Timestamp,Price,Size
2024-09-18 12:04:00.020000,416.1135445128984,1005
2024-09-18 12:04:00.043000,416.1045438745159,97
2024-09-18 12:04:00.103000,416.1648746708482,104
2024-09-18 12:04:00.117000,416.1244790162331,996
2024-09-18 12:04:00.159000,416.06164254668727,996
2024-09-18 12:04:00.174000,416.1098567140954,9
2024-09-18 12:04:00.199000,416.11743680252783,1000
2024-09-18 12:04:00.254000,416.1258855127484,1000
2024-09-18 12:04:00.276000,416.10876063255046,99
2024-09-18 12:04:00.306000,416.0801233214026,997
2024-09-18 12:04:00.340000,416.114079228548,95
2024-09-18 12:04:00.371000,416.0970516759148,1002
2024-09-18 12:04:00.390000,416.0662374701697,7
2024-09-18 12:04:00.400000,416.16923620008697,9
2024-09-18 12:04:00.408000,416.1493636657528,12
2024-09-18 12:04:00.434000,416.1639777610954,105
2024-09-18 12:04:00.453000,416.1004721614213,8
2024-09-18 12:04:00.491000,416.1333805939115,6
2024-09-18 12:04:00.550000,416.1720215496395,10
2024-09-18 12:04:00.627000,416.12745317356297,998
2024-09-18 12:04:00.819000,416.1221494035875,14
2024-09-18 12:04:00.835000,416.1283876436749,13
2024-09-18 12:04:00.837000,416.0651608652785,96
2024-09-18 12:04:00.923000,416.074164608161,98
2024-09-18 12:04:00.947000,416.08391957238246,101
2024-09-18 12:04:00.992000,416.1444093040532,1003
2024-09-18 12:04:01.071000,416.08050034715296,102
2024-09-18 12:04:01.086000,416.1281948870446,9
2024-09-18 12:04:01.125000,416.10191296139135,1004
2024-09-18 12:04:01.125000,416.1408842394285,102
2024-09-18 12:04:01.301000,416.1306790601441,10
2024-09-18 12:04:01.408000,416.14757793930494,11
2024-09-18 12:04:01.668000,416.08598856945855,5
2024-09-18 12:04:01.784000,416.0956601019343,99
2024-09-18 12:04:01.818000,416.1417912307896,999
2024-09-18 12:04:01.831000,416.0953042473568,998
2024-09-18 12:04:01.849000,416.0724376521107,13
2024-09-18 12:04:02.116000,416.1184654341753,102
2024-09-18 12:04:02.127000,416.09015767271217,11
2024-09-18 12:04:02.264000,416.1182489254102,15
2024-09-18 12:04:02.312000,416.1194691090152,8
2024-09-18 12:04:02.397000,416.0895858371895,102
2024-09-18 12:04:02.452000,416.08459632044224,998
2024-09-18 12:04:02.478000,416.1093124985993,995
2024-09-18 12:04:02.485000,416.1275108638997,97
2024-09-18 12:04:02.486000,416.1079243589592,1003
2024-09-18 12:04:02.495000,416.066876235606,999
2024-09-18 12:04:02.523000,416.0885938275204,14
2024-09-18 12:04:02.535000,416.1180010153949,12
2024-09-18 12:04:02.574000,416.0893821192116,995
2024-09-18 12:04:02.614000,416.1191662647299,9
2024-09-18 12:04:02.620000,416.09968888225967,102
2024-09-18 12:04:02.621000,416.09975228065696,103
2024-09-18 12:04:02.621000,416.0929724929013,997
2024-09-18 12:04:02.628000,416.09939195542415,1001
2024-09-18 12:04:02.684000,416.0891432256955,997
2024-09-18 12:04:02.699000,416.0954380594456,95
2024-09-18 12:04:02.876000,416.089934241748,1000
2024-09-18 12:04:02.952000,416.07778718114525,104
2024-09-18 12:04:03.006000,416.2099891141489,1000
2024-09-18 12:04:03.021000,416.2124940581404,1003
2024-09-18 12:04:03.152000,416.1221550467193,104
2024-09-18 12:04:03.163000,416.1548460279601,13
2024-09-18 12:04:03.203000,416.1805656197994,14
2024-09-18 12:04:03.232000,416.11752686843965,104
2024-09-18 12:04:03.260000,416.0949684775821,102
2024-09-18 12:04:03.267000,416.09982925684295,1003
2024-09-18 12:04:03.277000,416.10312905108447,1000
2024-09-18 12:04:03.442000,416.2171859022856,5
2024-09-18 12:04:03.675000,416.1322946210714,995
2024-09-18 12:04:03.725000,416.1386632326714,8
2024-09-18 12:04:03.760000,416.1509839579274,11
2024-09-18 12:04:03.813000,416.1469189128336,14
2024-09-18 12:04:03.894000,416.1601492604856,1004
2024-09-18 12:04:03.972000,416.1632868231775,8
2024-09-18 12:04:04.042000,416.21600869966267,101
2024-09-18 12:04:04.044000,416.2116736945558,9
2024-09-18 12:04:04.139000,416.2227907547767,13
2024-09-18 12:04:04.232000,416.22905506847246,97
2024-09-18 12:04:04.382000,416.2318171504211,997
2024-09-18 12:04:04.486000,416.19877145253264,1002
2024-09-18 12:04:04.570000,416.2086669509775,101
2024-09-18 12:04:04.593000,416.2190638297874,13
2024-09-18 12:04:04.660000,416.21857245513456,995
2024-09-18 12:04:04.667000,416.2032209677304,1000
2024-09-18 12:04:04.744000,416.23191783144506,13
2024-09-18 12:04:05.336000,416.22105318386696,1001
2024-09-18 12:04:05.420000,416.24821828522937,14
2024-09-18 12:04:05.463000,416.2359233718001,101
2024-09-18 12:04:05.594000,416.2376699472137,1002
2024-09-18 12:04:05.708000,416.225882714634,97
2024-09-18 12:04:05.819000,416.2308154258164,12
2024-09-18 12:04:06.007000,416.2249539776471,1001
2024-09-18 12:04:06.132000,416.2561454565999,99
2024-09-18 12:04:06.175000,416.2363604436986,999
2024-09-18 12:04:06.180000,416.2704551615163,1004
2024-09-18 12:04:06.208000,416.2465534487122,996
2024-09-18 12:04:06.236000,416.263273463226,997
2024-09-18 12:04:06.252000,416.2478092401543,101
2024-09-18 12:04:06.267000,416.1947656740389,1002
2024-09-18 12:04:06.284000,416.28838239311415,7
2024-09-18 12:04:06.287000,416.2766103450694,95
2024-09-18 12:04:06.310000,416.2649825454056,100
2024-09-18 12:04:06.337000,416.2591446817984,97
2024-09-18 12:04:06.375000,416.2527869280198,95
2024-09-18 12:04:06.377000,416.2704175688872,99
2024-09-18 12:04:06.381000,416.2076927287055,997
2024-09-18 12:04:06.392000,416.226267344138,98
2024-09-18 12:04:06.477000,416.2832701253872,8
2024-09-18 12:04:06.692000,416.21280147302446,100
2024-09-18 12:04:06.699000,416.2520105357828,98
2024-09-18 12:04:06.743000,416.2413299881952,10
2024-09-18 12:04:06.821000,416.2845885193203,97
2024-09-18 12:04:06.845000,416.267499063365,10
2024-09-18 12:04:06.901000,416.2465256882689,103
2024-09-18 12:04:06.911000,416.21559634284665,14
2024-09-18 12:04:06.922000,416.2633256506348,1001
2024-09-18 12:04:06.933000,416.2480545138174,105
2024-09-18 12:04:06.945000,416.2521079136673,5
2024-09-18 12:04:06.966000,416.24917941307547,100
2024-09-18 12:04:07.019000,416.189568890485,102
2024-09-18 12:04:07.032000,416.1838993457726,101
2024-09-18 12:04:07.054000,416.2120569824581,1001
2024-09-18 12:04:07.058000,416.2446478001793,1002
2024-09-18 12:04:07.085000,416.2183179527457,5
2024-09-18 12:04:07.231000,416.2041913595483,9
2024-09-18 12:04:07.338000,416.1724227001425,99
2024-09-18 12:04:07.408000,416.1906167524947,5
2024-09-18 12:04:07.445000,416.158802860026,10
2024-09-18 12:04:07.596000,416.1959189292957,96
2024-09-18 12:04:07.613000,416.2055889065569,1001
2024-09-18 12:04:07.705000,416.1638147309012,104
2024-09-18 12:04:07.764000,416.19433372748,5
2024-09-18 12:04:07.781000,416.1808044906515,998
2024-09-18 12:04:07.785000,416.20346940078736,1001
2024-09-18 12:04:07.787000,416.20486265025977,105
2024-09-18 12:04:07.821000,416.199682141527,8
2024-09-18 12:04:07.856000,416.1901618136162,99
2024-09-18 12:04:07.866000,416.2364636386724,1004
2024-09-18 12:04:07.888000,416.2016636968016,996
2024-09-18 12:04:07.888000,416.2014206387871,97
2024-09-18 12:04:07.904000,416.19455295151977,102
2024-09-18 12:04:07.935000,416.1948355333117,11
2024-09-18 12:04:08.056000,416.22481405820577,995
2024-09-18 12:04:08.142000,416.2444697253741,99
2024-09-18 12:04:08.177000,416.2426188685592,101
2024-09-18 12:04:08.241000,416.2114461406972,96
2024-09-18 12:04:08.370000,416.2294016160489,15
2024-09-18 12:04:08.578000,416.2228547361088,98
2024-09-18 12:04:09.055000,416.2297863064703,10
2024-09-18 12:04:09.070000,416.1954805973846,6
2024-09-18 12:04:09.090000,416.2434465729184,101
2024-09-18 12:04:09.213000,416.2098851371263,1002
2024-09-18 12:04:09.217000,416.17716296510247,15
2024-09-18 12:04:09.221000,416.23976633568685,103
2024-09-18 12:04:09.365000,416.1918573055347,102
2024-09-18 12:04:09.421000,416.2447650820592,103
2024-09-18 12:04:09.452000,416.250081076539,100
2024-09-18 12:04:09.497000,416.1910636518808,7
2024-09-18 12:04:09.503000,416.18095585836966,104
2024-09-18 12:04:09.506000,416.2075201320539,1002
2024-09-18 12:04:09.618000,416.2251566594911,996
2024-09-18 12:04:09.618000,416.2373031061878,1002
2024-09-18 12:04:09.645000,416.233750119157,102
2024-09-18 12:04:09.650000,416.259698842578,996
2024-09-18 12:04:09.674000,416.2018826260375,6
2024-09-18 12:04:09.717000,416.2567950028293,96
2024-09-18 12:04:09.810000,416.24147695038255,104
2024-09-18 12:04:09.852000,416.2771556899849,1005
2024-09-18 12:04:09.857000,416.2139490503723,15
2024-09-18 12:04:09.875000,416.2452231536268,96
2024-09-18 12:04:09.894000,416.26196049419104,996
2024-09-18 12:04:09.943000,416.2672494805359,104
2024-09-18 12:04:09.948000,416.1869459121032,11
2024-09-18 12:04:09.950000,416.1975802174813,996
2024-09-18 12:04:09.986000,416.1948438720175,99
2024-09-18 12:04:09.995000,416.1794553233207,103
2024-09-18 12:04:10.004000,416.28515056814,999
2024-09-18 12:04:10.084000,416.2735741847322,6
2024-09-18 12:04:10.088000,416.2416411349436,102
2024-09-18 12:04:10.157000,416.19242780177626,5
2024-09-18 12:04:10.191000,416.2605065653429,105
2024-09-18 12:04:10.211000,416.2002073668595,104
2024-09-18 12:04:10.255000,416.2220294304695,100
2024-09-18 12:04:10.275000,416.27641629721313,999
2024-09-18 12:04:10.281000,416.18639202693726,5
2024-09-18 12:04:10.322000,416.2745136315266,1004
2024-09-18 12:04:10.331000,416.2278514095567,995
2024-09-18 12:04:10.355000,416.2640562341271,95
2024-09-18 12:04:10.417000,416.2317897299717,1003
2024-09-18 12:04:10.465000,416.228702914208,1002
2024-09-18 12:04:10.471000,416.2990620402747,105
2024-09-18 12:04:10.478000,416.2354100720357,999
2024-09-18 12:04:10.529000,416.20675163448976,995
2024-09-18 12:04:10.582000,416.25376577639975,997
2024-09-18 12:04:10.635000,416.2229918547051,1001
2024-09-18 12:04:10.640000,416.2113261350671,1002
2024-09-18 12:04:10.640000,416.2333830638258,101
2024-09-18 12:04:10.646000,416.2240621037492,6
2024-09-18 12:04:10.680000,416.2459669836731,13
2024-09-18 12:04:10.760000,416.18288172136033,13
2024-09-18 12:04:10.764000,416.24592001871656,101
2024-09-18 12:04:10.775000,416.2515002365435,996
2024-09-18 12:04:10.849000,416.2322782779429,11
2024-09-18 12:04:11.012000,416.3194482787807,1004
2024-09-18 12:04:11.110000,416.3526860709228,104
2024-09-18 12:04:11.147000,416.3044698582093,1001
2024-09-18 12:04:11.157000,416.3178040822947,1005
2024-09-18 12:04:11.242000,416.3128635908386,103
2024-09-18 12:04:11.337000,416.3180419347145,6
2024-09-18 12:04:11.425000,416.3267052029082,12
2024-09-18 12:04:11.426000,416.3360552613038,14
2024-09-18 12:04:11.464000,416.285211170752,103
2024-09-18 12:04:11.565000,416.34516442195473,997
2024-09-18 12:04:11.576000,416.3309740122644,11
2024-09-18 12:04:11.654000,416.2952636750392,101
2024-09-18 12:04:11.701000,416.34815314468,95
2024-09-18 12:04:11.733000,416.3268155007303,99
2024-09-18 12:04:11.835000,416.3156982762612,9
2024-09-18 12:04:11.887000,416.28340881436384,97
2024-09-18 12:04:11.956000,416.3258079215594,101
2024-09-18 12:04:11.972000,416.2957530631854,1004
2024-09-18 12:04:11.977000,416.34978886858994,103
2024-09-18 12:04:12.171000,416.3600657326656,7
2024-09-18 12:04:12.194000,416.3503076804189,95
2024-09-18 12:04:12.240000,416.3455741169257,1001
2024-09-18 12:04:12.356000,416.367596859292,998
2024-09-18 12:04:12.358000,416.3153796567876,97
2024-09-18 12:04:12.364000,416.3095983572092,14
2024-09-18 12:04:12.389000,416.3421354978732,9
2024-09-18 12:04:12.394000,416.33518454528615,97
2024-09-18 12:04:12.399000,416.32449490149054,11
2024-09-18 12:04:12.411000,416.3530912900603,1005
2024-09-18 12:04:12.481000,416.3669820242212,101
2024-09-18 12:04:12.493000,416.3292230630272,101
2024-09-18 12:04:12.495000,416.3297195989928,9
2024-09-18 12:04:12.515000,416.335721601286,1003
2024-09-18 12:04:12.561000,416.32851215179954,10
2024-09-18 12:04:12.607000,416.3628842284965,14
2024-09-18 12:04:12.608000,416.3456682958529,95
2024-09-18 12:04:12.670000,416.321445982742,1000
2024-09-18 12:04:12.702000,416.3334415063533,1003
2024-09-18 12:04:12.732000,416.3528609817212,1003
2024-09-18 12:04:12.736000,416.357854170829,1000
2024-09-18 12:04:12.742000,416.3466965031103,100
2024-09-18 12:04:12.792000,416.3660802258751,1005
2024-09-18 12:04:12.859000,416.3468573629969,14
2024-09-18 12:04:12.865000,416.3613508097497,14
2024-09-18 12:04:12.906000,416.3491367180389,102
2024-09-18 12:04:12.977000,416.3071146791118,14
2024-09-18 12:04:13.034000,416.402879215187,102
2024-09-18 12:04:13.047000,416.3670052256362,13
2024-09-18 12:04:13.072000,416.3955759833505,1000
2024-09-18 12:04:13.072000,416.3949910083597,1000
2024-09-18 12:04:13.137000,416.4184492381801,1003
2024-09-18 12:04:13.142000,416.40434683391,105
2024-09-18 12:04:13.188000,416.3934088790504,96
2024-09-18 12:04:13.365000,416.40379537959967,1002
2024-09-18 12:04:13.395000,416.39687215710666,99
2024-09-18 12:04:13.396000,416.3984059520327,7
2024-09-18 12:04:13.411000,416.4027831144814,95
2024-09-18 12:04:13.426000,416.40407467274525,1000
2024-09-18 12:04:13.426000,416.3930986745994,105
2024-09-18 12:04:13.625000,416.394385451948,6
2024-09-18 12:04:13.662000,416.3993683690048,105
2024-09-18 12:04:13.668000,416.40559441712816,998
2024-09-18 12:04:13.740000,416.4097548792512,104
2024-09-18 12:04:13.756000,416.3995215748432,6
2024-09-18 12:04:13.756000,416.4101867690033,1002
2024-09-18 12:04:13.863000,416.4052811314102,7
2024-09-18 12:04:13.989000,416.3981183911396,12
2024-09-18 12:04:13.995000,416.3859146401617,95
2024-09-18 12:04:14.192000,416.4016097384272,995
2024-09-18 12:04:14.288000,416.4028852193852,100
2024-09-18 12:04:14.319000,416.3880206013781,997
2024-09-18 12:04:14.462000,416.40097303731,100
2024-09-18 12:04:14.529000,416.4072639269384,5
2024-09-18 12:04:14.594000,416.4163257532183,999
2024-09-18 12:04:14.649000,416.3778016171127,104
2024-09-18 12:04:14.718000,416.4000066820438,12
2024-09-18 12:04:14.925000,416.4073817456789,7
2024-09-18 12:04:15.098000,416.3895767664529,15
2024-09-18 12:04:15.141000,416.4043465249557,999
2024-09-18 12:04:15.164000,416.38490782666224,14
2024-09-18 12:04:15.270000,416.3280608895276,995
2024-09-18 12:04:15.284000,416.3644996145696,1002
2024-09-18 12:04:15.360000,416.3425526492456,1004
2024-09-18 12:04:15.373000,416.39985286417055,103
2024-09-18 12:04:15.416000,416.357912304017,103
2024-09-18 12:04:15.499000,416.3795619959653,996
2024-09-18 12:04:15.597000,416.372082788162,96
2024-09-18 12:04:15.659000,416.3709663917531,12
2024-09-18 12:04:15.798000,416.3274899380072,996
2024-09-18 12:04:15.812000,416.31379117621776,100
2024-09-18 12:04:15.924000,416.38273855596975,12
2024-09-18 12:04:15.995000,416.381767223208,1004
2024-09-18 12:04:16.006000,416.304423461367,104
2024-09-18 12:04:16.038000,416.2928855345888,14
2024-09-18 12:04:16.229000,416.30220464352,13
2024-09-18 12:04:16.503000,416.3069591245931,5
2024-09-18 12:04:16.768000,416.303289150554,1005
2024-09-18 12:04:16.861000,416.3201452903239,98
2024-09-18 12:04:16.893000,416.3229079077533,8
2024-09-18 12:04:16.905000,416.30578157916426,8
2024-09-18 12:04:17.018000,416.3362860280541,12
2024-09-18 12:04:17.091000,416.3988404390912,999
2024-09-18 12:04:17.157000,416.3794011875864,997
2024-09-18 12:04:17.216000,416.3945997282556,1000
2024-09-18 12:04:17.240000,416.3553347542048,996
2024-09-18 12:04:17.396000,416.42493815853305,103
2024-09-18 12:04:17.404000,416.39653987868456,8
2024-09-18 12:04:17.421000,416.396421597164,100
2024-09-18 12:04:17.711000,416.3801393210351,100
2024-09-18 12:04:17.810000,416.4215096246023,1002
2024-09-18 12:04:17.823000,416.3623453763042,1001
2024-09-18 12:04:17.842000,416.40107947099295,15
2024-09-18 12:04:17.855000,416.3286733303042,999
2024-09-18 12:04:17.866000,416.39939095452,99
2024-09-18 12:04:17.876000,416.3961282386426,1003
2024-09-18 12:04:18.753000,416.4203214896589,96
2024-09-18 12:04:19.021000,416.3256917324742,1002
2024-09-18 12:04:19.029000,416.36006819404287,7
2024-09-18 12:04:19.056000,416.4090545098179,9
2024-09-18 12:04:19.224000,416.4131388651411,996
2024-09-18 12:04:19.228000,416.36918073634473,9
2024-09-18 12:04:19.279000,416.4027069388347,97
2024-09-18 12:04:19.283000,416.4230089674113,1004
2024-09-18 12:04:19.329000,416.3647818344211,103
2024-09-18 12:04:19.337000,416.4073183116938,101
2024-09-18 12:04:19.408000,416.3863871043559,5
2024-09-18 12:04:19.531000,416.3667282884724,97
2024-09-18 12:04:19.569000,416.3324480974716,1003
2024-09-18 12:04:19.618000,416.3424414281368,8
2024-09-18 12:04:19.679000,416.4015299005064,13
2024-09-18 12:04:19.698000,416.4061271081349,11
2024-09-18 12:04:19.714000,416.3589872907686,1004
2024-09-18 12:04:19.749000,416.4028627083396,102
2024-09-18 12:04:19.777000,416.4189567548228,13
2024-09-18 12:04:19.825000,416.4132589629671,996
2024-09-18 12:04:19.867000,416.41887784950654,101
2024-09-18 12:04:19.940000,416.41416607087007,1001
2024-09-18 12:04:19.973000,416.3339120578305,1002
2024-09-18 12:04:19.992000,416.3838297619935,99
2024-09-18 12:04:20.339000,416.3659873713023,8
2024-09-18 12:04:21.003000,416.3740439595879,103
2024-09-18 12:04:21.091000,416.3935334988106,13
2024-09-18 12:04:21.400000,416.3806272280556,13
2024-09-18 12:04:21.401000,416.404789005439,97
2024-09-18 12:04:21.548000,416.3745183013378,102
2024-09-18 12:04:21.585000,416.379249122522,14
2024-09-18 12:04:21.646000,416.37031761080425,105
2024-09-18 12:04:21.647000,416.35839256665327,97
2024-09-18 12:04:21.647000,416.3731050103581,104
2024-09-18 12:04:21.680000,416.4033326398661,13
2024-09-18 12:04:21.737000,416.3874657248764,98
2024-09-18 12:04:21.740000,416.36814134537656,995
2024-09-18 12:04:21.810000,416.3869145633249,998
2024-09-18 12:04:21.857000,416.3984386855637,1000
2024-09-18 12:04:21.966000,416.3999973682773,1000
2024-09-18 12:04:21.986000,416.3630113861804,1003
2024-09-18 12:04:21.991000,416.4139131031366,995
2024-09-18 12:04:22.350000,416.3584068951483,97
2024-09-18 12:04:22.402000,416.3614508131332,11
2024-09-18 12:04:22.495000,416.3555216927443,102
2024-09-18 12:04:22.748000,416.37026701196334,1002
2024-09-18 12:04:23.150000,416.3315882682154,15
2024-09-18 12:04:23.171000,416.35865506578847,97
2024-09-18 12:04:23.217000,416.3664240606047,997
2024-09-18 12:04:23.297000,416.34461685995575,1005
2024-09-18 12:04:23.324000,416.372928241584,7
2024-09-18 12:04:23.408000,416.3317516203227,99
2024-09-18 12:04:23.468000,416.3545695249816,1004
2024-09-18 12:04:23.740000,416.38577742731553,102
2024-09-18 12:04:23.786000,416.33994977670494,14
2024-09-18 12:04:23.833000,416.3352445505657,997
2024-09-18 12:04:23.858000,416.326815065055,6
2024-09-18 12:04:24.088000,416.3757258705073,1005
2024-09-18 12:04:24.159000,416.397111769236,95
2024-09-18 12:04:24.166000,416.37157536039024,1004
2024-09-18 12:04:24.171000,416.392750189384,9
2024-09-18 12:04:24.176000,416.4095550589614,103
2024-09-18 12:04:24.222000,416.37822870283554,103
2024-09-18 12:04:24.236000,416.3863665955678,1005
2024-09-18 12:04:24.243000,416.3970825273058,1004
2024-09-18 12:04:24.248000,416.3683025047313,999
2024-09-18 12:04:24.290000,416.3953146481699,5
2024-09-18 12:04:24.314000,416.3906970403084,1004
2024-09-18 12:04:24.386000,416.3945992516848,14
2024-09-18 12:04:24.403000,416.382715142939,15
2024-09-18 12:04:24.434000,416.4044433904717,101
2024-09-18 12:04:24.459000,416.397846467385,95
2024-09-18 12:04:24.467000,416.3969484867324,14
2024-09-18 12:04:24.545000,416.4060538751564,97
2024-09-18 12:04:24.554000,416.4075915875951,8
2024-09-18 12:04:24.598000,416.40363665830137,6
2024-09-18 12:04:24.616000,416.3920131565427,104
2024-09-18 12:04:24.672000,416.32561652519047,1002
2024-09-18 12:04:24.755000,416.373954632813,95
2024-09-18 12:04:24.903000,416.37225045029294,998
2024-09-18 12:04:24.906000,416.3930043124248,998
2024-09-18 12:04:24.916000,416.36097629536897,7
2024-09-18 12:04:24.922000,416.3338488906778,9
2024-09-18 12:04:24.946000,416.38458734307846,12
2024-09-18 12:04:25.050000,416.3999423476262,1002
2024-09-18 12:04:25.347000,416.41948082816185,8
2024-09-18 12:04:25.519000,416.3930458664972,98
2024-09-18 12:04:25.586000,416.4108445952494,102
2024-09-18 12:04:25.702000,416.4082514010073,7
2024-09-18 12:04:25.737000,416.4336809971489,99
2024-09-18 12:04:25.909000,416.4074284253887,96
2024-09-18 12:04:26.063000,416.3992133740251,1005
2024-09-18 12:04:26.234000,416.41558186157687,95
2024-09-18 12:04:26.248000,416.3524651135156,1000
2024-09-18 12:04:26.336000,416.3491906314273,105
2024-09-18 12:04:26.819000,416.3668134972482,15
2024-09-18 12:04:27.004000,416.3758582174895,8
2024-09-18 12:04:27.144000,416.3875306006588,102
2024-09-18 12:04:27.198000,416.423086639402,996
2024-09-18 12:04:27.226000,416.4247001203276,996
2024-09-18 12:04:27.253000,416.4108238406354,104
2024-09-18 12:04:27.267000,416.41740353176,95
2024-09-18 12:04:27.277000,416.4271578385468,1004
2024-09-18 12:04:27.279000,416.34867138192885,998
2024-09-18 12:04:27.283000,416.35350742662666,1004
2024-09-18 12:04:27.284000,416.4162070223943,7
2024-09-18 12:04:27.338000,416.4207308707559,97
2024-09-18 12:04:27.363000,416.3606854875762,101
2024-09-18 12:04:27.403000,416.4360517151654,998
2024-09-18 12:04:27.473000,416.3621061398956,998
2024-09-18 12:04:27.536000,416.3433218094414,100
2024-09-18 12:04:27.541000,416.3559716247681,998
2024-09-18 12:04:27.553000,416.40828574452337,14
2024-09-18 12:04:27.611000,416.43083781499774,102
2024-09-18 12:04:27.614000,416.4238165786647,13
2024-09-18 12:04:27.624000,416.43582096931743,996
2024-09-18 12:04:27.672000,416.43249235628616,98
2024-09-18 12:04:27.677000,416.4237283023072,98
2024-09-18 12:04:27.745000,416.39485057917017,96
2024-09-18 12:04:27.790000,416.432856430021,104
2024-09-18 12:04:27.837000,416.4174501231769,995
2024-09-18 12:04:27.871000,416.3985554926911,999
2024-09-18 12:04:27.955000,416.3812748008896,998
2024-09-18 12:04:28.056000,416.4560601166356,97
2024-09-18 12:04:28.065000,416.45977844951983,9
2024-09-18 12:04:28.533000,416.4813827061644,8
2024-09-18 12:04:28.730000,416.4803392030316,9
2024-09-18 12:04:28.753000,416.4721833110136,8
2024-09-18 12:04:28.797000,416.4500162571043,1004
2024-09-18 12:04:28.816000,416.4814590517728,998
2024-09-18 12:04:29.250000,416.4986327919307,10
2024-09-18 12:04:29.261000,416.4778202955792,101
2024-09-18 12:04:29.349000,416.497508438662,100
2024-09-18 12:04:29.685000,416.4646204160573,999
2024-09-18 12:04:29.716000,416.47248545348106,101
2024-09-18 12:04:30.034000,416.4547126990252,96
2024-09-18 12:04:30.110000,416.4656099952391,98
2024-09-18 12:04:30.175000,416.4662691742726,98
2024-09-18 12:04:30.236000,416.4828292148387,101
2024-09-18 12:04:30.284000,416.4759598289434,97
2024-09-18 12:04:30.345000,416.4707613314722,14
2024-09-18 12:04:30.356000,416.477368987194,1004
2024-09-18 12:04:30.422000,416.4939030223695,6
2024-09-18 12:04:30.440000,416.5029684640006,104
2024-09-18 12:04:30.453000,416.4889497518472,14
2024-09-18 12:04:30.465000,416.4754589960447,997
2024-09-18 12:04:30.470000,416.47586799644273,7
2024-09-18 12:04:30.535000,416.4555172236391,1001
2024-09-18 12:04:30.674000,416.4927726361784,999
2024-09-18 12:04:30.737000,416.4541250179211,15
2024-09-18 12:04:30.758000,416.4712337436675,1003
2024-09-18 12:04:30.834000,416.4356982699956,1005
2024-09-18 12:04:30.863000,416.47809613876063,1003
2024-09-18 12:04:30.907000,416.4686851180209,97
2024-09-18 12:04:31.041000,416.4332085886082,6
2024-09-18 12:04:31.265000,416.4099960514814,1004
2024-09-18 12:04:31.265000,416.43425353511,10
2024-09-18 12:04:31.270000,416.4334529661431,14
2024-09-18 12:04:31.376000,416.437685797725,1003
2024-09-18 12:04:31.405000,416.4046183370447,8
2024-09-18 12:04:31.411000,416.3970110110196,105
2024-09-18 12:04:31.437000,416.4100063690656,5
2024-09-18 12:04:31.557000,416.44683598318494,5
2024-09-18 12:04:31.572000,416.4153351794962,100
2024-09-18 12:04:31.661000,416.3918549564003,103
2024-09-18 12:04:31.683000,416.40186007495697,1004
2024-09-18 12:04:31.721000,416.4442179010304,1001
2024-09-18 12:04:31.724000,416.4150063475162,10
2024-09-18 12:04:31.817000,416.407420356837,102
2024-09-18 12:04:31.883000,416.4509034461109,102
2024-09-18 12:04:32.012000,416.37490955433583,99
2024-09-18 12:04:32.467000,416.39087414874274,101
2024-09-18 12:04:32.723000,416.3763059067588,15
2024-09-18 12:04:32.772000,416.3801510926576,101
2024-09-18 12:04:32.783000,416.3798707797468,97
2024-09-18 12:04:32.885000,416.3698052072601,6
2024-09-18 12:04:32.912000,416.3813682944557,9
2024-09-18 12:04:33.565000,416.3922677037929,12
2024-09-18 12:04:33.972000,416.38326087023086,95
2024-09-18 12:04:34.027000,416.413570907822,103
2024-09-18 12:04:34.328000,416.4264236979426,1002
2024-09-18 12:04:34.332000,416.41188069092095,13
2024-09-18 12:04:34.425000,416.4196386950129,98
2024-09-18 12:04:34.542000,416.4178541925645,1000
2024-09-18 12:04:34.651000,416.4170187421685,103
2024-09-18 12:04:34.670000,416.4010262847101,1002
2024-09-18 12:04:34.680000,416.42626160080016,999
2024-09-18 12:04:34.804000,416.4280978566754,95
2024-09-18 12:04:34.888000,416.4136551177455,97
2024-09-18 12:04:34.951000,416.3942560955651,102
2024-09-18 12:04:35.111000,416.43256822650335,1001
2024-09-18 12:04:35.133000,416.3930938763212,1004
2024-09-18 12:04:35.214000,416.41839963234895,996
2024-09-18 12:04:35.221000,416.3945695413371,7
2024-09-18 12:04:35.326000,416.4205859987284,105
2024-09-18 12:04:35.356000,416.4305584753106,996
2024-09-18 12:04:35.504000,416.4270946554668,99
2024-09-18 12:04:35.516000,416.4232778374896,5
2024-09-18 12:04:35.538000,416.4147166542363,104
2024-09-18 12:04:35.552000,416.4175157643933,15
2024-09-18 12:04:35.675000,416.4097542674799,7
2024-09-18 12:04:35.918000,416.4179778899152,100
2024-09-18 12:04:36.098000,416.3421195036832,96
2024-09-18 12:04:36.099000,416.4012201835303,5
2024-09-18 12:04:36.126000,416.4126047710349,6
2024-09-18 12:04:36.191000,416.41056733980736,1005
2024-09-18 12:04:36.194000,416.37203006008895,10
2024-09-18 12:04:36.427000,416.3674314920465,9
2024-09-18 12:04:36.429000,416.3580261701506,1001
2024-09-18 12:04:36.550000,416.35175340803664,997
2024-09-18 12:04:36.583000,416.401557884219,1005
2024-09-18 12:04:36.587000,416.3881194566365,999
2024-09-18 12:04:36.609000,416.3848529759556,1001
2024-09-18 12:04:36.636000,416.4159550959407,998
2024-09-18 12:04:36.659000,416.3632343342253,101
2024-09-18 12:04:36.773000,416.3825551977628,104
2024-09-18 12:04:36.872000,416.3724044287492,95
2024-09-18 12:04:36.935000,416.4203263278264,1004
2024-09-18 12:04:36.969000,416.3570665432673,11
2024-09-18 12:04:37.005000,416.3265041879327,96
2024-09-18 12:04:37.079000,416.4043971387064,1004
2024-09-18 12:04:37.109000,416.39818137268304,6
2024-09-18 12:04:37.212000,416.3490430288484,97
2024-09-18 12:04:37.224000,416.3384875738348,10
2024-09-18 12:04:37.257000,416.3621929459759,996
2024-09-18 12:04:37.267000,416.363558849948,1005
2024-09-18 12:04:37.472000,416.3414041248411,1002
2024-09-18 12:04:37.499000,416.36435856040725,999
2024-09-18 12:04:37.572000,416.3587968991453,7
2024-09-18 12:04:37.631000,416.3594751379069,8
2024-09-18 12:04:37.725000,416.3669166386776,9
2024-09-18 12:04:37.757000,416.3198915028528,1000
2024-09-18 12:04:37.790000,416.3603372867896,999
2024-09-18 12:04:37.797000,416.3697971652774,997
2024-09-18 12:04:37.843000,416.3589941727441,995
2024-09-18 12:04:37.894000,416.322012913113,996
2024-09-18 12:04:37.913000,416.3976190229266,105
2024-09-18 12:04:37.947000,416.39635225704416,95
2024-09-18 12:04:37.956000,416.3764276217645,996
2024-09-18 12:04:37.971000,416.32525990074015,1005
2024-09-18 12:04:37.993000,416.34491400555913,104
2024-09-18 12:04:38.181000,416.4414612718018,105
2024-09-18 12:04:38.272000,416.42918768525,11
2024-09-18 12:04:38.410000,416.43216499037015,15
2024-09-18 12:04:38.435000,416.4298022899061,101
2024-09-18 12:04:38.549000,416.432884724538,1003
2024-09-18 12:04:38.565000,416.4137389793413,13
2024-09-18 12:04:38.666000,416.42528659881873,96
2024-09-18 12:04:38.744000,416.4202453407028,11
2024-09-18 12:04:38.745000,416.40691803681,103
2024-09-18 12:04:38.916000,416.4568734544167,6
2024-09-18 12:04:39.194000,416.43937422092097,6
2024-09-18 12:04:40.143000,416.42416146335967,1002
2024-09-18 12:04:40.160000,416.4203766582348,99
2024-09-18 12:04:40.305000,416.3872595565888,998
2024-09-18 12:04:40.429000,416.3946789326489,95
2024-09-18 12:04:40.437000,416.38449953394417,98
2024-09-18 12:04:40.448000,416.39853682138687,6
2024-09-18 12:04:40.451000,416.42399308922296,104
2024-09-18 12:04:40.588000,416.38697891954206,100
2024-09-18 12:04:40.648000,416.4252923953648,1005
2024-09-18 12:04:40.724000,416.37075668265066,1000
2024-09-18 12:04:40.765000,416.4283841074055,995
2024-09-18 12:04:40.990000,416.4425215895213,1005
2024-09-18 12:04:41.014000,416.3355333392545,9
2024-09-18 12:04:41.031000,416.3637843911303,12
2024-09-18 12:04:41.040000,416.3664108823134,5
2024-09-18 12:04:41.055000,416.3533249586086,999
2024-09-18 12:04:41.069000,416.3686026258858,103
2024-09-18 12:04:41.132000,416.3443516056618,999
2024-09-18 12:04:41.139000,416.3534741620167,999
2024-09-18 12:04:41.175000,416.3514596941855,98
2024-09-18 12:04:41.195000,416.3471673573263,995
2024-09-18 12:04:41.195000,416.36809389466526,103
2024-09-18 12:04:41.247000,416.3598746622234,12
2024-09-18 12:04:41.247000,416.38580220742784,998
2024-09-18 12:04:41.278000,416.3501465246095,996
2024-09-18 12:04:41.346000,416.3555813630602,999
2024-09-18 12:04:41.354000,416.3521558191776,15
2024-09-18 12:04:41.407000,416.3576985773368,96
2024-09-18 12:04:41.412000,416.3619162009354,9
2024-09-18 12:04:41.416000,416.3555773233732,997
2024-09-18 12:04:41.417000,416.3311301610729,998
2024-09-18 12:04:41.594000,416.3567246553339,13
2024-09-18 12:04:41.600000,416.3528481043777,8
2024-09-18 12:04:41.609000,416.3665370060332,7
2024-09-18 12:04:41.617000,416.32768859751576,95
2024-09-18 12:04:41.631000,416.3465804754472,98
2024-09-18 12:04:41.718000,416.3356128478677,8
2024-09-18 12:04:41.724000,416.3428712353687,96
2024-09-18 12:04:41.802000,416.3460466714348,15
2024-09-18 12:04:41.931000,416.3579164774813,96
2024-09-18 12:04:41.946000,416.3354147380381,98
2024-09-18 12:04:41.947000,416.3335454608789,995
2024-09-18 12:04:43.013000,416.3508818108807,98
2024-09-18 12:04:43.046000,416.3546510651458,98
2024-09-18 12:04:43.072000,416.3109324567501,105
2024-09-18 12:04:43.095000,416.36760224048464,9
2024-09-18 12:04:43.192000,416.326438648532,103
2024-09-18 12:04:43.276000,416.3700149035191,101
2024-09-18 12:04:43.285000,416.33352837136295,10
2024-09-18 12:04:43.295000,416.3276861876553,15
2024-09-18 12:04:43.358000,416.38629220475457,9
2024-09-18 12:04:43.360000,416.3672703447288,8
2024-09-18 12:04:43.452000,416.342556965023,1004
2024-09-18 12:04:43.514000,416.3472316427077,103
2024-09-18 12:04:43.520000,416.3367750000491,104
2024-09-18 12:04:43.546000,416.3353054430767,995
2024-09-18 12:04:43.557000,416.3365374480324,103
2024-09-18 12:04:43.570000,416.3477147534,5
2024-09-18 12:04:43.634000,416.3499807842916,103
2024-09-18 12:04:43.653000,416.3366584829247,995
2024-09-18 12:04:43.801000,416.39328537788094,1004
2024-09-18 12:04:43.801000,416.3284862328279,1003
2024-09-18 12:04:43.815000,416.3635531750018,998
2024-09-18 12:04:43.853000,416.339463648825,998
2024-09-18 12:04:43.854000,416.3685418412084,996
2024-09-18 12:04:43.888000,416.3552172440055,8
2024-09-18 12:04:43.925000,416.34938562759567,14
2024-09-18 12:04:44.009000,416.3880973712141,997
2024-09-18 12:04:44.012000,416.3280380777184,95
2024-09-18 12:04:44.029000,416.3565864051888,6
2024-09-18 12:04:44.091000,416.3481233661374,1005
2024-09-18 12:04:44.117000,416.3352206507344,995
2024-09-18 12:04:44.135000,416.3635366897325,997
2024-09-18 12:04:44.143000,416.3950227666297,1004
2024-09-18 12:04:44.164000,416.3605371469346,97
2024-09-18 12:04:44.171000,416.3676584215739,12
2024-09-18 12:04:44.232000,416.3667241122597,1002
2024-09-18 12:04:44.258000,416.3569558176145,15
2024-09-18 12:04:44.282000,416.37970522048505,8
2024-09-18 12:04:44.293000,416.3642513292143,10
2024-09-18 12:04:44.297000,416.37582083788016,1002
2024-09-18 12:04:44.302000,416.3766409741868,14
2024-09-18 12:04:44.359000,416.36070282634535,99
2024-09-18 12:04:44.363000,416.361374782919,13
2024-09-18 12:04:44.382000,416.36230399827593,1002
2024-09-18 12:04:44.394000,416.3565584156132,1005
2024-09-18 12:04:44.398000,416.36588233488527,101
2024-09-18 12:04:44.425000,416.3835024376935,105
2024-09-18 12:04:44.547000,416.3675356857824,14
2024-09-18 12:04:44.580000,416.3645918628979,9
2024-09-18 12:04:44.590000,416.3629240970664,105
2024-09-18 12:04:44.684000,416.3707940220588,95
2024-09-18 12:04:44.705000,416.3888255518449,999
2024-09-18 12:04:44.726000,416.36316079321153,1005
2024-09-18 12:04:44.728000,416.3567169229913,100
2024-09-18 12:04:44.913000,416.3596860384724,5
2024-09-18 12:04:44.969000,416.36335353456144,10
2024-09-18 12:04:45.156000,416.3045255482914,995
2024-09-18 12:04:45.220000,416.3239790941519,96
2024-09-18 12:04:45.378000,416.3669327443368,97
2024-09-18 12:04:45.423000,416.3064025063685,999
2024-09-18 12:04:45.461000,416.3140463553044,1005
2024-09-18 12:04:45.476000,416.34024739621657,13
2024-09-18 12:04:45.596000,416.335619789608,97
2024-09-18 12:04:45.631000,416.3549053183028,9
2024-09-18 12:04:45.637000,416.3381553183413,105
2024-09-18 12:04:45.647000,416.30884718366127,105
2024-09-18 12:04:45.674000,416.35195925069706,1000
2024-09-18 12:04:45.681000,416.3520374887737,1004
2024-09-18 12:04:45.814000,416.3657710905454,1000
2024-09-18 12:04:46.020000,416.3624584664255,12
2024-09-18 12:04:46.035000,416.3738186247236,997
2024-09-18 12:04:46.052000,416.3625428105538,1005
2024-09-18 12:04:46.078000,416.34724396721,98
2024-09-18 12:04:46.093000,416.3110835368628,1004
2024-09-18 12:04:46.128000,416.31721847675146,103
2024-09-18 12:04:46.148000,416.3086167102543,13
2024-09-18 12:04:46.152000,416.3528723446456,15
2024-09-18 12:04:46.387000,416.32737294344895,1001
2024-09-18 12:04:46.437000,416.29666930637086,104
2024-09-18 12:04:46.454000,416.3146450855343,11
2024-09-18 12:04:46.490000,416.3443090433192,12
2024-09-18 12:04:46.492000,416.3494794813821,1005
2024-09-18 12:04:46.505000,416.36020910165024,99
2024-09-18 12:04:46.510000,416.3279248407573,995
2024-09-18 12:04:46.543000,416.3572151991161,12
2024-09-18 12:04:46.601000,416.3396016465772,104
2024-09-18 12:04:46.603000,416.3628960755349,996
2024-09-18 12:04:46.611000,416.3492108215855,98
2024-09-18 12:04:46.664000,416.2965485175644,1003
2024-09-18 12:04:46.731000,416.3305677720117,1001
2024-09-18 12:04:46.739000,416.36288599681984,6
2024-09-18 12:04:46.831000,416.3088785047798,1005
2024-09-18 12:04:46.869000,416.3631670489145,997
2024-09-18 12:04:46.892000,416.32976737273,995
2024-09-18 12:04:46.899000,416.37375810685256,95
2024-09-18 12:04:46.938000,416.3422851590455,101
2024-09-18 12:04:46.965000,416.36177708870224,13
2024-09-18 12:04:47.014000,416.32798977152737,97
2024-09-18 12:04:47.024000,416.3933426398513,1001
2024-09-18 12:04:47.065000,416.3903124286325,98
2024-09-18 12:04:47.109000,416.328347927918,6
2024-09-18 12:04:47.119000,416.3294634492934,15
2024-09-18 12:04:47.150000,416.33728006422,1003
2024-09-18 12:04:47.386000,416.3929833536157,998
2024-09-18 12:04:47.417000,416.40090946257857,96
2024-09-18 12:04:47.542000,416.3559653618357,1005
2024-09-18 12:04:47.556000,416.3477807257558,997
2024-09-18 12:04:47.608000,416.4004062698437,1003
2024-09-18 12:04:47.684000,416.3543435369897,1005
2024-09-18 12:04:47.713000,416.3482850325561,8
2024-09-18 12:04:47.789000,416.4022072580197,1003
2024-09-18 12:04:47.873000,416.35080655855137,997
2024-09-18 12:04:47.884000,416.3776982700949,995
2024-09-18 12:04:47.961000,416.33477975848274,13
2024-09-18 12:04:48.037000,416.35530008270473,8
2024-09-18 12:04:48.164000,416.34432111033067,1005
2024-09-18 12:04:48.248000,416.3375954974648,101
2024-09-18 12:04:48.263000,416.32551839989793,14
2024-09-18 12:04:48.300000,416.32843200176353,1000
2024-09-18 12:04:48.322000,416.364841235716,7
2024-09-18 12:04:48.351000,416.3375797098726,105
2024-09-18 12:04:48.377000,416.3524908378319,96
2024-09-18 12:04:48.390000,416.3147117928704,14
2024-09-18 12:04:48.420000,416.3586984709315,995
2024-09-18 12:04:48.453000,416.3288910477183,5
2024-09-18 12:04:48.477000,416.3474986800613,105
2024-09-18 12:04:48.655000,416.3607554870589,105
2024-09-18 12:04:48.662000,416.3615620369354,9
2024-09-18 12:04:48.670000,416.3498324250182,103
2024-09-18 12:04:48.761000,416.3381359048804,101
2024-09-18 12:04:48.840000,416.3441113294637,1003
2024-09-18 12:04:48.906000,416.3356696682388,1004
2024-09-18 12:04:48.944000,416.33653538977694,104
2024-09-18 12:04:48.980000,416.3469169226796,1003
2024-09-18 12:04:48.992000,416.3589343691158,97
2024-09-18 12:04:49.067000,416.3656076123499,1004
2024-09-18 12:04:49.080000,416.37927995332,5
2024-09-18 12:04:49.086000,416.35770827698,97
2024-09-18 12:04:49.113000,416.3721201062981,8
2024-09-18 12:04:49.186000,416.3460311197191,998
2024-09-18 12:04:49.219000,416.34034252518495,96
2024-09-18 12:04:49.294000,416.3901855141189,15
2024-09-18 12:04:49.353000,416.3692562093453,8
2024-09-18 12:04:49.362000,416.3087764495195,1005
2024-09-18 12:04:49.430000,416.309447685746,103
2024-09-18 12:04:49.447000,416.31893883635263,11
2024-09-18 12:04:49.474000,416.3841067000928,95
2024-09-18 12:04:49.645000,416.375506857148,999
2024-09-18 12:04:49.673000,416.3759685591486,12
2024-09-18 12:04:49.684000,416.3389011594643,99
2024-09-18 12:04:49.794000,416.3101324691388,13
2024-09-18 12:04:49.890000,416.3344183179069,7
2024-09-18 12:04:50.041000,416.3246703587145,996
2024-09-18 12:04:50.233000,416.3121175722954,1000
2024-09-18 12:04:50.328000,416.3183939630547,11
2024-09-18 12:04:50.344000,416.3106569063399,1002
2024-09-18 12:04:50.480000,416.3141864642333,5
2024-09-18 12:04:50.515000,416.334141293717,997
2024-09-18 12:04:50.599000,416.3345779374132,999
2024-09-18 12:04:50.600000,416.30370628622256,1004
2024-09-18 12:04:50.604000,416.3348657824099,1003
2024-09-18 12:04:50.724000,416.3227658477214,997
2024-09-18 12:04:50.733000,416.32993924289127,12
2024-09-18 12:04:50.844000,416.3371205607412,10
2024-09-18 12:04:50.852000,416.2983051381393,1005
2024-09-18 12:04:50.896000,416.2974017959161,102
2024-09-18 12:04:50.916000,416.3443111512335,8
2024-09-18 12:04:50.940000,416.3061908300651,95
2024-09-18 12:04:52.333000,416.31750234621865,103
2024-09-18 12:04:52.367000,416.25374460841743,1003
2024-09-18 12:04:52.369000,416.3062142753424,1005
2024-09-18 12:04:52.421000,416.2682229576963,98
2024-09-18 12:04:52.560000,416.2712005114977,103
2024-09-18 12:04:52.577000,416.2481330968064,101
2024-09-18 12:04:52.611000,416.2512261842478,997
2024-09-18 12:04:52.638000,416.2676166064758,104
2024-09-18 12:04:52.661000,416.2817013759785,999
2024-09-18 12:04:52.706000,416.264290983758,6
2024-09-18 12:04:52.755000,416.2576576270344,102
2024-09-18 12:04:52.996000,416.2558721159448,104
2024-09-18 12:04:53.065000,416.24384905001415,999
2024-09-18 12:04:53.095000,416.2305776732436,1001
2024-09-18 12:04:53.130000,416.25055647315287,15
2024-09-18 12:04:53.281000,416.2474770221496,998
2024-09-18 12:04:53.313000,416.2477332601658,102
2024-09-18 12:04:53.429000,416.2411277634664,104
2024-09-18 12:04:53.454000,416.2488089590127,9
2024-09-18 12:04:53.460000,416.2164547658269,7
2024-09-18 12:04:53.466000,416.2515787117385,13
2024-09-18 12:04:53.536000,416.2624750177925,10
2024-09-18 12:04:53.541000,416.257735319863,1001
2024-09-18 12:04:53.586000,416.2451204377855,997
2024-09-18 12:04:53.615000,416.2354722075696,999
2024-09-18 12:04:53.694000,416.26280898576215,95
2024-09-18 12:04:53.729000,416.24863267648425,8
2024-09-18 12:04:53.729000,416.2415874013116,100
2024-09-18 12:04:53.752000,416.26037842842703,95
2024-09-18 12:04:53.897000,416.22325935870487,102
2024-09-18 12:04:53.906000,416.23450234616536,5
2024-09-18 12:04:54.014000,416.19678694214616,11
2024-09-18 12:04:54.094000,416.213370562804,1000
2024-09-18 12:04:54.113000,416.1878315805118,996
2024-09-18 12:04:54.123000,416.1756195916037,1005
2024-09-18 12:04:54.196000,416.1884441027193,14
2024-09-18 12:04:54.234000,416.20289592066325,5
2024-09-18 12:04:54.248000,416.17611548852665,1001
2024-09-18 12:04:54.307000,416.2151440129709,105
2024-09-18 12:04:54.434000,416.23486651897696,1003
2024-09-18 12:04:54.548000,416.1955852439008,103
2024-09-18 12:04:54.561000,416.22678596185307,995
2024-09-18 12:04:54.710000,416.1862132808656,11
2024-09-18 12:04:54.722000,416.2044259378364,11
2024-09-18 12:04:54.745000,416.1839806385207,103
2024-09-18 12:04:54.818000,416.2156989820552,95
2024-09-18 12:04:54.841000,416.2032383239634,100
2024-09-18 12:04:54.861000,416.2178487229457,9
2024-09-18 12:04:54.901000,416.2056670788293,9
2024-09-18 12:04:54.934000,416.2104620318224,1003
2024-09-18 12:04:54.942000,416.210949086919,104
2024-09-18 12:04:54.965000,416.1768355589716,97
2024-09-18 12:04:54.977000,416.1937773795728,105
2024-09-18 12:04:54.992000,416.1937059507482,13
2024-09-18 12:04:55.048000,416.21123688240846,10
2024-09-18 12:04:55.138000,416.2228338850003,5
2024-09-18 12:04:55.174000,416.2340517885318,10
2024-09-18 12:04:55.233000,416.2850948143085,1000
2024-09-18 12:04:55.398000,416.2311791171874,10
2024-09-18 12:04:55.468000,416.2838748150797,1005
2024-09-18 12:04:55.475000,416.2742636532506,102
2024-09-18 12:04:55.492000,416.2330707924499,103
2024-09-18 12:04:55.576000,416.3180031703614,5
2024-09-18 12:04:55.604000,416.25204067982486,100
2024-09-18 12:04:55.629000,416.23408759315726,5
2024-09-18 12:04:55.664000,416.2229993856977,102
2024-09-18 12:04:55.677000,416.22552229526576,995
2024-09-18 12:04:55.720000,416.2393685721065,1001
2024-09-18 12:04:55.888000,416.309248219908,11
2024-09-18 12:04:55.893000,416.2907498728644,105
2024-09-18 12:04:55.895000,416.2814167336288,14
2024-09-18 12:04:55.978000,416.2267037859908,14
2024-09-18 12:04:55.996000,416.2897991551779,104
2024-09-18 12:04:56.031000,416.26639230973393,105
2024-09-18 12:04:56.140000,416.2905575955076,6
2024-09-18 12:04:56.160000,416.2599434601676,5
2024-09-18 12:04:56.188000,416.2868256706672,12
2024-09-18 12:04:56.334000,416.2343251436,104
2024-09-18 12:04:56.408000,416.221836136061,103
2024-09-18 12:04:56.432000,416.2638292601605,995
2024-09-18 12:04:56.447000,416.2653243669157,15
2024-09-18 12:04:56.509000,416.289176471068,996
2024-09-18 12:04:56.688000,416.2803643208353,13
2024-09-18 12:04:56.760000,416.241615267888,98
2024-09-18 12:04:56.774000,416.2788509316217,10
2024-09-18 12:04:56.804000,416.2614636877436,1001
2024-09-18 12:04:56.900000,416.2961559099603,11
2024-09-18 12:04:56.969000,416.2644781624863,99
2024-09-18 12:04:57.253000,416.2458168788887,1005
2024-09-18 12:04:57.312000,416.26184157520527,101
2024-09-18 12:04:57.373000,416.2642354848497,102
2024-09-18 12:04:58.009000,416.28382294987387,105
2024-09-18 12:04:58.063000,416.2627461929086,11
2024-09-18 12:04:58.079000,416.3039677314785,996
2024-09-18 12:04:58.101000,416.314288831135,103
2024-09-18 12:04:58.115000,416.25017711511015,996
2024-09-18 12:04:58.130000,416.25749141160753,97
2024-09-18 12:04:58.211000,416.3060253647363,9
2024-09-18 12:04:58.216000,416.2767176574833,1003
2024-09-18 12:04:58.225000,416.27557031269686,998
2024-09-18 12:04:58.265000,416.316565575949,6
2024-09-18 12:04:58.280000,416.2810161472033,10
2024-09-18 12:04:58.290000,416.2696833908206,998
2024-09-18 12:04:58.335000,416.2633093064747,101
2024-09-18 12:04:58.376000,416.3019891831845,15
2024-09-18 12:04:58.401000,416.2917055867085,1003
2024-09-18 12:04:58.470000,416.3085966477409,1004
2024-09-18 12:04:58.489000,416.3133651129388,98
2024-09-18 12:04:58.664000,416.26381416222455,105
2024-09-18 12:04:58.766000,416.2981169479025,105
2024-09-18 12:04:58.859000,416.280776758832,15
2024-09-18 12:04:59.174000,416.2935855081001,9
2024-09-18 12:04:59.331000,416.2681832326963,95
2024-09-18 12:04:59.451000,416.2578153685489,9
2024-09-18 12:04:59.596000,416.2703953781661,12
2024-09-18 12:04:59.700000,416.2570866523104,1004
