Timestamp,Price,Size
2024-09-16 09:48:00.001000,419.141450663972,998
2024-09-16 09:48:00.016000,419.1550252821428,996
2024-09-16 09:48:00.126000,419.1281224981181,99
2024-09-16 09:48:00.359000,419.13312578561926,1000
2024-09-16 09:48:00.562000,419.1552875553567,1004
2024-09-16 09:48:00.910000,419.1620775450364,12
2024-09-16 09:48:01.181000,419.1627584774797,11
2024-09-16 09:48:01.226000,419.1566204880929,97
2024-09-16 09:48:01.383000,419.1543087261917,11
2024-09-16 09:48:01.652000,419.16352211139406,95
2024-09-16 09:48:01.664000,419.1452274569594,13
2024-09-16 09:48:02.001000,419.1629630981901,100
2024-09-16 09:48:02.009000,419.1678786309101,1001
2024-09-16 09:48:02.088000,419.18138146708577,995
2024-09-16 09:48:02.108000,419.1430012793444,7
2024-09-16 09:48:02.149000,419.17913815501805,102
2024-09-16 09:48:02.153000,419.1513658923898,95
2024-09-16 09:48:02.380000,419.1819897277027,10
2024-09-16 09:48:02.427000,419.1909207912854,101
2024-09-16 09:48:02.470000,419.17951434273306,6
2024-09-16 09:48:02.509000,419.1795726206448,99
2024-09-16 09:48:02.540000,419.1694531558621,8
2024-09-16 09:48:02.586000,419.1098570118984,104
2024-09-16 09:48:02.589000,419.1055775831616,1002
2024-09-16 09:48:02.609000,419.1367465552797,15
2024-09-16 09:48:02.611000,419.17165967648685,14
2024-09-16 09:48:02.640000,419.1924950928314,996
2024-09-16 09:48:02.643000,419.1775901383433,98
2024-09-16 09:48:02.673000,419.17256211714977,1005
2024-09-16 09:48:02.679000,419.1742373639391,14
2024-09-16 09:48:02.713000,419.14058726576775,5
2024-09-16 09:48:02.780000,419.16886301720535,15
2024-09-16 09:48:02.802000,419.168630041736,99
2024-09-16 09:48:02.827000,419.1678770866311,996
2024-09-16 09:48:02.920000,419.1873272341391,97
2024-09-16 09:48:02.928000,419.1100089137818,998
2024-09-16 09:48:02.989000,419.17668982287256,1001
2024-09-16 09:48:03.590000,419.1771606583318,1005
2024-09-16 09:48:04.213000,419.1544308420901,105
2024-09-16 09:48:04.234000,419.1542999357822,996
2024-09-16 09:48:04.550000,419.1752496110052,998
2024-09-16 09:48:04.553000,419.1662787189868,8
2024-09-16 09:48:04.979000,419.1649253761543,1001
2024-09-16 09:48:05.158000,419.1452507825521,96
2024-09-16 09:48:05.214000,419.192343240246,8
2024-09-16 09:48:05.252000,419.14115798488007,12
2024-09-16 09:48:05.338000,419.179272285224,999
2024-09-16 09:48:05.422000,419.16148460457424,8
2024-09-16 09:48:05.445000,419.1353166187176,996
2024-09-16 09:48:05.454000,419.1282982899463,998
2024-09-16 09:48:05.508000,419.1671590626235,998
2024-09-16 09:48:05.597000,419.1963455688171,1003
2024-09-16 09:48:05.621000,419.1816922909936,10
2024-09-16 09:48:05.644000,419.1332801326784,101
2024-09-16 09:48:05.653000,419.1631030840772,105
2024-09-16 09:48:05.716000,419.1413537787323,1003
2024-09-16 09:48:05.733000,419.13118832693647,1001
2024-09-16 09:48:05.768000,419.17890781238,998
2024-09-16 09:48:05.792000,419.1485101711709,1005
2024-09-16 09:48:05.797000,419.1458267737362,1004
2024-09-16 09:48:06.134000,419.13981168515903,1000
2024-09-16 09:48:07.013000,419.0869816311896,102
2024-09-16 09:48:07.022000,419.0686132601587,999
2024-09-16 09:48:07.050000,419.1420361366601,104
2024-09-16 09:48:07.078000,419.13473450999146,1002
2024-09-16 09:48:07.079000,419.0739217332202,103
2024-09-16 09:48:07.093000,419.0775960656677,101
2024-09-16 09:48:07.126000,419.1246449623396,103
2024-09-16 09:48:07.178000,419.1131606983829,105
2024-09-16 09:48:07.239000,419.1446842176573,96
2024-09-16 09:48:07.284000,419.1279647523444,9
2024-09-16 09:48:07.716000,419.137810194798,8
2024-09-16 09:48:07.757000,419.1246422945077,11
2024-09-16 09:48:07.836000,419.0773285954367,12
2024-09-16 09:48:07.861000,419.0912201185101,100
2024-09-16 09:48:07.884000,419.1127588891137,100
2024-09-16 09:48:07.966000,419.0707269888945,1005
2024-09-16 09:48:07.984000,419.1434029029854,100
2024-09-16 09:48:08.019000,419.1381083993887,998
2024-09-16 09:48:08.036000,419.1221974414264,10
2024-09-16 09:48:08.093000,419.0669658981426,15
2024-09-16 09:48:08.101000,419.08954867497744,9
2024-09-16 09:48:08.106000,419.0947875347279,13
2024-09-16 09:48:08.123000,419.1589702701111,997
2024-09-16 09:48:08.154000,419.1006090996298,995
2024-09-16 09:48:08.189000,419.10377496010926,13
2024-09-16 09:48:08.214000,419.1160012916866,101
2024-09-16 09:48:08.325000,419.14299565687344,5
2024-09-16 09:48:08.343000,419.0469775893277,5
2024-09-16 09:48:08.364000,419.0706963632987,6
2024-09-16 09:48:08.385000,419.1113539089205,1004
2024-09-16 09:48:08.404000,419.0756622690135,15
2024-09-16 09:48:08.423000,419.076856782546,98
2024-09-16 09:48:08.458000,419.108022559382,1004
2024-09-16 09:48:08.459000,419.1007386410335,101
2024-09-16 09:48:08.469000,419.10653390882055,103
2024-09-16 09:48:08.527000,419.12580533539625,95
2024-09-16 09:48:08.533000,419.0924237151412,101
2024-09-16 09:48:08.541000,419.0955319293517,15
2024-09-16 09:48:08.554000,419.04617013489406,15
2024-09-16 09:48:08.567000,419.0656075914097,100
2024-09-16 09:48:08.617000,419.1085104095053,1005
2024-09-16 09:48:08.732000,419.10511826058087,97
2024-09-16 09:48:08.756000,419.0888491904931,997
2024-09-16 09:48:08.918000,419.1074995946013,1001
2024-09-16 09:48:08.925000,419.0779346668383,96
2024-09-16 09:48:08.993000,419.1051396116608,13
2024-09-16 09:48:09.228000,419.14817505993983,997
2024-09-16 09:48:09.314000,419.1546990954727,102
2024-09-16 09:48:09.329000,419.1771304712538,9
2024-09-16 09:48:09.378000,419.161644613682,105
2024-09-16 09:48:09.408000,419.1573764425062,1002
2024-09-16 09:48:09.463000,419.137764449336,5
2024-09-16 09:48:09.656000,419.1650802867129,104
2024-09-16 09:48:09.671000,419.1526753605897,96
2024-09-16 09:48:09.725000,419.146803598209,7
2024-09-16 09:48:09.747000,419.1886495437054,1004
2024-09-16 09:48:09.841000,419.13336570878846,13
2024-09-16 09:48:09.869000,419.14466878288056,11
2024-09-16 09:48:09.941000,419.14353722446697,1002
2024-09-16 09:48:10.028000,419.1678095058632,1004
2024-09-16 09:48:10.104000,419.1039089666706,11
2024-09-16 09:48:10.144000,419.1459987450431,102
2024-09-16 09:48:10.151000,419.1509418034288,12
2024-09-16 09:48:10.157000,419.1289525901993,102
2024-09-16 09:48:10.161000,419.1595264690798,1002
2024-09-16 09:48:10.188000,419.1665383030459,11
2024-09-16 09:48:10.203000,419.1619611747192,100
2024-09-16 09:48:10.237000,419.1746210718968,10
2024-09-16 09:48:10.250000,419.1328990944272,95
2024-09-16 09:48:10.285000,419.171743616336,999
2024-09-16 09:48:10.333000,419.1711451769464,10
2024-09-16 09:48:10.344000,419.1113995353137,11
2024-09-16 09:48:10.393000,419.1398591023361,12
2024-09-16 09:48:10.536000,419.11661129004943,100
2024-09-16 09:48:10.577000,419.15504695208045,15
2024-09-16 09:48:10.593000,419.1256054927021,5
2024-09-16 09:48:10.600000,419.136522665248,7
2024-09-16 09:48:10.643000,419.1687209490054,5
2024-09-16 09:48:10.731000,419.0994318593146,6
2024-09-16 09:48:10.855000,419.1569817660745,105
2024-09-16 09:48:10.890000,419.1810805949492,7
2024-09-16 09:48:10.897000,419.13682588055,101
2024-09-16 09:48:10.950000,419.1241460940172,104
2024-09-16 09:48:10.953000,419.1636747534096,11
2024-09-16 09:48:11.038000,419.0988000077722,9
2024-09-16 09:48:11.129000,419.1477227098796,1001
2024-09-16 09:48:11.151000,419.169748165665,1000
2024-09-16 09:48:11.175000,419.1719668001363,14
2024-09-16 09:48:11.204000,419.1966316335532,100
2024-09-16 09:48:11.208000,419.08812955494574,9
2024-09-16 09:48:11.231000,419.1806010750556,995
2024-09-16 09:48:11.358000,419.1043154635132,105
2024-09-16 09:48:11.422000,419.1743168867734,7
2024-09-16 09:48:11.442000,419.0887244600919,997
2024-09-16 09:48:11.476000,419.11882606255074,995
2024-09-16 09:48:11.527000,419.18983448147816,999
2024-09-16 09:48:11.662000,419.0872721738748,100
2024-09-16 09:48:11.673000,419.197795971238,1005
2024-09-16 09:48:11.769000,419.1936945877087,102
2024-09-16 09:48:11.894000,419.1799117055934,9
2024-09-16 09:48:11.919000,419.15966605044974,1003
2024-09-16 09:48:11.945000,419.16142565504526,1002
2024-09-16 09:48:12.038000,419.0334700605304,98
2024-09-16 09:48:12.039000,419.0841368757007,103
2024-09-16 09:48:12.059000,419.06537607708674,998
2024-09-16 09:48:12.076000,419.1104599856707,96
2024-09-16 09:48:12.142000,419.1006393926309,6
2024-09-16 09:48:12.161000,419.0152601905007,97
2024-09-16 09:48:12.163000,419.0904935794268,5
2024-09-16 09:48:12.172000,419.0227630109069,98
2024-09-16 09:48:12.214000,419.1002634500232,13
2024-09-16 09:48:12.234000,419.03030605284624,1003
2024-09-16 09:48:12.268000,419.1175365034346,996
2024-09-16 09:48:12.319000,419.0701720527665,1001
2024-09-16 09:48:12.381000,419.0143558577611,996
2024-09-16 09:48:12.447000,419.0521142367274,102
2024-09-16 09:48:12.500000,419.08987770020497,13
2024-09-16 09:48:12.523000,419.1049176551077,97
2024-09-16 09:48:12.580000,419.1069600130957,996
2024-09-16 09:48:12.674000,419.0300224106546,103
2024-09-16 09:48:12.729000,419.0217847771806,99
2024-09-16 09:48:12.769000,419.1052139078111,8
2024-09-16 09:48:12.772000,419.0937403560488,15
2024-09-16 09:48:12.809000,419.010680828617,15
2024-09-16 09:48:12.831000,419.0809979929078,998
2024-09-16 09:48:12.887000,419.09539296354006,101
2024-09-16 09:48:12.897000,419.0799722455158,99
2024-09-16 09:48:12.914000,419.0246823420563,98
2024-09-16 09:48:12.952000,419.03479970478537,99
2024-09-16 09:48:12.965000,419.0897162837453,103
2024-09-16 09:48:12.975000,419.0729316927207,1004
2024-09-16 09:48:13.874000,418.99903813374607,14
2024-09-16 09:48:14.016000,418.9924329482988,103
2024-09-16 09:48:14.034000,419.0028961688404,11
2024-09-16 09:48:14.073000,418.9645769739985,14
2024-09-16 09:48:14.112000,419.0011314423481,104
2024-09-16 09:48:14.115000,418.9844267922232,1001
2024-09-16 09:48:14.162000,419.0131599497883,103
2024-09-16 09:48:14.170000,418.9725668689801,9
2024-09-16 09:48:14.203000,419.0012147657388,1000
2024-09-16 09:48:14.261000,419.0013473956664,95
2024-09-16 09:48:14.356000,419.0140680708991,11
2024-09-16 09:48:14.406000,418.9766458401229,99
2024-09-16 09:48:14.435000,418.990736760684,999
2024-09-16 09:48:14.436000,418.9722838449112,8
2024-09-16 09:48:14.450000,418.99533348288287,15
2024-09-16 09:48:14.584000,418.9919501164996,9
2024-09-16 09:48:14.722000,418.9847018571793,15
2024-09-16 09:48:14.810000,418.97069697972336,998
2024-09-16 09:48:14.864000,418.9946861990245,97
2024-09-16 09:48:15.003000,419.0097912122733,95
2024-09-16 09:48:15.050000,419.01959614055534,996
2024-09-16 09:48:15.072000,419.0062046605703,996
2024-09-16 09:48:15.095000,419.0232111761411,997
2024-09-16 09:48:15.187000,419.0142774638647,8
2024-09-16 09:48:15.193000,418.9952501856305,1002
2024-09-16 09:48:15.208000,419.01627743372165,997
2024-09-16 09:48:15.293000,419.01000325965583,1003
2024-09-16 09:48:15.417000,418.9803382979584,100
2024-09-16 09:48:15.465000,418.9829965437904,1004
2024-09-16 09:48:15.496000,419.0025168521949,995
2024-09-16 09:48:15.522000,419.0088146889715,1004
2024-09-16 09:48:15.562000,419.0032356928789,105
2024-09-16 09:48:15.666000,419.0153190174037,100
2024-09-16 09:48:15.666000,418.9841784739229,1002
2024-09-16 09:48:15.747000,419.0149000536499,103
2024-09-16 09:48:15.806000,418.9964632168573,7
2024-09-16 09:48:15.845000,419.0063673649788,997
2024-09-16 09:48:15.918000,418.9978031467595,1001
2024-09-16 09:48:15.930000,418.9822046503919,5
2024-09-16 09:48:15.975000,418.9761158525945,1005
2024-09-16 09:48:16.132000,418.9321473051458,8
2024-09-16 09:48:16.280000,418.9458851507413,103
2024-09-16 09:48:16.580000,418.9380534184938,997
2024-09-16 09:48:16.803000,418.9471099013767,1001
2024-09-16 09:48:16.841000,418.94693296248425,97
2024-09-16 09:48:18.026000,418.8924301309109,1000
2024-09-16 09:48:18.047000,418.90872832980506,101
2024-09-16 09:48:18.086000,418.90162365587815,5
2024-09-16 09:48:18.324000,418.8965685499836,97
2024-09-16 09:48:18.337000,418.900709533005,996
2024-09-16 09:48:18.448000,418.9116497346224,996
2024-09-16 09:48:18.474000,418.9027926065229,104
2024-09-16 09:48:18.485000,418.91466925376153,13
2024-09-16 09:48:18.491000,418.8764918429165,105
2024-09-16 09:48:18.505000,418.8949270456057,1003
2024-09-16 09:48:18.517000,418.9044072941815,996
2024-09-16 09:48:18.525000,418.9225159319997,12
2024-09-16 09:48:18.645000,418.9001102960372,1002
2024-09-16 09:48:18.660000,418.8843386022664,8
2024-09-16 09:48:18.672000,418.91971352855103,5
2024-09-16 09:48:18.691000,418.9075132911857,102
2024-09-16 09:48:18.805000,418.9143619616258,998
2024-09-16 09:48:18.824000,418.93336060600274,105
2024-09-16 09:48:18.866000,418.9103838227421,1005
2024-09-16 09:48:18.872000,418.9258832355197,97
2024-09-16 09:48:18.886000,418.925318283409,998
2024-09-16 09:48:18.892000,418.9079478328757,1001
2024-09-16 09:48:19.032000,418.87897490155336,95
2024-09-16 09:48:19.045000,418.84839551632047,9
2024-09-16 09:48:19.078000,418.8575026002336,5
2024-09-16 09:48:19.152000,418.8996934608184,14
2024-09-16 09:48:19.272000,418.894364933914,11
2024-09-16 09:48:19.421000,418.8602280844116,1001
2024-09-16 09:48:19.431000,418.8431186999216,100
2024-09-16 09:48:19.498000,418.90233312912943,995
2024-09-16 09:48:19.559000,418.8851454657349,99
2024-09-16 09:48:19.572000,418.85143616192863,8
2024-09-16 09:48:19.592000,418.8709699631046,102
2024-09-16 09:48:19.701000,418.8854387162844,10
2024-09-16 09:48:19.807000,418.8957222481762,105
2024-09-16 09:48:19.836000,418.8956629447181,11
2024-09-16 09:48:20.020000,418.91571185595694,995
2024-09-16 09:48:20.030000,418.9111062123637,97
2024-09-16 09:48:20.035000,418.8871738077327,1002
2024-09-16 09:48:20.088000,418.8989608724712,15
2024-09-16 09:48:20.184000,418.8660875316288,6
2024-09-16 09:48:20.289000,418.8957173755749,1001
2024-09-16 09:48:20.310000,418.81596185553855,5
2024-09-16 09:48:20.330000,418.8559719293861,5
2024-09-16 09:48:20.356000,418.8917435422436,11
2024-09-16 09:48:20.368000,418.849687476464,1002
2024-09-16 09:48:20.529000,418.8834821295933,5
2024-09-16 09:48:20.534000,418.8442465771519,5
2024-09-16 09:48:20.568000,418.8250406567548,15
2024-09-16 09:48:20.611000,418.91477462883125,7
2024-09-16 09:48:20.613000,418.84871922449184,12
2024-09-16 09:48:20.639000,418.917157531213,7
2024-09-16 09:48:20.659000,418.8977845732115,1005
2024-09-16 09:48:20.670000,418.8509129413269,98
2024-09-16 09:48:20.676000,418.8611874149622,1001
2024-09-16 09:48:20.741000,418.87939104902006,104
2024-09-16 09:48:20.768000,418.8454429438444,103
2024-09-16 09:48:20.821000,418.8930212480883,1004
2024-09-16 09:48:20.866000,418.8813333339921,1002
2024-09-16 09:48:20.874000,418.9137554861031,97
2024-09-16 09:48:20.876000,418.8906805803852,996
2024-09-16 09:48:20.898000,418.8924296940484,104
2024-09-16 09:48:21.008000,418.9097429414027,997
2024-09-16 09:48:21.009000,418.8961214138962,9
2024-09-16 09:48:21.098000,418.8509180462581,995
2024-09-16 09:48:21.149000,418.8541841861566,5
2024-09-16 09:48:21.203000,418.8551047048352,12
2024-09-16 09:48:21.209000,418.87705471154425,1005
2024-09-16 09:48:21.250000,418.89689728464725,99
2024-09-16 09:48:21.298000,418.8968468583821,97
2024-09-16 09:48:21.342000,418.8602903225393,8
2024-09-16 09:48:21.356000,418.8574186770336,1001
2024-09-16 09:48:21.358000,418.8980851887434,103
2024-09-16 09:48:21.403000,418.8782696707233,995
2024-09-16 09:48:21.407000,418.910637459961,1002
2024-09-16 09:48:21.561000,418.8601811655249,12
2024-09-16 09:48:21.562000,418.8852773631384,95
2024-09-16 09:48:21.602000,418.8747856401324,997
2024-09-16 09:48:21.603000,418.8647558996541,998
2024-09-16 09:48:21.621000,418.9053665852261,6
2024-09-16 09:48:21.633000,418.8926096058858,105
2024-09-16 09:48:21.641000,418.8677853829476,1002
2024-09-16 09:48:21.724000,418.8839492824784,5
2024-09-16 09:48:21.736000,418.9016704489852,999
2024-09-16 09:48:21.815000,418.8525595257974,98
2024-09-16 09:48:21.864000,418.89452372866606,1002
2024-09-16 09:48:21.902000,418.855780048512,104
2024-09-16 09:48:21.969000,418.90559235034,102
2024-09-16 09:48:21.973000,418.8675590362578,14
2024-09-16 09:48:21.998000,418.8539985598285,10
2024-09-16 09:48:22.013000,418.9161299177641,1004
2024-09-16 09:48:22.029000,418.92851504981024,995
2024-09-16 09:48:22.091000,418.94376008187646,1001
2024-09-16 09:48:22.149000,418.9346994092825,6
2024-09-16 09:48:22.296000,418.9278268359352,9
2024-09-16 09:48:22.358000,418.8988974268024,1003
2024-09-16 09:48:22.363000,418.9376331170709,1002
2024-09-16 09:48:22.387000,418.9116504921741,14
2024-09-16 09:48:22.435000,418.9315551818217,105
2024-09-16 09:48:22.468000,418.93949519707536,12
2024-09-16 09:48:22.484000,418.94907896453816,1000
2024-09-16 09:48:22.488000,418.95375389550014,5
2024-09-16 09:48:22.554000,418.8917388854232,12
2024-09-16 09:48:22.580000,418.9399419911224,1005
2024-09-16 09:48:22.655000,418.9527475497184,13
2024-09-16 09:48:22.686000,418.906720592833,100
2024-09-16 09:48:22.706000,418.88093332548,95
2024-09-16 09:48:22.712000,418.9403246328482,999
2024-09-16 09:48:22.783000,418.9080476524404,13
2024-09-16 09:48:22.951000,418.93584666686894,997
2024-09-16 09:48:22.983000,418.8786667703207,9
2024-09-16 09:48:23.040000,418.9172882192947,1001
2024-09-16 09:48:23.074000,418.8657475596177,6
2024-09-16 09:48:23.086000,418.9172672390928,105
2024-09-16 09:48:23.407000,418.8809460090468,99
2024-09-16 09:48:23.579000,418.89662022908897,104
2024-09-16 09:48:23.653000,418.92269229146086,95
2024-09-16 09:48:23.766000,418.9388515182472,997
2024-09-16 09:48:23.840000,418.9017413180213,5
2024-09-16 09:48:23.932000,418.9395121997156,13
2024-09-16 09:48:24.018000,418.8942661572276,14
2024-09-16 09:48:24.130000,418.9233887425983,1005
2024-09-16 09:48:24.139000,418.924490350826,100
2024-09-16 09:48:24.173000,418.9044469987952,105
2024-09-16 09:48:24.178000,418.90504284104526,10
2024-09-16 09:48:24.185000,418.9203482663692,1004
2024-09-16 09:48:24.264000,418.8633012889672,8
2024-09-16 09:48:24.405000,418.8672303333712,1000
2024-09-16 09:48:24.526000,418.8978011130317,5
2024-09-16 09:48:24.609000,418.9063067125463,1000
2024-09-16 09:48:24.779000,418.9119494693995,95
2024-09-16 09:48:24.810000,418.8822990178732,96
2024-09-16 09:48:24.814000,418.9041873362192,14
2024-09-16 09:48:24.866000,418.8960941940143,10
2024-09-16 09:48:24.925000,418.9198567030553,97
2024-09-16 09:48:24.978000,418.9047578317513,995
2024-09-16 09:48:24.987000,418.8797652958382,96
2024-09-16 09:48:25.038000,418.8367293464767,998
2024-09-16 09:48:25.053000,418.77901851917926,5
2024-09-16 09:48:25.056000,418.81091709675786,103
2024-09-16 09:48:25.230000,418.840508562919,1004
2024-09-16 09:48:25.262000,418.789771230489,1002
2024-09-16 09:48:25.323000,418.799787086617,103
2024-09-16 09:48:25.347000,418.8485213520476,1000
2024-09-16 09:48:25.411000,418.820986649612,95
2024-09-16 09:48:25.420000,418.7964278467983,15
2024-09-16 09:48:25.451000,418.8029073703637,14
2024-09-16 09:48:25.486000,418.8316066621012,995
2024-09-16 09:48:25.513000,418.7808371986948,998
2024-09-16 09:48:25.860000,418.8420816812962,5
2024-09-16 09:48:25.969000,418.8124973865891,105
2024-09-16 09:48:25.976000,418.8273765239544,14
2024-09-16 09:48:25.977000,418.8135558899182,15
2024-09-16 09:48:26.058000,418.8164361555557,97
2024-09-16 09:48:26.418000,418.8112398889939,100
2024-09-16 09:48:26.429000,418.8107337105214,104
2024-09-16 09:48:26.446000,418.8067388863673,12
2024-09-16 09:48:27.024000,418.7928861400207,98
2024-09-16 09:48:27.047000,418.7990687930163,12
2024-09-16 09:48:27.051000,418.7933454919293,1005
2024-09-16 09:48:27.059000,418.7941668510837,100
2024-09-16 09:48:27.093000,418.8233344402444,104
2024-09-16 09:48:27.132000,418.81023888833545,103
2024-09-16 09:48:27.165000,418.81061537652096,995
2024-09-16 09:48:27.211000,418.79685486590296,1001
2024-09-16 09:48:27.212000,418.8364504505413,1004
2024-09-16 09:48:27.231000,418.80393916582,1004
2024-09-16 09:48:27.398000,418.7820744508659,103
2024-09-16 09:48:27.452000,418.7623309583118,11
2024-09-16 09:48:27.472000,418.76585427956144,9
2024-09-16 09:48:27.569000,418.8489386120868,12
2024-09-16 09:48:27.652000,418.8073235488132,15
2024-09-16 09:48:27.711000,418.7732678337949,9
2024-09-16 09:48:27.728000,418.82381806954334,102
2024-09-16 09:48:27.790000,418.7667398307744,102
2024-09-16 09:48:27.812000,418.79636108657184,998
2024-09-16 09:48:27.838000,418.7850159025625,97
2024-09-16 09:48:27.844000,418.7780097928964,12
2024-09-16 09:48:27.849000,418.789083961508,105
2024-09-16 09:48:27.866000,418.8161594897855,7
2024-09-16 09:48:27.882000,418.8165566608399,1002
2024-09-16 09:48:27.901000,418.8157889921511,101
2024-09-16 09:48:27.934000,418.7729339949216,101
2024-09-16 09:48:27.939000,418.82528277297337,999
2024-09-16 09:48:27.983000,418.7871628438594,12
2024-09-16 09:48:28.750000,418.7591093893835,105
2024-09-16 09:48:28.819000,418.7385525712617,999
2024-09-16 09:48:28.853000,418.72812648377936,997
2024-09-16 09:48:29.063000,418.76575991346095,9
2024-09-16 09:48:29.182000,418.7647944742354,96
2024-09-16 09:48:29.238000,418.7633366446885,1004
2024-09-16 09:48:29.320000,418.7623896407384,9
2024-09-16 09:48:29.515000,418.77703601455727,98
2024-09-16 09:48:29.536000,418.7579068491957,100
2024-09-16 09:48:29.628000,418.8131928291616,1003
2024-09-16 09:48:29.789000,418.759307087236,9
2024-09-16 09:48:29.819000,418.7953385508079,99
2024-09-16 09:48:30.020000,418.8112171009758,1003
2024-09-16 09:48:30.153000,418.7450752891901,997
2024-09-16 09:48:30.417000,418.82670808001626,7
2024-09-16 09:48:30.453000,418.7654023030616,1002
2024-09-16 09:48:30.482000,418.7517722731072,105
2024-09-16 09:48:30.525000,418.81904499401566,13
2024-09-16 09:48:30.537000,418.809118484962,13
2024-09-16 09:48:30.546000,418.79425677019896,100
2024-09-16 09:48:30.564000,418.81734975455873,102
2024-09-16 09:48:30.565000,418.83204741569966,1002
2024-09-16 09:48:30.571000,418.8079752198982,101
2024-09-16 09:48:30.611000,418.7999045845932,1001
2024-09-16 09:48:30.654000,418.7404841107816,98
2024-09-16 09:48:30.664000,418.8145355574764,103
2024-09-16 09:48:30.691000,418.7766971907416,13
2024-09-16 09:48:30.718000,418.8340607846868,100
2024-09-16 09:48:30.730000,418.8328741703386,105
2024-09-16 09:48:30.766000,418.81148464674567,100
2024-09-16 09:48:30.927000,418.82040400401416,99
2024-09-16 09:48:30.930000,418.8194115834119,101
2024-09-16 09:48:30.943000,418.824190409456,100
2024-09-16 09:48:30.997000,418.83973835150863,8
2024-09-16 09:48:31.004000,418.7223600167069,1001
2024-09-16 09:48:31.063000,418.7262894218089,5
2024-09-16 09:48:31.311000,418.73122468462833,999
2024-09-16 09:48:31.321000,418.7333472095307,95
2024-09-16 09:48:31.519000,418.7477122477465,105
2024-09-16 09:48:31.630000,418.7484726862688,95
2024-09-16 09:48:31.632000,418.7236398995805,103
2024-09-16 09:48:31.672000,418.71298278724726,6
2024-09-16 09:48:31.683000,418.7468102190805,995
2024-09-16 09:48:31.720000,418.7328691742585,95
2024-09-16 09:48:31.745000,418.7434268198508,995
2024-09-16 09:48:31.787000,418.7519623085872,8
2024-09-16 09:48:31.850000,418.73116918884864,1001
2024-09-16 09:48:31.920000,418.73038288251536,995
2024-09-16 09:48:31.947000,418.7380010489943,12
2024-09-16 09:48:31.985000,418.7216315763344,9
2024-09-16 09:48:32.014000,418.720608468118,105
2024-09-16 09:48:32.368000,418.71097828027047,11
2024-09-16 09:48:32.431000,418.7138419493671,15
2024-09-16 09:48:32.481000,418.7229698832341,1005
2024-09-16 09:48:32.583000,418.7055291336912,9
2024-09-16 09:48:32.648000,418.7289649904746,103
2024-09-16 09:48:32.658000,418.7327278055074,14
2024-09-16 09:48:32.668000,418.7194308797508,998
2024-09-16 09:48:32.889000,418.7183337347476,95
2024-09-16 09:48:33.009000,418.7099549705852,1003
2024-09-16 09:48:33.067000,418.70410386317576,15
2024-09-16 09:48:33.090000,418.7427592897327,7
2024-09-16 09:48:33.098000,418.6874306242746,1002
2024-09-16 09:48:33.268000,418.6992672187067,1004
2024-09-16 09:48:33.278000,418.6914052619028,995
2024-09-16 09:48:33.301000,418.6780537082152,101
2024-09-16 09:48:33.302000,418.7099298310395,1005
2024-09-16 09:48:33.318000,418.7155621076172,14
2024-09-16 09:48:33.323000,418.7057461076166,1003
2024-09-16 09:48:33.367000,418.69504412257527,997
2024-09-16 09:48:33.438000,418.6856385560348,100
2024-09-16 09:48:33.479000,418.7068219162716,9
2024-09-16 09:48:33.534000,418.6855470699038,9
2024-09-16 09:48:33.803000,418.7007165472194,99
2024-09-16 09:48:33.933000,418.736508671797,1002
2024-09-16 09:48:34.013000,418.574106568301,7
2024-09-16 09:48:34.104000,418.64108620712494,103
2024-09-16 09:48:34.111000,418.5633347932408,5
2024-09-16 09:48:34.117000,418.61081955102287,9
2024-09-16 09:48:34.132000,418.6621677999717,105
2024-09-16 09:48:34.224000,418.623624077011,6
2024-09-16 09:48:34.239000,418.63610387352713,99
2024-09-16 09:48:34.413000,418.62983257412776,9
2024-09-16 09:48:34.415000,418.5805929639135,103
2024-09-16 09:48:34.416000,418.5915161891792,9
2024-09-16 09:48:34.499000,418.53328781775065,102
2024-09-16 09:48:34.515000,418.6477194498984,14
2024-09-16 09:48:34.615000,418.5831982411762,105
2024-09-16 09:48:34.616000,418.5368118297164,96
2024-09-16 09:48:34.637000,418.57906515102974,9
2024-09-16 09:48:34.743000,418.6231249791995,1003
2024-09-16 09:48:34.777000,418.56032160229626,1002
2024-09-16 09:48:34.806000,418.53430732754657,11
2024-09-16 09:48:34.825000,418.5939454222312,14
2024-09-16 09:48:34.829000,418.5852755860902,15
2024-09-16 09:48:34.908000,418.6001817679289,1001
2024-09-16 09:48:34.909000,418.573710934811,999
2024-09-16 09:48:34.939000,418.6804238494786,96
2024-09-16 09:48:34.947000,418.6284088794039,12
2024-09-16 09:48:34.954000,418.5601536598153,10
2024-09-16 09:48:35.002000,418.6260795336438,104
2024-09-16 09:48:35.037000,418.58363957231415,100
2024-09-16 09:48:35.228000,418.5548922791573,995
2024-09-16 09:48:35.238000,418.6083462267056,105
2024-09-16 09:48:35.326000,418.60966492313327,8
2024-09-16 09:48:35.402000,418.57562977575714,1004
2024-09-16 09:48:35.437000,418.5783748630195,97
2024-09-16 09:48:35.563000,418.58431491291816,995
2024-09-16 09:48:35.574000,418.55934916709447,98
2024-09-16 09:48:35.646000,418.62459384971817,100
2024-09-16 09:48:35.685000,418.5523630985843,97
2024-09-16 09:48:35.756000,418.6115882871876,1001
2024-09-16 09:48:35.759000,418.61073522002926,95
2024-09-16 09:48:35.804000,418.60447514862807,1004
2024-09-16 09:48:35.831000,418.5448204112539,1002
2024-09-16 09:48:35.913000,418.5641507310908,1004
2024-09-16 09:48:35.950000,418.6198379540227,13
2024-09-16 09:48:35.999000,418.5684546889997,996
2024-09-16 09:48:36.005000,418.57997589277534,1004
2024-09-16 09:48:36.048000,418.53361394827976,15
2024-09-16 09:48:36.121000,418.55872937513743,100
2024-09-16 09:48:36.164000,418.5665745915727,97
2024-09-16 09:48:36.171000,418.5699692991985,6
2024-09-16 09:48:36.192000,418.5639347339373,100
2024-09-16 09:48:36.246000,418.5678380480007,6
2024-09-16 09:48:36.250000,418.5699898544122,105
2024-09-16 09:48:36.307000,418.5780863151053,101
2024-09-16 09:48:36.319000,418.567417686385,15
2024-09-16 09:48:36.347000,418.5543449859738,7
2024-09-16 09:48:36.375000,418.5709792290754,102
2024-09-16 09:48:36.419000,418.5531199029125,997
2024-09-16 09:48:36.431000,418.5741631331392,999
2024-09-16 09:48:36.620000,418.5481421120783,1001
2024-09-16 09:48:36.633000,418.5473331851513,97
2024-09-16 09:48:36.639000,418.5612367399874,15
2024-09-16 09:48:36.713000,418.56094877344975,14
2024-09-16 09:48:36.794000,418.5501745468417,14
2024-09-16 09:48:36.852000,418.5567500051037,998
2024-09-16 09:48:36.896000,418.5786190688798,1001
2024-09-16 09:48:36.932000,418.55280998503946,5
2024-09-16 09:48:36.943000,418.5695586496568,997
2024-09-16 09:48:37.038000,418.5539697153242,1004
2024-09-16 09:48:37.163000,418.5484961754312,1000
2024-09-16 09:48:37.193000,418.5457817322466,996
2024-09-16 09:48:37.310000,418.5325230148893,100
2024-09-16 09:48:38.449000,418.53502812154505,11
2024-09-16 09:48:39.067000,418.5147723507135,1001
2024-09-16 09:48:39.273000,418.5117568979377,96
2024-09-16 09:48:39.615000,418.4805262980445,10
2024-09-16 09:48:39.769000,418.5008101759628,101
2024-09-16 09:48:39.832000,418.4825756856515,1004
2024-09-16 09:48:40.021000,418.5743830967768,998
2024-09-16 09:48:40.027000,418.5511146908751,95
2024-09-16 09:48:40.115000,418.5888564353447,1001
2024-09-16 09:48:40.122000,418.5021084537702,9
2024-09-16 09:48:40.122000,418.5899668008891,105
2024-09-16 09:48:40.143000,418.5652345294536,8
2024-09-16 09:48:40.166000,418.5217779645242,96
2024-09-16 09:48:40.335000,418.5876358855536,13
2024-09-16 09:48:40.458000,418.5542382444446,996
2024-09-16 09:48:40.482000,418.5865069894581,6
2024-09-16 09:48:40.502000,418.5230403929168,1001
2024-09-16 09:48:40.514000,418.54814902391865,7
2024-09-16 09:48:40.615000,418.5539180753472,101
2024-09-16 09:48:40.665000,418.5572047929978,14
2024-09-16 09:48:40.688000,418.5502163577542,999
2024-09-16 09:48:40.730000,418.49867996661874,105
2024-09-16 09:48:40.739000,418.5091894520533,103
2024-09-16 09:48:40.865000,418.4838656196528,5
2024-09-16 09:48:40.995000,418.5525637020336,1003
2024-09-16 09:48:41.608000,418.59475676809217,8
2024-09-16 09:48:42.025000,418.6168703020617,999
2024-09-16 09:48:42.048000,418.5832168284391,1001
2024-09-16 09:48:42.169000,418.623477228589,6
2024-09-16 09:48:42.187000,418.6039676854769,997
2024-09-16 09:48:42.193000,418.6150243331691,97
2024-09-16 09:48:42.235000,418.58182465510725,1003
2024-09-16 09:48:42.283000,418.5775523281197,95
2024-09-16 09:48:42.332000,418.5960920246477,995
2024-09-16 09:48:42.399000,418.5922614369719,105
2024-09-16 09:48:42.508000,418.59004830137167,99
2024-09-16 09:48:42.987000,418.6537085443728,13
2024-09-16 09:48:43.007000,418.67332949205,96
2024-09-16 09:48:43.011000,418.7156028421666,103
2024-09-16 09:48:43.023000,418.7026078910389,995
2024-09-16 09:48:43.062000,418.7261511725533,1005
2024-09-16 09:48:43.071000,418.712513685104,97
2024-09-16 09:48:43.162000,418.74717114813575,97
2024-09-16 09:48:43.196000,418.70412216991554,5
2024-09-16 09:48:43.254000,418.7045815537461,1001
2024-09-16 09:48:43.276000,418.6920924097485,5
2024-09-16 09:48:43.276000,418.7358584701412,1000
2024-09-16 09:48:43.365000,418.7011239058115,996
2024-09-16 09:48:43.386000,418.66407710104,12
2024-09-16 09:48:43.401000,418.765490012322,998
2024-09-16 09:48:43.472000,418.67797068927325,8
2024-09-16 09:48:43.505000,418.7600025116202,13
2024-09-16 09:48:43.549000,418.7304926917355,14
2024-09-16 09:48:43.556000,418.6920826433276,100
2024-09-16 09:48:43.562000,418.7431321519102,95
2024-09-16 09:48:43.568000,418.7022136590977,996
2024-09-16 09:48:43.576000,418.69516869151647,1005
2024-09-16 09:48:43.591000,418.6848843678516,98
2024-09-16 09:48:43.619000,418.7013924896696,99
2024-09-16 09:48:43.709000,418.7018763035031,997
2024-09-16 09:48:43.790000,418.69235229199967,12
2024-09-16 09:48:43.799000,418.69759740893807,98
2024-09-16 09:48:43.889000,418.7670107664426,1004
2024-09-16 09:48:43.905000,418.715944989703,14
2024-09-16 09:48:43.913000,418.7432210591178,97
2024-09-16 09:48:44.209000,418.77748026635095,10
2024-09-16 09:48:44.244000,418.7941342388557,103
2024-09-16 09:48:44.247000,418.7722319918224,15
2024-09-16 09:48:44.428000,418.8026187432136,105
2024-09-16 09:48:44.463000,418.79585454274417,12
2024-09-16 09:48:44.478000,418.7762315007184,1002
2024-09-16 09:48:44.531000,418.779384228883,998
2024-09-16 09:48:44.665000,418.7674599384147,98
2024-09-16 09:48:44.792000,418.7690883079737,998
2024-09-16 09:48:44.953000,418.7804667326751,6
2024-09-16 09:48:45.013000,418.7815454818585,101
2024-09-16 09:48:45.047000,418.78390809914777,995
2024-09-16 09:48:45.063000,418.7781730823387,1002
2024-09-16 09:48:45.086000,418.7619698420085,15
2024-09-16 09:48:45.112000,418.78977252069575,7
2024-09-16 09:48:45.284000,418.7699200356013,1001
2024-09-16 09:48:45.390000,418.7992117017904,998
2024-09-16 09:48:45.677000,418.8072076213151,996
2024-09-16 09:48:45.763000,418.8068704180543,7
2024-09-16 09:48:45.785000,418.7830372341228,99
2024-09-16 09:48:46.080000,418.7377071300005,995
2024-09-16 09:48:46.092000,418.7064107898886,999
2024-09-16 09:48:46.182000,418.7307807295347,997
2024-09-16 09:48:46.225000,418.7384222766411,1004
2024-09-16 09:48:46.248000,418.7329768304099,98
2024-09-16 09:48:46.385000,418.70727681118336,999
2024-09-16 09:48:46.465000,418.6873455021764,1005
2024-09-16 09:48:46.486000,418.6723794940227,9
2024-09-16 09:48:46.494000,418.7546370356037,13
2024-09-16 09:48:46.624000,418.7267001269187,997
2024-09-16 09:48:46.705000,418.69253016359846,104
2024-09-16 09:48:46.745000,418.7399289726675,5
2024-09-16 09:48:46.786000,418.68739558584383,104
2024-09-16 09:48:46.940000,418.7263992861517,105
2024-09-16 09:48:46.977000,418.7032995210449,15
2024-09-16 09:48:47.035000,418.6779400533596,1001
2024-09-16 09:48:47.105000,418.6708005190684,8
2024-09-16 09:48:47.148000,418.6570088957803,97
2024-09-16 09:48:47.201000,418.6427499393144,104
2024-09-16 09:48:47.382000,418.6488264188891,102
2024-09-16 09:48:47.385000,418.645390439034,999
2024-09-16 09:48:47.574000,418.656825781896,6
2024-09-16 09:48:47.611000,418.68396238369024,102
2024-09-16 09:48:47.695000,418.661409855915,104
2024-09-16 09:48:47.736000,418.6531719185959,104
2024-09-16 09:48:48.030000,418.6402298788146,1002
2024-09-16 09:48:48.069000,418.6808954793219,15
2024-09-16 09:48:48.164000,418.6409163817015,1003
2024-09-16 09:48:48.234000,418.674605119135,1005
2024-09-16 09:48:48.253000,418.6695854829916,102
2024-09-16 09:48:48.258000,418.6675161510152,12
2024-09-16 09:48:48.264000,418.672161240984,1003
2024-09-16 09:48:48.267000,418.6695777790901,1001
2024-09-16 09:48:48.282000,418.6544579445032,97
2024-09-16 09:48:48.429000,418.667919509748,8
2024-09-16 09:48:48.445000,418.6657608746585,1002
2024-09-16 09:48:48.553000,418.6623840378436,1005
2024-09-16 09:48:48.654000,418.6478443056024,6
2024-09-16 09:48:48.700000,418.6465603372666,5
2024-09-16 09:48:48.713000,418.6445572898778,10
2024-09-16 09:48:48.778000,418.6346105747946,5
2024-09-16 09:48:48.899000,418.6562161184256,105
2024-09-16 09:48:48.941000,418.65138796616185,99
2024-09-16 09:48:49.093000,418.68819017678686,6
2024-09-16 09:48:49.098000,418.6223062637818,10
2024-09-16 09:48:49.140000,418.659812298818,103
2024-09-16 09:48:49.229000,418.6739630396197,1005
2024-09-16 09:48:49.261000,418.6488148618109,95
2024-09-16 09:48:49.262000,418.65260897939,104
2024-09-16 09:48:49.298000,418.6955428314894,95
2024-09-16 09:48:49.653000,418.6495732127941,14
2024-09-16 09:48:49.712000,418.6315364306576,9
2024-09-16 09:48:49.779000,418.66814012705777,995
2024-09-16 09:48:49.812000,418.69900068673337,1003
2024-09-16 09:48:49.817000,418.6609752954265,98
2024-09-16 09:48:49.913000,418.6870600562669,101
2024-09-16 09:48:49.994000,418.69932123006384,995
2024-09-16 09:48:50.060000,418.6205017686727,103
2024-09-16 09:48:50.107000,418.5625226555871,104
2024-09-16 09:48:50.139000,418.5639135999263,7
2024-09-16 09:48:50.212000,418.6408186413312,96
2024-09-16 09:48:50.242000,418.5753975817312,104
2024-09-16 09:48:50.262000,418.618608678024,14
2024-09-16 09:48:50.282000,418.6348646966191,997
2024-09-16 09:48:50.302000,418.6074591590594,99
2024-09-16 09:48:50.340000,418.5789567551265,1000
2024-09-16 09:48:50.341000,418.5500358900368,13
2024-09-16 09:48:50.356000,418.5850190497778,1003
2024-09-16 09:48:50.402000,418.6429389352252,1005
2024-09-16 09:48:50.439000,418.6077496358558,998
2024-09-16 09:48:50.550000,418.6400109269693,15
2024-09-16 09:48:50.577000,418.6276528076362,1001
2024-09-16 09:48:50.605000,418.57751407453657,98
2024-09-16 09:48:50.634000,418.6432551838868,996
2024-09-16 09:48:50.663000,418.52693467888434,998
2024-09-16 09:48:50.695000,418.6380982530404,5
2024-09-16 09:48:50.800000,418.56888864857456,101
2024-09-16 09:48:50.819000,418.6171814718166,14
2024-09-16 09:48:50.833000,418.5455652082513,11
2024-09-16 09:48:50.909000,418.6037693606557,8
2024-09-16 09:48:50.988000,418.52700075214887,1000
2024-09-16 09:48:51.097000,418.6342696097023,11
2024-09-16 09:48:51.172000,418.54382949333535,102
2024-09-16 09:48:51.182000,418.5697187132584,100
2024-09-16 09:48:51.193000,418.6441518550303,15
2024-09-16 09:48:51.223000,418.53108155427697,98
2024-09-16 09:48:51.357000,418.5922810863553,98
2024-09-16 09:48:51.383000,418.609847841704,1002
2024-09-16 09:48:51.389000,418.5724221460205,996
2024-09-16 09:48:51.423000,418.588157126601,5
2024-09-16 09:48:51.454000,418.5743680312562,999
2024-09-16 09:48:51.556000,418.6197387815555,997
2024-09-16 09:48:51.564000,418.5900816689152,14
2024-09-16 09:48:51.637000,418.64141193246166,96
2024-09-16 09:48:51.690000,418.6343595281541,1005
2024-09-16 09:48:51.715000,418.5503266853309,997
2024-09-16 09:48:51.722000,418.58509042728633,12
2024-09-16 09:48:51.758000,418.56630881871007,105
2024-09-16 09:48:51.786000,418.64370465760845,103
2024-09-16 09:48:51.849000,418.63560202832446,13
2024-09-16 09:48:51.871000,418.6296536431372,14
2024-09-16 09:48:51.890000,418.5779835174592,12
2024-09-16 09:48:51.961000,418.61830411799656,10
2024-09-16 09:48:52.027000,418.6729588988008,99
2024-09-16 09:48:52.084000,418.6455186034499,9
2024-09-16 09:48:52.144000,418.5977318717135,98
2024-09-16 09:48:52.174000,418.6551732483461,1002
2024-09-16 09:48:52.236000,418.6355838676868,100
2024-09-16 09:48:52.420000,418.62999720762855,7
2024-09-16 09:48:52.509000,418.62444767479786,10
2024-09-16 09:48:52.550000,418.6524319235982,999
2024-09-16 09:48:52.551000,418.6013857059929,98
2024-09-16 09:48:52.680000,418.5910858261967,98
2024-09-16 09:48:52.697000,418.6395610874616,101
2024-09-16 09:48:52.702000,418.6776863603366,10
2024-09-16 09:48:52.733000,418.66356220575193,99
2024-09-16 09:48:52.840000,418.60445424277583,995
2024-09-16 09:48:52.851000,418.6647659032207,1005
2024-09-16 09:48:52.869000,418.6312186928266,1003
2024-09-16 09:48:52.906000,418.66538792191983,95
2024-09-16 09:48:52.916000,418.6739467507008,1004
2024-09-16 09:48:52.918000,418.601788810968,1000
2024-09-16 09:48:52.922000,418.6691819780086,99
2024-09-16 09:48:52.942000,418.5921093814858,996
2024-09-16 09:48:52.946000,418.5906650169,15
2024-09-16 09:48:53.034000,418.5893525621202,15
2024-09-16 09:48:53.109000,418.6534850066095,998
2024-09-16 09:48:53.188000,418.6540353827232,998
2024-09-16 09:48:53.244000,418.6137527730316,102
2024-09-16 09:48:53.260000,418.5889151570732,102
2024-09-16 09:48:53.273000,418.6441351574943,99
2024-09-16 09:48:53.387000,418.6644248947952,5
2024-09-16 09:48:53.485000,418.6426946901721,11
2024-09-16 09:48:53.507000,418.6565308862376,104
2024-09-16 09:48:53.512000,418.5970853903148,6
2024-09-16 09:48:53.558000,418.639200858939,105
2024-09-16 09:48:53.602000,418.62559832413126,95
2024-09-16 09:48:53.604000,418.6377019812158,5
2024-09-16 09:48:53.689000,418.6535366153635,13
2024-09-16 09:48:53.931000,418.6244254385854,98
2024-09-16 09:48:54.022000,418.6068397977731,13
2024-09-16 09:48:54.026000,418.6192825683867,101
2024-09-16 09:48:54.028000,418.5991484918246,9
2024-09-16 09:48:54.039000,418.5571924303284,8
2024-09-16 09:48:54.059000,418.5672927275952,101
2024-09-16 09:48:54.073000,418.5861788394152,102
2024-09-16 09:48:54.099000,418.5706232098676,13
2024-09-16 09:48:54.235000,418.5860374887071,1005
2024-09-16 09:48:54.235000,418.5665017481018,1003
2024-09-16 09:48:54.236000,418.5555686761032,1005
2024-09-16 09:48:54.243000,418.6187714365117,1001
2024-09-16 09:48:54.254000,418.5498868475327,99
2024-09-16 09:48:54.261000,418.5727857305642,995
2024-09-16 09:48:54.443000,418.6082845560953,1005
2024-09-16 09:48:54.515000,418.6139633259962,1003
2024-09-16 09:48:54.545000,418.6135733544664,1004
2024-09-16 09:48:54.606000,418.5601299074619,999
2024-09-16 09:48:54.616000,418.59004359868726,102
2024-09-16 09:48:54.627000,418.58207472778247,1005
2024-09-16 09:48:54.644000,418.5784533801556,1005
2024-09-16 09:48:54.671000,418.5821212237718,9
2024-09-16 09:48:54.677000,418.6255220532837,95
2024-09-16 09:48:54.734000,418.5985696938771,11
2024-09-16 09:48:54.748000,418.5452146168475,100
2024-09-16 09:48:54.809000,418.5832128090286,1001
2024-09-16 09:48:54.828000,418.6071764042261,13
2024-09-16 09:48:54.845000,418.60678027899576,104
2024-09-16 09:48:54.858000,418.59842185237767,101
2024-09-16 09:48:54.903000,418.57857254031256,105
2024-09-16 09:48:54.934000,418.5644643662991,1004
2024-09-16 09:48:55.082000,418.6244074419855,1001
2024-09-16 09:48:55.158000,418.622255416281,95
2024-09-16 09:48:55.170000,418.586846310184,103
2024-09-16 09:48:55.476000,418.6475082800338,95
2024-09-16 09:48:55.607000,418.61516289956745,1002
2024-09-16 09:48:55.666000,418.6035937615039,98
2024-09-16 09:48:55.813000,418.64014294348016,101
2024-09-16 09:48:55.844000,418.6215616554602,998
2024-09-16 09:48:55.898000,418.6192885807968,99
2024-09-16 09:48:55.955000,418.618882363654,10
2024-09-16 09:48:56.026000,418.6435825990318,96
2024-09-16 09:48:56.129000,418.65451322297,997
2024-09-16 09:48:56.130000,418.62367063723775,11
2024-09-16 09:48:56.171000,418.650843681882,102
2024-09-16 09:48:56.194000,418.6456244945243,1001
2024-09-16 09:48:56.230000,418.6200681217339,9
2024-09-16 09:48:56.231000,418.6649637319688,96
2024-09-16 09:48:56.238000,418.6519034628872,99
2024-09-16 09:48:56.244000,418.6461450316951,14
2024-09-16 09:48:56.319000,418.6473025722859,103
2024-09-16 09:48:56.460000,418.6389190365607,8
2024-09-16 09:48:56.499000,418.6345600341063,103
2024-09-16 09:48:56.570000,418.6021929628988,6
2024-09-16 09:48:56.587000,418.6536210639155,99
2024-09-16 09:48:56.632000,418.6352236152667,98
2024-09-16 09:48:56.632000,418.6447703808837,13
2024-09-16 09:48:56.645000,418.60824422203086,1005
2024-09-16 09:48:56.752000,418.6318517146669,5
2024-09-16 09:48:56.804000,418.6435728269821,95
2024-09-16 09:48:56.906000,418.64354379958775,98
2024-09-16 09:48:57.181000,418.5428237426708,12
2024-09-16 09:48:57.290000,418.5929174830944,996
2024-09-16 09:48:57.331000,418.6284983628957,11
2024-09-16 09:48:57.379000,418.5351265924127,103
2024-09-16 09:48:57.406000,418.6322493863539,6
2024-09-16 09:48:57.521000,418.58645156101113,1000
2024-09-16 09:48:57.600000,418.583221307023,100
2024-09-16 09:48:57.645000,418.59355298434497,10
2024-09-16 09:48:57.703000,418.6182217408668,999
2024-09-16 09:48:57.733000,418.545487139167,11
2024-09-16 09:48:57.766000,418.5618714583181,1004
2024-09-16 09:48:57.935000,418.64059118669326,15
2024-09-16 09:48:57.952000,418.59212268058894,1003
2024-09-16 09:48:57.990000,418.61169133380594,99
2024-09-16 09:48:58.059000,418.5593673297936,7
2024-09-16 09:48:58.081000,418.5175802922346,8
2024-09-16 09:48:58.336000,418.5588662384884,1002
2024-09-16 09:48:58.631000,418.525520663862,9
2024-09-16 09:48:58.718000,418.548489551779,15
2024-09-16 09:48:58.823000,418.5225348284978,11
2024-09-16 09:48:58.834000,418.5310323739152,13
2024-09-16 09:48:59.685000,418.5719005246267,1000
2024-09-16 09:48:59.781000,418.581753842189,103
2024-09-16 09:48:59.783000,418.5921080177082,98
