Timestamp,Price,Size
2024-09-16 11:53:00.001000,417.55430082192464,97
2024-09-16 11:53:00.004000,417.6293499377185,999
2024-09-16 11:53:00.078000,417.5719630462897,12
2024-09-16 11:53:00.132000,417.6032308522244,1005
2024-09-16 11:53:00.146000,417.5639281030418,7
2024-09-16 11:53:00.199000,417.61353210360994,998
2024-09-16 11:53:00.299000,417.6196618679836,5
2024-09-16 11:53:00.332000,417.5991014435584,95
2024-09-16 11:53:00.545000,417.5507239465655,998
2024-09-16 11:53:00.611000,417.5756839587195,13
2024-09-16 11:53:00.769000,417.5757658108181,999
2024-09-16 11:53:00.834000,417.6061789444115,97
2024-09-16 11:53:00.877000,417.58176194394736,1000
2024-09-16 11:53:00.890000,417.5733301292464,1003
2024-09-16 11:53:01.091000,417.5882730618614,1004
2024-09-16 11:53:01.111000,417.6118206142503,10
2024-09-16 11:53:01.253000,417.5988341297374,95
2024-09-16 11:53:01.357000,417.5939859831,10
2024-09-16 11:53:01.385000,417.60542909305184,9
2024-09-16 11:53:01.504000,417.6020847552946,1001
2024-09-16 11:53:01.543000,417.5960384144921,999
2024-09-16 11:53:01.561000,417.5971783043626,97
2024-09-16 11:53:01.573000,417.5941592557291,101
2024-09-16 11:53:01.649000,417.5900180824697,1002
2024-09-16 11:53:01.662000,417.60266268200655,8
2024-09-16 11:53:01.708000,417.5868062348613,13
2024-09-16 11:53:01.708000,417.60249204379926,998
2024-09-16 11:53:01.713000,417.626650525989,1003
2024-09-16 11:53:01.715000,417.584082539804,105
2024-09-16 11:53:01.755000,417.6054362130733,105
2024-09-16 11:53:01.771000,417.6156172212997,997
2024-09-16 11:53:01.772000,417.60301255251386,998
2024-09-16 11:53:01.772000,417.5726117643333,10
2024-09-16 11:53:01.777000,417.5824716410381,97
2024-09-16 11:53:01.864000,417.6017511488648,1002
2024-09-16 11:53:01.882000,417.6040866454224,96
2024-09-16 11:53:01.901000,417.593158709976,97
2024-09-16 11:53:01.909000,417.5971609756837,12
2024-09-16 11:53:02.034000,417.61039736421947,9
2024-09-16 11:53:02.196000,417.6007708057816,15
2024-09-16 11:53:02.381000,417.5879183548099,99
2024-09-16 11:53:02.403000,417.6117315925477,101
2024-09-16 11:53:02.417000,417.5932071755493,11
2024-09-16 11:53:02.424000,417.6010667734285,102
2024-09-16 11:53:02.461000,417.5887205896439,100
2024-09-16 11:53:02.495000,417.6007940883445,996
2024-09-16 11:53:02.557000,417.6054529868648,1001
2024-09-16 11:53:02.565000,417.60951779860926,104
2024-09-16 11:53:02.567000,417.58724058297054,999
2024-09-16 11:53:02.580000,417.6009050853216,95
2024-09-16 11:53:02.585000,417.5959268862634,104
2024-09-16 11:53:02.599000,417.59529760722086,103
2024-09-16 11:53:02.674000,417.61581920506535,7
2024-09-16 11:53:02.731000,417.5826817005964,7
2024-09-16 11:53:02.820000,417.5979702252694,96
2024-09-16 11:53:02.823000,417.583307000345,996
2024-09-16 11:53:02.923000,417.6085137120478,100
2024-09-16 11:53:02.953000,417.6087905128653,14
2024-09-16 11:53:02.995000,417.6059512637556,999
2024-09-16 11:53:02.999000,417.60828813157184,10
2024-09-16 11:53:03.228000,417.6486930730253,102
2024-09-16 11:53:03.369000,417.6272260966671,13
2024-09-16 11:53:03.490000,417.6441899654346,96
2024-09-16 11:53:03.511000,417.63573844078405,1005
2024-09-16 11:53:03.544000,417.6228927919006,8
2024-09-16 11:53:03.647000,417.6193743418306,15
2024-09-16 11:53:03.672000,417.6123708217151,102
2024-09-16 11:53:03.733000,417.6292658266543,997
2024-09-16 11:53:03.925000,417.618976087596,105
2024-09-16 11:53:04.019000,417.6530081530671,104
2024-09-16 11:53:04.032000,417.6107594851892,104
2024-09-16 11:53:04.311000,417.6528743594257,6
2024-09-16 11:53:04.316000,417.55856496553,7
2024-09-16 11:53:04.317000,417.6473188357394,10
2024-09-16 11:53:04.406000,417.6629178326705,8
2024-09-16 11:53:04.443000,417.6579571179182,7
2024-09-16 11:53:04.453000,417.6483191103484,11
2024-09-16 11:53:04.454000,417.64663508180223,14
2024-09-16 11:53:04.519000,417.5843153659458,105
2024-09-16 11:53:04.610000,417.6758809702416,996
2024-09-16 11:53:04.732000,417.62615605191286,9
2024-09-16 11:53:04.760000,417.6738608363712,102
2024-09-16 11:53:04.858000,417.6795256581564,100
2024-09-16 11:53:04.875000,417.56009973771273,103
2024-09-16 11:53:04.906000,417.6620191832532,997
2024-09-16 11:53:04.956000,417.6269124588412,996
2024-09-16 11:53:05.343000,417.5378603705659,9
2024-09-16 11:53:05.917000,417.5341029186153,100
2024-09-16 11:53:06.104000,417.53433344968767,1000
2024-09-16 11:53:06.183000,417.5184944935284,11
2024-09-16 11:53:06.341000,417.5606238474687,1002
2024-09-16 11:53:06.404000,417.5448987140886,14
2024-09-16 11:53:06.559000,417.5325890529792,1002
2024-09-16 11:53:06.626000,417.5292419044664,1005
2024-09-16 11:53:07.024000,417.55729492175146,5
2024-09-16 11:53:07.060000,417.6029358559443,995
2024-09-16 11:53:07.117000,417.6239954390912,8
2024-09-16 11:53:07.118000,417.59254167399314,997
2024-09-16 11:53:07.314000,417.5765903791518,99
2024-09-16 11:53:07.317000,417.61815456251577,96
2024-09-16 11:53:07.328000,417.6139480151161,10
2024-09-16 11:53:07.375000,417.5401640337831,10
2024-09-16 11:53:07.532000,417.5575749097616,99
2024-09-16 11:53:07.536000,417.6205594558013,996
2024-09-16 11:53:07.572000,417.53822760339153,97
2024-09-16 11:53:07.600000,417.62441506481343,8
2024-09-16 11:53:07.613000,417.6043984413689,104
2024-09-16 11:53:07.688000,417.6155709546515,1001
2024-09-16 11:53:07.742000,417.61115875120606,1000
2024-09-16 11:53:07.762000,417.6255910214768,995
2024-09-16 11:53:07.773000,417.5801886082817,12
2024-09-16 11:53:07.927000,417.58357151434296,999
2024-09-16 11:53:07.930000,417.6076337825463,1002
2024-09-16 11:53:08.161000,417.6309727467256,1001
2024-09-16 11:53:08.187000,417.6275331754012,6
2024-09-16 11:53:08.195000,417.6548541666137,13
2024-09-16 11:53:08.211000,417.5819396325459,995
2024-09-16 11:53:08.237000,417.6259452451084,105
2024-09-16 11:53:08.276000,417.6430431457162,998
2024-09-16 11:53:08.286000,417.5927333031343,996
2024-09-16 11:53:08.294000,417.6243414545866,999
2024-09-16 11:53:08.358000,417.6369291719181,98
2024-09-16 11:53:08.427000,417.6296048880626,1002
2024-09-16 11:53:08.438000,417.5791754725445,999
2024-09-16 11:53:08.488000,417.64401333295433,95
2024-09-16 11:53:08.538000,417.6360991260056,1004
2024-09-16 11:53:08.574000,417.5777901734404,101
2024-09-16 11:53:08.620000,417.6100790078669,8
2024-09-16 11:53:08.682000,417.62196259224055,10
2024-09-16 11:53:08.699000,417.62002192327685,10
2024-09-16 11:53:08.726000,417.57543111429095,995
2024-09-16 11:53:08.754000,417.6279218824956,15
2024-09-16 11:53:08.796000,417.6365226645639,998
2024-09-16 11:53:08.810000,417.6336403490319,100
2024-09-16 11:53:08.813000,417.6145045845485,98
2024-09-16 11:53:08.833000,417.6089990784106,95
2024-09-16 11:53:08.903000,417.62006622598193,95
2024-09-16 11:53:08.941000,417.62159877952257,1002
2024-09-16 11:53:09.040000,417.655409259021,10
2024-09-16 11:53:09.075000,417.7015111550021,103
2024-09-16 11:53:09.129000,417.71547999101006,9
2024-09-16 11:53:09.207000,417.6452259224204,13
2024-09-16 11:53:09.299000,417.65950994221714,99
2024-09-16 11:53:09.392000,417.6830592943084,12
2024-09-16 11:53:09.487000,417.7170309432726,1000
2024-09-16 11:53:09.557000,417.6451925989774,95
2024-09-16 11:53:09.606000,417.7040692768121,1005
2024-09-16 11:53:09.688000,417.6521858243504,103
2024-09-16 11:53:09.765000,417.69205716953417,97
2024-09-16 11:53:09.854000,417.6884071061549,7
2024-09-16 11:53:09.933000,417.6982434091209,98
2024-09-16 11:53:10.027000,417.7061976442419,995
2024-09-16 11:53:10.053000,417.7176685342391,99
2024-09-16 11:53:10.092000,417.7143514699904,6
2024-09-16 11:53:10.119000,417.7502406060741,996
2024-09-16 11:53:10.146000,417.72475190262594,996
2024-09-16 11:53:10.178000,417.7202916808228,997
2024-09-16 11:53:10.516000,417.70076920255417,996
2024-09-16 11:53:10.521000,417.77092867172905,998
2024-09-16 11:53:10.575000,417.7213683708599,998
2024-09-16 11:53:10.630000,417.7416071554227,13
2024-09-16 11:53:10.662000,417.7165770792782,97
2024-09-16 11:53:10.851000,417.7412052693844,995
2024-09-16 11:53:10.909000,417.7229087098826,1004
2024-09-16 11:53:11.086000,417.776655459549,999
2024-09-16 11:53:11.129000,417.7676473472248,102
2024-09-16 11:53:11.161000,417.7609865181636,10
2024-09-16 11:53:11.250000,417.7715338908516,99
2024-09-16 11:53:11.263000,417.7510464740976,13
2024-09-16 11:53:11.331000,417.7791263697404,103
2024-09-16 11:53:11.357000,417.7389370176749,995
2024-09-16 11:53:11.376000,417.7681274313677,1005
2024-09-16 11:53:11.449000,417.76590433371297,13
2024-09-16 11:53:11.561000,417.7361192324307,12
2024-09-16 11:53:11.641000,417.761646125882,996
2024-09-16 11:53:11.650000,417.776341821006,9
2024-09-16 11:53:11.663000,417.7966710771857,14
2024-09-16 11:53:11.681000,417.7607254395935,999
2024-09-16 11:53:11.684000,417.7836240446001,95
2024-09-16 11:53:11.685000,417.7543004968037,13
2024-09-16 11:53:11.710000,417.7890083958083,100
2024-09-16 11:53:11.828000,417.7616112555846,101
2024-09-16 11:53:11.836000,417.8064930542922,99
2024-09-16 11:53:11.854000,417.7677382248527,1005
2024-09-16 11:53:11.929000,417.7430464368591,999
2024-09-16 11:53:12.174000,417.73425461809774,95
2024-09-16 11:53:12.355000,417.71302723381416,8
2024-09-16 11:53:12.391000,417.706154657082,995
2024-09-16 11:53:12.499000,417.7708450127912,104
2024-09-16 11:53:12.501000,417.7115646106296,1004
2024-09-16 11:53:12.508000,417.724660193765,9
2024-09-16 11:53:12.542000,417.7610031745317,997
2024-09-16 11:53:12.572000,417.7152135370184,95
2024-09-16 11:53:12.609000,417.7140591318064,8
2024-09-16 11:53:12.691000,417.7113759150066,13
2024-09-16 11:53:12.749000,417.7027411626362,102
2024-09-16 11:53:13.119000,417.7140595274645,7
2024-09-16 11:53:13.170000,417.7111364440629,101
2024-09-16 11:53:13.268000,417.6855383000804,97
2024-09-16 11:53:13.404000,417.7415048761727,11
2024-09-16 11:53:13.441000,417.712424499122,12
2024-09-16 11:53:13.467000,417.70953311491326,998
2024-09-16 11:53:13.580000,417.6912777520213,96
2024-09-16 11:53:13.639000,417.7192896613909,999
2024-09-16 11:53:13.655000,417.69993623325234,9
2024-09-16 11:53:13.782000,417.71136980591,7
2024-09-16 11:53:13.883000,417.7046635073604,1004
2024-09-16 11:53:14.037000,417.66868578766577,104
2024-09-16 11:53:14.049000,417.6851275968476,96
2024-09-16 11:53:14.071000,417.6576922916658,101
2024-09-16 11:53:14.118000,417.6875336288326,10
2024-09-16 11:53:14.140000,417.6731697674385,15
2024-09-16 11:53:14.157000,417.6771629713701,6
2024-09-16 11:53:14.179000,417.65315145966144,996
2024-09-16 11:53:14.197000,417.674178373899,9
2024-09-16 11:53:14.218000,417.6721379424072,995
2024-09-16 11:53:14.302000,417.68695924788,1005
2024-09-16 11:53:14.345000,417.6793081729002,8
2024-09-16 11:53:14.359000,417.6775054318981,997
2024-09-16 11:53:14.384000,417.6775208351449,996
2024-09-16 11:53:14.384000,417.67745240970953,101
2024-09-16 11:53:14.442000,417.64979287486136,95
2024-09-16 11:53:14.540000,417.675335871348,996
2024-09-16 11:53:14.597000,417.6594735026928,96
2024-09-16 11:53:14.642000,417.6575375633159,100
2024-09-16 11:53:14.763000,417.6797470551942,99
2024-09-16 11:53:14.806000,417.6747660490345,13
2024-09-16 11:53:14.818000,417.6805652345868,102
2024-09-16 11:53:14.832000,417.63569749898113,998
2024-09-16 11:53:15.214000,417.6661829756173,103
2024-09-16 11:53:15.228000,417.7431519922235,97
2024-09-16 11:53:15.445000,417.71276725398593,97
2024-09-16 11:53:15.577000,417.7319276371188,103
2024-09-16 11:53:15.637000,417.6934134958128,996
2024-09-16 11:53:15.929000,417.70750382251856,1004
2024-09-16 11:53:15.982000,417.6762972480822,998
2024-09-16 11:53:15.996000,417.63143525184313,11
2024-09-16 11:53:17.007000,417.7029700826189,104
2024-09-16 11:53:17.082000,417.6475902678292,99
2024-09-16 11:53:17.137000,417.67698032301047,995
2024-09-16 11:53:17.145000,417.72344484884167,101
2024-09-16 11:53:17.220000,417.6843913060319,102
2024-09-16 11:53:17.410000,417.6616369758509,996
2024-09-16 11:53:17.467000,417.6861048603083,103
2024-09-16 11:53:17.499000,417.6803370383888,11
2024-09-16 11:53:17.530000,417.7173027541053,995
2024-09-16 11:53:17.563000,417.7155456044752,104
2024-09-16 11:53:17.599000,417.6562704771766,98
2024-09-16 11:53:17.659000,417.6505232020797,99
2024-09-16 11:53:17.700000,417.7311483002724,13
2024-09-16 11:53:17.716000,417.6833586517644,14
2024-09-16 11:53:17.813000,417.7026250308896,95
2024-09-16 11:53:17.829000,417.7231569533554,998
2024-09-16 11:53:17.833000,417.6782462733953,12
2024-09-16 11:53:17.919000,417.6575532920872,15
2024-09-16 11:53:18.002000,417.6866499158015,103
2024-09-16 11:53:18.314000,417.67799214234384,15
2024-09-16 11:53:18.502000,417.7125520258402,5
2024-09-16 11:53:18.504000,417.6674072267151,14
2024-09-16 11:53:18.505000,417.6584639140505,1004
2024-09-16 11:53:18.530000,417.6695345012968,95
2024-09-16 11:53:18.569000,417.6937951140361,1003
2024-09-16 11:53:18.735000,417.70775961785387,14
2024-09-16 11:53:18.786000,417.6686858635382,1004
2024-09-16 11:53:18.832000,417.6929632505877,9
2024-09-16 11:53:19.019000,417.5784407829496,10
2024-09-16 11:53:19.052000,417.6495917329545,98
2024-09-16 11:53:19.164000,417.6915986824279,997
2024-09-16 11:53:19.166000,417.6865740019188,6
2024-09-16 11:53:19.292000,417.6645671514172,101
2024-09-16 11:53:19.406000,417.6450437989313,9
2024-09-16 11:53:19.407000,417.6680604329633,1003
2024-09-16 11:53:19.486000,417.6143183445568,97
2024-09-16 11:53:19.501000,417.6514493449548,96
2024-09-16 11:53:19.572000,417.6387431710039,98
2024-09-16 11:53:19.620000,417.6639418263115,95
2024-09-16 11:53:19.637000,417.69340399047496,996
2024-09-16 11:53:19.640000,417.6708682613301,15
2024-09-16 11:53:19.652000,417.6502940030675,1004
2024-09-16 11:53:19.713000,417.649011776005,13
2024-09-16 11:53:19.733000,417.68784181078325,1005
2024-09-16 11:53:19.788000,417.58688483027714,99
2024-09-16 11:53:19.793000,417.65564119041255,997
2024-09-16 11:53:19.847000,417.6572532716888,10
2024-09-16 11:53:19.895000,417.65833530688633,1003
2024-09-16 11:53:19.902000,417.6611641294679,100
2024-09-16 11:53:19.931000,417.640011891602,10
2024-09-16 11:53:20.040000,417.5174723558388,15
2024-09-16 11:53:20.108000,417.5692276464061,1001
2024-09-16 11:53:20.151000,417.4899642232167,1004
2024-09-16 11:53:20.191000,417.55016941235766,995
2024-09-16 11:53:20.218000,417.539906075694,15
2024-09-16 11:53:20.249000,417.5685278082992,15
2024-09-16 11:53:20.253000,417.56627049574297,99
2024-09-16 11:53:20.318000,417.55626487045953,95
2024-09-16 11:53:20.330000,417.4882563247636,100
2024-09-16 11:53:20.544000,417.552837361064,1002
2024-09-16 11:53:20.589000,417.54682248729614,99
2024-09-16 11:53:20.640000,417.5589678629021,101
2024-09-16 11:53:20.659000,417.5537657473089,100
2024-09-16 11:53:20.734000,417.51044539710807,15
2024-09-16 11:53:20.820000,417.4895158482208,96
2024-09-16 11:53:20.822000,417.487909794332,14
2024-09-16 11:53:20.889000,417.53251517529145,1001
2024-09-16 11:53:20.914000,417.5486563199071,1000
2024-09-16 11:53:20.939000,417.55043037761976,13
2024-09-16 11:53:20.969000,417.5372301908421,995
2024-09-16 11:53:21.002000,417.5132510612934,6
2024-09-16 11:53:21.100000,417.5978506549741,104
2024-09-16 11:53:21.227000,417.5466431353028,100
2024-09-16 11:53:21.300000,417.53082757976233,12
2024-09-16 11:53:21.308000,417.5020242068612,97
2024-09-16 11:53:21.342000,417.5383797098936,997
2024-09-16 11:53:21.370000,417.5797502359141,5
2024-09-16 11:53:21.388000,417.5263614546483,98
2024-09-16 11:53:21.430000,417.5250642363448,9
2024-09-16 11:53:21.473000,417.4942062690473,996
2024-09-16 11:53:21.548000,417.5042896483421,999
2024-09-16 11:53:21.550000,417.5106459982536,9
2024-09-16 11:53:21.587000,417.4911186481518,14
2024-09-16 11:53:21.601000,417.56856932676976,996
2024-09-16 11:53:21.677000,417.49715273689407,995
2024-09-16 11:53:21.711000,417.50728022480376,6
2024-09-16 11:53:21.724000,417.48226422135855,105
2024-09-16 11:53:21.850000,417.556064197351,101
2024-09-16 11:53:21.865000,417.492456028932,105
2024-09-16 11:53:21.869000,417.5505604993875,95
2024-09-16 11:53:21.984000,417.5175824446463,1002
2024-09-16 11:53:22.025000,417.6221110001737,97
2024-09-16 11:53:22.081000,417.6041929850336,5
2024-09-16 11:53:22.131000,417.6431710616719,5
2024-09-16 11:53:22.278000,417.5940005936616,10
2024-09-16 11:53:22.307000,417.6747432360846,95
2024-09-16 11:53:22.318000,417.7063570828614,6
2024-09-16 11:53:22.325000,417.6006667215995,5
2024-09-16 11:53:22.335000,417.594329877217,12
2024-09-16 11:53:22.392000,417.6123159860187,14
2024-09-16 11:53:22.435000,417.607925243231,97
2024-09-16 11:53:22.486000,417.7116513031655,12
2024-09-16 11:53:22.577000,417.59761631245306,10
2024-09-16 11:53:22.624000,417.7018005657972,95
2024-09-16 11:53:22.646000,417.6079877333478,15
2024-09-16 11:53:22.677000,417.6934740233357,6
2024-09-16 11:53:22.764000,417.6697531156368,105
2024-09-16 11:53:22.799000,417.6029423585082,15
2024-09-16 11:53:22.860000,417.6929401239411,1001
2024-09-16 11:53:22.861000,417.69249898440194,98
2024-09-16 11:53:22.889000,417.6982088139115,1004
2024-09-16 11:53:22.894000,417.7036945742508,1002
2024-09-16 11:53:22.934000,417.5885578728074,104
2024-09-16 11:53:22.942000,417.7039411874968,105
2024-09-16 11:53:23.065000,417.6475705947359,99
2024-09-16 11:53:23.092000,417.71563659375136,1002
2024-09-16 11:53:23.102000,417.7166022116174,100
2024-09-16 11:53:23.107000,417.686322887984,13
2024-09-16 11:53:23.129000,417.67645310119593,1004
2024-09-16 11:53:23.136000,417.67428130299504,1001
2024-09-16 11:53:23.140000,417.7047302288424,7
2024-09-16 11:53:23.186000,417.6997512592095,8
2024-09-16 11:53:23.299000,417.7263313773378,101
2024-09-16 11:53:23.319000,417.7034040051217,12
2024-09-16 11:53:23.370000,417.69899070062206,1001
2024-09-16 11:53:23.384000,417.7062364295854,1001
2024-09-16 11:53:23.452000,417.6639453073576,10
2024-09-16 11:53:23.507000,417.64282499754006,1000
2024-09-16 11:53:23.535000,417.6665166999587,997
2024-09-16 11:53:23.539000,417.7049381608151,98
2024-09-16 11:53:23.556000,417.7044200225666,1001
2024-09-16 11:53:23.736000,417.7060633227556,101
2024-09-16 11:53:23.739000,417.7060677308023,1004
2024-09-16 11:53:23.921000,417.7113171874621,99
2024-09-16 11:53:23.962000,417.68661228010006,14
2024-09-16 11:53:24.100000,417.661513689184,996
2024-09-16 11:53:24.117000,417.6690092103245,995
2024-09-16 11:53:24.159000,417.63397008356975,95
2024-09-16 11:53:24.201000,417.6546227635223,1001
2024-09-16 11:53:24.210000,417.6497971686256,8
2024-09-16 11:53:24.249000,417.66437097047066,9
2024-09-16 11:53:24.353000,417.6610919953255,6
2024-09-16 11:53:24.472000,417.6591072871187,1005
2024-09-16 11:53:24.501000,417.6495165352517,998
2024-09-16 11:53:24.528000,417.6543157569421,104
2024-09-16 11:53:24.605000,417.6544848740084,8
2024-09-16 11:53:24.729000,417.62828506687873,99
2024-09-16 11:53:24.745000,417.64034906783166,13
2024-09-16 11:53:24.820000,417.6320418060597,11
2024-09-16 11:53:24.836000,417.6452969557637,103
2024-09-16 11:53:24.971000,417.6480006681938,998
2024-09-16 11:53:24.973000,417.6567084842194,999
2024-09-16 11:53:24.979000,417.6510852155676,100
2024-09-16 11:53:25.058000,417.6678772000531,1000
2024-09-16 11:53:25.137000,417.6097265639676,995
2024-09-16 11:53:25.200000,417.6251162070195,102
2024-09-16 11:53:25.202000,417.6138353861674,96
2024-09-16 11:53:25.265000,417.6724151861421,102
2024-09-16 11:53:25.301000,417.65591743772455,1000
2024-09-16 11:53:25.483000,417.65816754767576,997
2024-09-16 11:53:25.516000,417.6478648723942,1005
2024-09-16 11:53:25.543000,417.6441319072881,10
2024-09-16 11:53:25.649000,417.6508994696838,998
2024-09-16 11:53:25.649000,417.6404856178412,6
2024-09-16 11:53:25.731000,417.6441248925879,1003
2024-09-16 11:53:25.731000,417.6445785701208,103
2024-09-16 11:53:25.766000,417.655781823997,1004
2024-09-16 11:53:25.794000,417.6235139771644,103
2024-09-16 11:53:25.819000,417.6412557809992,1005
2024-09-16 11:53:26.240000,417.6520527319325,97
2024-09-16 11:53:26.263000,417.6533505969246,10
2024-09-16 11:53:26.313000,417.6753561286373,15
2024-09-16 11:53:26.348000,417.6685060298326,100
2024-09-16 11:53:26.716000,417.6776915602164,1000
2024-09-16 11:53:26.799000,417.6793205993751,1004
2024-09-16 11:53:26.842000,417.66829182547554,13
2024-09-16 11:53:26.966000,417.67413362089866,7
2024-09-16 11:53:27.076000,417.7310709187329,999
2024-09-16 11:53:27.093000,417.7002529039646,6
2024-09-16 11:53:27.112000,417.706517313342,12
2024-09-16 11:53:27.168000,417.7326248378912,995
2024-09-16 11:53:27.177000,417.7121776386489,995
2024-09-16 11:53:27.216000,417.7054811309028,100
2024-09-16 11:53:27.217000,417.7034657734823,1004
2024-09-16 11:53:27.242000,417.7107293411257,6
2024-09-16 11:53:27.296000,417.7369253614351,1003
2024-09-16 11:53:27.383000,417.6557038350209,15
2024-09-16 11:53:27.418000,417.7247610722628,6
2024-09-16 11:53:27.430000,417.6561510331742,995
2024-09-16 11:53:27.524000,417.73959566815057,101
2024-09-16 11:53:27.550000,417.72462876725206,1002
2024-09-16 11:53:27.550000,417.6616869013669,1005
2024-09-16 11:53:27.621000,417.663943593509,14
2024-09-16 11:53:27.698000,417.6967658663904,95
2024-09-16 11:53:27.701000,417.6658433141816,98
2024-09-16 11:53:27.755000,417.6975755730146,13
2024-09-16 11:53:27.776000,417.73607394867525,98
2024-09-16 11:53:27.879000,417.7256629675114,1003
2024-09-16 11:53:27.882000,417.6960979123273,95
2024-09-16 11:53:28.052000,417.71469185520647,13
2024-09-16 11:53:28.064000,417.72179563700826,103
2024-09-16 11:53:28.067000,417.7072733920608,995
2024-09-16 11:53:28.144000,417.7426714162602,97
2024-09-16 11:53:28.154000,417.7434644499075,995
2024-09-16 11:53:28.162000,417.7224104910208,103
2024-09-16 11:53:28.183000,417.7221429521384,1004
2024-09-16 11:53:28.244000,417.768960417056,98
2024-09-16 11:53:28.290000,417.7256335058223,6
2024-09-16 11:53:28.293000,417.7435472379888,999
2024-09-16 11:53:28.519000,417.7020540973599,101
2024-09-16 11:53:28.534000,417.7089245191368,13
2024-09-16 11:53:28.536000,417.7211113985141,1001
2024-09-16 11:53:28.550000,417.72774005798186,1002
2024-09-16 11:53:28.551000,417.7635693465923,96
2024-09-16 11:53:28.607000,417.7431472326469,8
2024-09-16 11:53:28.629000,417.76604491594367,997
2024-09-16 11:53:28.652000,417.7393901727296,14
2024-09-16 11:53:28.662000,417.7128524065793,104
2024-09-16 11:53:28.672000,417.7088900958747,12
2024-09-16 11:53:28.709000,417.71959854085617,10
2024-09-16 11:53:28.747000,417.7179833392025,997
2024-09-16 11:53:28.750000,417.7228339087098,96
2024-09-16 11:53:28.843000,417.7759472134669,15
2024-09-16 11:53:28.992000,417.7228500624606,997
2024-09-16 11:53:28.994000,417.7146207318908,1005
2024-09-16 11:53:29.014000,417.697239793316,1003
2024-09-16 11:53:29.017000,417.668788779639,999
2024-09-16 11:53:29.058000,417.6775526290472,104
2024-09-16 11:53:29.059000,417.6683998335845,99
2024-09-16 11:53:29.061000,417.6784683805048,96
2024-09-16 11:53:29.118000,417.70300983045377,999
2024-09-16 11:53:29.122000,417.6685335951123,98
2024-09-16 11:53:29.205000,417.67470567321993,7
2024-09-16 11:53:29.216000,417.6634478773198,102
2024-09-16 11:53:29.218000,417.6620016023719,12
2024-09-16 11:53:29.385000,417.6825871384397,13
2024-09-16 11:53:29.417000,417.6638554656395,14
2024-09-16 11:53:29.452000,417.6841693314933,11
2024-09-16 11:53:29.469000,417.6644786079752,1004
2024-09-16 11:53:29.512000,417.6508955723294,103
2024-09-16 11:53:29.583000,417.6462119477689,5
2024-09-16 11:53:29.585000,417.6792186897651,997
2024-09-16 11:53:29.613000,417.6659299848905,14
2024-09-16 11:53:29.682000,417.6567308102841,95
2024-09-16 11:53:29.708000,417.6784871867872,995
2024-09-16 11:53:29.762000,417.6819613443496,1000
2024-09-16 11:53:29.767000,417.6620451913349,1005
2024-09-16 11:53:29.807000,417.66232712522367,104
2024-09-16 11:53:29.855000,417.64642656806245,100
2024-09-16 11:53:29.905000,417.6933564829879,100
2024-09-16 11:53:29.930000,417.6697362136668,1002
2024-09-16 11:53:29.956000,417.6916852243792,9
2024-09-16 11:53:30.033000,417.6718748332771,7
2024-09-16 11:53:30.058000,417.6044905828529,11
2024-09-16 11:53:30.078000,417.6280614492901,1002
2024-09-16 11:53:30.099000,417.6643532724752,11
2024-09-16 11:53:30.148000,417.6669455602095,998
2024-09-16 11:53:30.218000,417.6727976036538,14
2024-09-16 11:53:30.379000,417.65557777224177,1002
2024-09-16 11:53:30.380000,417.6277795320197,99
2024-09-16 11:53:30.384000,417.61221162985527,998
2024-09-16 11:53:30.401000,417.6766095474469,7
2024-09-16 11:53:30.457000,417.59292434081954,5
2024-09-16 11:53:30.485000,417.6603678776683,1002
2024-09-16 11:53:30.516000,417.6621065840109,998
2024-09-16 11:53:30.538000,417.64164447326334,996
2024-09-16 11:53:30.594000,417.6352214300347,104
2024-09-16 11:53:30.656000,417.6257738423713,15
2024-09-16 11:53:30.662000,417.6612397072738,105
2024-09-16 11:53:30.713000,417.6000746486506,8
2024-09-16 11:53:30.728000,417.6388146491574,1000
2024-09-16 11:53:30.806000,417.59618806932457,95
2024-09-16 11:53:30.818000,417.6255292748477,13
2024-09-16 11:53:30.821000,417.5960404446095,15
2024-09-16 11:53:30.863000,417.60769334092,1003
2024-09-16 11:53:30.923000,417.6242281166732,14
2024-09-16 11:53:30.992000,417.6098251622151,102
2024-09-16 11:53:31.075000,417.6433049591215,995
2024-09-16 11:53:31.077000,417.5919406226471,99
2024-09-16 11:53:31.196000,417.6468192511756,95
2024-09-16 11:53:31.225000,417.6705253760165,1002
2024-09-16 11:53:31.241000,417.6879952300537,1001
2024-09-16 11:53:31.260000,417.63786856961485,95
2024-09-16 11:53:31.371000,417.6438032355612,1005
2024-09-16 11:53:31.377000,417.66329828302446,9
2024-09-16 11:53:31.411000,417.6555784296371,15
2024-09-16 11:53:31.415000,417.6414344319925,104
2024-09-16 11:53:31.469000,417.5975584312192,998
2024-09-16 11:53:31.475000,417.6431405997296,14
2024-09-16 11:53:31.529000,417.64841744762015,1004
2024-09-16 11:53:31.584000,417.65162239399126,995
2024-09-16 11:53:31.607000,417.6080487974544,15
2024-09-16 11:53:31.625000,417.64105448738246,12
2024-09-16 11:53:31.630000,417.6237458373338,103
2024-09-16 11:53:31.732000,417.6503695469548,15
2024-09-16 11:53:31.803000,417.6426837893349,996
2024-09-16 11:53:31.839000,417.6424625245511,7
2024-09-16 11:53:31.879000,417.624186278729,101
2024-09-16 11:53:31.893000,417.6631176457039,97
2024-09-16 11:53:31.912000,417.6728972974872,9
2024-09-16 11:53:31.941000,417.62641970083087,96
2024-09-16 11:53:31.949000,417.6265405791873,105
2024-09-16 11:53:31.980000,417.6316791552636,1005
2024-09-16 11:53:33.006000,417.72764460344257,8
2024-09-16 11:53:33.129000,417.7135325309178,104
2024-09-16 11:53:33.149000,417.7300386390732,97
2024-09-16 11:53:33.207000,417.6812140110261,1004
2024-09-16 11:53:33.343000,417.7117208418783,9
2024-09-16 11:53:33.391000,417.71205442963816,105
2024-09-16 11:53:33.397000,417.7270867281045,14
2024-09-16 11:53:33.401000,417.7246936819985,6
2024-09-16 11:53:33.482000,417.7113387967308,96
2024-09-16 11:53:33.501000,417.7016144979339,997
2024-09-16 11:53:33.602000,417.7145130918143,101
2024-09-16 11:53:33.653000,417.6678891269116,15
2024-09-16 11:53:33.679000,417.64693439451,102
2024-09-16 11:53:33.724000,417.7131425260475,13
2024-09-16 11:53:33.732000,417.7017510230342,1003
2024-09-16 11:53:33.821000,417.6714202926565,101
2024-09-16 11:53:33.850000,417.72155998101607,996
2024-09-16 11:53:33.875000,417.7267511504745,99
2024-09-16 11:53:34.029000,417.7146307125896,105
2024-09-16 11:53:34.086000,417.69129958113103,103
2024-09-16 11:53:34.126000,417.7037602699743,103
2024-09-16 11:53:34.227000,417.71101860059656,1001
2024-09-16 11:53:34.233000,417.6779870555511,13
2024-09-16 11:53:34.279000,417.7016357965735,1004
2024-09-16 11:53:34.308000,417.7073502569416,103
2024-09-16 11:53:34.382000,417.72511334985967,6
2024-09-16 11:53:34.399000,417.7002782252328,97
2024-09-16 11:53:34.426000,417.7064758339795,7
2024-09-16 11:53:34.431000,417.7086545952499,101
2024-09-16 11:53:34.585000,417.6943820275785,99
2024-09-16 11:53:34.613000,417.7115299385141,10
2024-09-16 11:53:34.688000,417.6832448195612,12
2024-09-16 11:53:34.689000,417.696262389058,102
2024-09-16 11:53:34.695000,417.7151787982047,12
2024-09-16 11:53:34.709000,417.6838956514017,5
2024-09-16 11:53:34.718000,417.7017592157183,1004
2024-09-16 11:53:34.718000,417.6950363855247,995
2024-09-16 11:53:34.803000,417.7073034171766,12
2024-09-16 11:53:34.805000,417.6943966885378,1000
2024-09-16 11:53:34.846000,417.6786470169015,13
2024-09-16 11:53:34.866000,417.6971921241797,9
2024-09-16 11:53:34.950000,417.6976008698216,100
2024-09-16 11:53:34.962000,417.7129189127408,101
2024-09-16 11:53:34.966000,417.6861408170148,6
2024-09-16 11:53:34.991000,417.7083749694093,995
2024-09-16 11:53:35.047000,417.76926398110845,996
2024-09-16 11:53:35.055000,417.7589246925945,96
2024-09-16 11:53:35.069000,417.7655655039986,104
2024-09-16 11:53:35.132000,417.7506171188038,14
2024-09-16 11:53:35.162000,417.734071813474,1002
2024-09-16 11:53:35.200000,417.7723881372165,105
2024-09-16 11:53:35.225000,417.7388066929629,996
2024-09-16 11:53:35.232000,417.76897029133306,10
2024-09-16 11:53:35.366000,417.72540330448544,11
2024-09-16 11:53:35.392000,417.73100334836965,1000
2024-09-16 11:53:35.395000,417.7928789934066,13
2024-09-16 11:53:35.531000,417.75248945985294,99
2024-09-16 11:53:35.552000,417.7850994044424,102
2024-09-16 11:53:35.582000,417.751725914754,97
2024-09-16 11:53:35.603000,417.7465360094999,7
2024-09-16 11:53:35.626000,417.7873699890703,15
2024-09-16 11:53:35.791000,417.7876798314349,1004
2024-09-16 11:53:35.810000,417.8030017354487,1004
2024-09-16 11:53:35.811000,417.7823204142655,98
2024-09-16 11:53:35.816000,417.7370164950344,99
2024-09-16 11:53:35.849000,417.759533594117,95
2024-09-16 11:53:35.930000,417.7465677814458,7
2024-09-16 11:53:35.942000,417.7643694818351,8
2024-09-16 11:53:35.950000,417.756061760229,6
2024-09-16 11:53:35.973000,417.7296607561136,997
2024-09-16 11:53:36.014000,417.7109348593076,1002
2024-09-16 11:53:36.084000,417.71775323034814,15
2024-09-16 11:53:36.090000,417.7245572404088,13
2024-09-16 11:53:36.096000,417.739788480825,1001
2024-09-16 11:53:36.225000,417.7201729881516,1003
2024-09-16 11:53:36.256000,417.7109962616205,96
2024-09-16 11:53:36.260000,417.7319676956178,1000
2024-09-16 11:53:36.277000,417.72691363977816,15
2024-09-16 11:53:36.305000,417.7237465271381,103
2024-09-16 11:53:36.318000,417.7236039453517,104
2024-09-16 11:53:36.439000,417.7310504248065,11
2024-09-16 11:53:36.467000,417.7326716268309,104
2024-09-16 11:53:36.628000,417.7395836420492,995
2024-09-16 11:53:36.638000,417.7158433508287,14
2024-09-16 11:53:36.814000,417.7306186752474,103
2024-09-16 11:53:36.876000,417.7472953519897,13
2024-09-16 11:53:36.931000,417.7218425268158,104
2024-09-16 11:53:36.931000,417.733432924686,100
2024-09-16 11:53:36.989000,417.7130436871615,1003
2024-09-16 11:53:37.015000,417.7382140268627,5
2024-09-16 11:53:37.048000,417.7056717913147,15
2024-09-16 11:53:37.062000,417.8059466024232,13
2024-09-16 11:53:37.066000,417.75773880420206,99
2024-09-16 11:53:37.069000,417.767698176339,98
2024-09-16 11:53:37.108000,417.74690364908486,1003
2024-09-16 11:53:37.113000,417.7346529389927,998
2024-09-16 11:53:37.157000,417.7275119453474,10
2024-09-16 11:53:37.187000,417.7997812626169,995
2024-09-16 11:53:37.199000,417.78796636416416,10
2024-09-16 11:53:37.273000,417.7942912490232,14
2024-09-16 11:53:37.296000,417.7673771060888,995
2024-09-16 11:53:37.309000,417.74296812136834,11
2024-09-16 11:53:37.341000,417.7217506146382,10
2024-09-16 11:53:37.412000,417.7821791262984,99
2024-09-16 11:53:37.485000,417.72475651129264,15
2024-09-16 11:53:37.597000,417.7975959494352,13
2024-09-16 11:53:37.678000,417.7338741134543,6
2024-09-16 11:53:37.721000,417.7030473329848,9
2024-09-16 11:53:37.841000,417.7649875072835,15
2024-09-16 11:53:37.859000,417.7247682434455,1000
2024-09-16 11:53:37.877000,417.72762356167686,95
2024-09-16 11:53:37.878000,417.7799699155154,99
2024-09-16 11:53:37.878000,417.7460650730746,15
2024-09-16 11:53:37.884000,417.8179662785605,998
2024-09-16 11:53:37.884000,417.6968940411716,105
2024-09-16 11:53:37.953000,417.73334386690976,8
2024-09-16 11:53:37.969000,417.7582338685655,997
2024-09-16 11:53:38.031000,417.7870983526479,103
2024-09-16 11:53:38.039000,417.813942804129,100
2024-09-16 11:53:38.070000,417.8205933781886,1003
2024-09-16 11:53:38.091000,417.8002961981389,1004
2024-09-16 11:53:38.130000,417.8026443162772,995
2024-09-16 11:53:38.159000,417.7863365152175,1001
2024-09-16 11:53:38.192000,417.8183247535072,95
2024-09-16 11:53:38.229000,417.826621105387,95
2024-09-16 11:53:38.288000,417.8257286586328,9
2024-09-16 11:53:38.366000,417.83303790436304,1001
2024-09-16 11:53:38.402000,417.8394758319488,6
2024-09-16 11:53:38.433000,417.8347520371216,6
2024-09-16 11:53:38.447000,417.8338136939392,103
2024-09-16 11:53:38.455000,417.822297080653,12
2024-09-16 11:53:38.502000,417.8399571840856,7
2024-09-16 11:53:38.521000,417.8340813188005,97
2024-09-16 11:53:38.531000,417.7620475417069,5
2024-09-16 11:53:38.547000,417.7567429272834,102
2024-09-16 11:53:38.711000,417.83010808942856,6
2024-09-16 11:53:38.733000,417.8336240146964,11
2024-09-16 11:53:38.742000,417.8315022569962,95
2024-09-16 11:53:38.757000,417.8081557689102,105
2024-09-16 11:53:38.764000,417.7492043724634,95
2024-09-16 11:53:38.824000,417.8204064223504,98
2024-09-16 11:53:38.891000,417.84353044547225,7
2024-09-16 11:53:38.909000,417.8246940056945,96
2024-09-16 11:53:38.969000,417.79003328760047,99
2024-09-16 11:53:38.979000,417.8104329776892,999
2024-09-16 11:53:38.985000,417.7948753200894,995
2024-09-16 11:53:39.021000,417.7280603246857,995
2024-09-16 11:53:39.029000,417.7179360985464,995
2024-09-16 11:53:39.032000,417.7497543470472,1000
2024-09-16 11:53:39.072000,417.7690941356563,1000
2024-09-16 11:53:39.120000,417.79056629479686,101
2024-09-16 11:53:39.263000,417.7262685396328,95
2024-09-16 11:53:39.283000,417.7467249922142,1005
2024-09-16 11:53:39.302000,417.737877118501,998
2024-09-16 11:53:39.368000,417.7441285668348,1002
2024-09-16 11:53:39.477000,417.7424872274185,5
2024-09-16 11:53:39.596000,417.7642379588031,1001
2024-09-16 11:53:39.801000,417.7384008685448,6
2024-09-16 11:53:39.940000,417.78593054476994,1004
2024-09-16 11:53:39.958000,417.7306064673388,13
2024-09-16 11:53:39.973000,417.7273887155764,96
2024-09-16 11:53:39.987000,417.71783459519867,101
2024-09-16 11:53:40.207000,417.78886196582,102
2024-09-16 11:53:40.950000,417.7920081902514,996
2024-09-16 11:53:40.951000,417.7845040043724,102
2024-09-16 11:53:40.987000,417.7815868302562,9
2024-09-16 11:53:41.206000,417.8726820510579,997
2024-09-16 11:53:41.209000,417.87710303879874,99
2024-09-16 11:53:41.243000,417.91968982194464,1002
2024-09-16 11:53:41.300000,417.88517088502897,10
2024-09-16 11:53:41.320000,417.8065485689755,15
2024-09-16 11:53:41.335000,417.9078038858432,103
2024-09-16 11:53:41.359000,417.920526476809,15
2024-09-16 11:53:41.374000,417.9135248774938,10
2024-09-16 11:53:41.459000,417.9065828950686,105
2024-09-16 11:53:41.487000,417.9178595617173,9
2024-09-16 11:53:41.502000,417.90041675271175,1002
2024-09-16 11:53:41.523000,417.85007906971134,102
2024-09-16 11:53:41.612000,417.8246607042103,6
2024-09-16 11:53:41.630000,417.89991025142655,5
2024-09-16 11:53:41.644000,417.848983150515,998
2024-09-16 11:53:41.649000,417.87020649294686,998
2024-09-16 11:53:41.753000,417.8408068237501,8
2024-09-16 11:53:41.763000,417.9171977949492,15
2024-09-16 11:53:41.822000,417.844475090941,1005
2024-09-16 11:53:41.840000,417.9309859144315,5
2024-09-16 11:53:41.847000,417.9116460691891,98
2024-09-16 11:53:41.860000,417.9080714879991,999
2024-09-16 11:53:41.961000,417.9077282900509,14
2024-09-16 11:53:41.973000,417.9166424413422,1005
2024-09-16 11:53:42.293000,417.9242036540098,997
2024-09-16 11:53:42.672000,417.93649399793736,95
2024-09-16 11:53:43.877000,417.9283930840636,7
2024-09-16 11:53:44.115000,417.91771414477176,1000
2024-09-16 11:53:44.171000,417.91899891042976,997
2024-09-16 11:53:44.218000,417.92956711101607,98
2024-09-16 11:53:44.275000,417.9295996537288,99
2024-09-16 11:53:44.334000,417.9209771208166,104
2024-09-16 11:53:44.340000,417.90314785589374,97
2024-09-16 11:53:44.395000,417.9362382015333,104
2024-09-16 11:53:44.466000,417.9223866346864,95
2024-09-16 11:53:44.522000,417.9319868803311,1002
2024-09-16 11:53:44.550000,417.9227554659906,13
2024-09-16 11:53:44.558000,417.9382671810624,6
2024-09-16 11:53:44.572000,417.90845447035406,1001
2024-09-16 11:53:44.705000,417.95541132845057,98
2024-09-16 11:53:44.709000,417.9689329988723,1001
2024-09-16 11:53:44.714000,417.90325041791306,8
2024-09-16 11:53:44.724000,417.9354363786969,10
2024-09-16 11:53:44.726000,417.9068640248673,1003
2024-09-16 11:53:44.728000,417.926835789301,103
2024-09-16 11:53:44.764000,417.920849759777,98
2024-09-16 11:53:44.774000,417.9574114542782,998
2024-09-16 11:53:44.864000,417.953882566428,96
2024-09-16 11:53:44.870000,417.95323640624105,11
2024-09-16 11:53:44.916000,417.9258224986404,105
2024-09-16 11:53:44.919000,417.916874331656,10
2024-09-16 11:53:44.920000,417.9294338782891,996
2024-09-16 11:53:44.943000,417.9393975086839,15
2024-09-16 11:53:44.966000,417.9268178360856,102
2024-09-16 11:53:44.977000,417.9281371806669,9
2024-09-16 11:53:44.992000,417.9265633732118,95
2024-09-16 11:53:45.377000,417.93541650212086,96
2024-09-16 11:53:45.943000,417.937131027238,996
2024-09-16 11:53:46.291000,417.9269232451494,997
2024-09-16 11:53:46.326000,417.91248520393407,5
2024-09-16 11:53:46.517000,417.9317600564264,1004
2024-09-16 11:53:46.603000,417.92546583755615,105
2024-09-16 11:53:46.932000,417.9168359470896,103
2024-09-16 11:53:46.967000,417.9238320804344,5
2024-09-16 11:53:47.005000,417.94921824756966,1004
2024-09-16 11:53:47.018000,417.87375857486654,1002
2024-09-16 11:53:47.146000,417.8960215936906,104
2024-09-16 11:53:47.149000,417.8935819726695,98
2024-09-16 11:53:47.240000,417.9375137711387,103
2024-09-16 11:53:47.285000,417.8903331063144,10
2024-09-16 11:53:47.286000,417.8875651765093,96
2024-09-16 11:53:47.289000,417.91657647311393,102
2024-09-16 11:53:47.355000,417.9545018799225,1002
2024-09-16 11:53:47.369000,417.931507673439,8
2024-09-16 11:53:47.412000,417.89754909650594,104
2024-09-16 11:53:47.571000,417.9110528895163,1005
2024-09-16 11:53:47.727000,417.9430313783896,14
2024-09-16 11:53:47.843000,417.9321670629871,1000
2024-09-16 11:53:47.983000,417.9379588672575,104
2024-09-16 11:53:48.175000,417.89751473480106,1001
2024-09-16 11:53:48.213000,417.90477796597145,1001
2024-09-16 11:53:48.505000,417.9124387840191,98
2024-09-16 11:53:48.564000,417.9004075426634,1003
2024-09-16 11:53:49.114000,417.87013789953926,104
2024-09-16 11:53:49.291000,417.8927570990607,1004
2024-09-16 11:53:49.381000,417.8798794751536,996
2024-09-16 11:53:49.387000,417.854588743162,998
2024-09-16 11:53:49.458000,417.8937988698314,5
2024-09-16 11:53:49.530000,417.8872870374082,12
2024-09-16 11:53:49.654000,417.8668340189892,11
2024-09-16 11:53:49.702000,417.8609127676468,103
2024-09-16 11:53:49.724000,417.8840711198637,12
2024-09-16 11:53:49.767000,417.877065338212,105
2024-09-16 11:53:49.901000,417.8692801949387,13
2024-09-16 11:53:49.960000,417.8681575163837,995
2024-09-16 11:53:50.079000,417.8938796506643,8
2024-09-16 11:53:50.080000,417.8902967936188,1002
2024-09-16 11:53:50.095000,417.85754226396057,105
2024-09-16 11:53:50.099000,417.91385921211526,1003
2024-09-16 11:53:50.125000,417.86785247619537,998
2024-09-16 11:53:50.148000,417.9138758165626,10
2024-09-16 11:53:50.189000,417.9128179139296,13
2024-09-16 11:53:50.251000,417.8912304530001,5
2024-09-16 11:53:50.259000,417.89624501887926,101
2024-09-16 11:53:50.259000,417.8905044511133,11
2024-09-16 11:53:50.259000,417.8791855522354,104
2024-09-16 11:53:50.281000,417.8777590703279,8
2024-09-16 11:53:50.307000,417.90235905526106,12
2024-09-16 11:53:50.337000,417.8983982578418,10
2024-09-16 11:53:50.339000,417.8658560442048,5
2024-09-16 11:53:50.409000,417.8891408450982,103
2024-09-16 11:53:50.527000,417.91772092153553,1003
2024-09-16 11:53:50.547000,417.9101146121391,997
2024-09-16 11:53:50.633000,417.888895325802,10
2024-09-16 11:53:50.639000,417.88282412190415,97
2024-09-16 11:53:50.716000,417.8999598579233,101
2024-09-16 11:53:50.732000,417.8908692068928,105
2024-09-16 11:53:50.754000,417.8764089571303,103
2024-09-16 11:53:50.840000,417.8877078346072,11
2024-09-16 11:53:50.946000,417.90784629384433,996
2024-09-16 11:53:50.954000,417.8982096856444,5
2024-09-16 11:53:50.979000,417.9082231042725,8
2024-09-16 11:53:50.998000,417.8977159207972,105
2024-09-16 11:53:51.022000,417.95211238453953,1005
2024-09-16 11:53:51.037000,417.9290482330845,999
2024-09-16 11:53:51.066000,417.9109126181579,8
2024-09-16 11:53:51.083000,417.9356216129801,5
2024-09-16 11:53:51.123000,417.9443037353015,15
2024-09-16 11:53:51.153000,417.9268454570862,97
2024-09-16 11:53:51.277000,417.8680823054461,105
2024-09-16 11:53:51.409000,417.92738829342113,99
2024-09-16 11:53:51.413000,417.9220773152347,101
2024-09-16 11:53:51.413000,417.9482431606503,7
2024-09-16 11:53:51.481000,417.9370187097495,103
2024-09-16 11:53:51.665000,417.9377167393752,995
2024-09-16 11:53:51.695000,417.9188295738461,104
2024-09-16 11:53:51.727000,417.9160530547106,1004
2024-09-16 11:53:51.761000,417.8690921838916,998
2024-09-16 11:53:51.855000,417.9052148840935,8
2024-09-16 11:53:51.863000,417.95351530878895,997
2024-09-16 11:53:51.874000,417.9278298232719,98
2024-09-16 11:53:51.887000,417.85296631074567,99
2024-09-16 11:53:51.917000,417.8418718887458,1005
2024-09-16 11:53:51.926000,417.902156464679,99
2024-09-16 11:53:52.060000,417.8008391335383,997
2024-09-16 11:53:52.083000,417.8436648615814,12
2024-09-16 11:53:52.134000,417.8354096723612,97
2024-09-16 11:53:52.183000,417.834057136283,1005
2024-09-16 11:53:52.200000,417.82133526605,1005
2024-09-16 11:53:52.264000,417.8362397069706,11
2024-09-16 11:53:52.270000,417.8226321956988,14
2024-09-16 11:53:52.282000,417.824777449757,101
2024-09-16 11:53:52.321000,417.80731178605936,105
2024-09-16 11:53:52.321000,417.8103748340165,104
2024-09-16 11:53:52.360000,417.8079107918327,15
2024-09-16 11:53:52.367000,417.8137842289382,1005
2024-09-16 11:53:52.407000,417.8044529027961,104
2024-09-16 11:53:52.451000,417.79735367646447,97
2024-09-16 11:53:52.510000,417.82817302878703,996
2024-09-16 11:53:52.538000,417.8071580878719,96
2024-09-16 11:53:52.659000,417.8344493071684,14
2024-09-16 11:53:52.796000,417.8191182243868,11
2024-09-16 11:53:52.826000,417.8302929495842,1004
2024-09-16 11:53:52.842000,417.7984293158957,14
2024-09-16 11:53:52.843000,417.8144253733399,997
2024-09-16 11:53:52.854000,417.8373709573521,12
2024-09-16 11:53:52.854000,417.8333660377482,97
2024-09-16 11:53:52.889000,417.8075871722164,96
2024-09-16 11:53:52.917000,417.8231350428816,14
2024-09-16 11:53:52.947000,417.8087487138835,1003
2024-09-16 11:53:52.988000,417.80247151271857,102
2024-09-16 11:53:53.007000,417.8001312749456,103
2024-09-16 11:53:53.047000,417.7872799111009,9
2024-09-16 11:53:53.055000,417.8228026475246,14
2024-09-16 11:53:53.255000,417.8164134044836,12
2024-09-16 11:53:53.353000,417.79331465836015,1002
2024-09-16 11:53:53.377000,417.79737292581495,8
2024-09-16 11:53:53.426000,417.7989349534501,99
2024-09-16 11:53:53.464000,417.7938914336369,1002
2024-09-16 11:53:53.499000,417.8282126805756,1004
2024-09-16 11:53:53.562000,417.8078410108871,96
2024-09-16 11:53:53.592000,417.7909923169237,995
2024-09-16 11:53:53.602000,417.79012035586766,10
2024-09-16 11:53:53.708000,417.8187223287221,13
2024-09-16 11:53:53.715000,417.79298370927086,8
2024-09-16 11:53:53.721000,417.7836355509731,11
2024-09-16 11:53:53.851000,417.80615211472593,5
2024-09-16 11:53:53.888000,417.81637045767366,102
2024-09-16 11:53:53.926000,417.7918005797213,99
2024-09-16 11:53:53.966000,417.8060903275826,11
2024-09-16 11:53:53.975000,417.8149221442643,996
2024-09-16 11:53:54.106000,417.8506094047473,104
2024-09-16 11:53:54.143000,417.8527994218613,104
2024-09-16 11:53:54.252000,417.8725422912424,11
2024-09-16 11:53:54.271000,417.8422623136663,1004
2024-09-16 11:53:54.319000,417.85355696535805,996
2024-09-16 11:53:54.393000,417.8518002484252,96
2024-09-16 11:53:54.406000,417.8749492308997,996
2024-09-16 11:53:54.412000,417.8422611337679,99
2024-09-16 11:53:54.455000,417.8590493670989,100
2024-09-16 11:53:54.591000,417.85235320181823,1001
2024-09-16 11:53:54.723000,417.8488036846708,1003
2024-09-16 11:53:54.752000,417.852701020099,101
2024-09-16 11:53:54.755000,417.8843120200093,104
2024-09-16 11:53:54.904000,417.8686650658039,8
2024-09-16 11:53:54.928000,417.8534384298295,13
2024-09-16 11:53:54.928000,417.87443377215016,997
2024-09-16 11:53:54.962000,417.8361965720193,998
2024-09-16 11:53:54.978000,417.8775878191453,101
2024-09-16 11:53:55.003000,417.8320407802978,9
2024-09-16 11:53:55.006000,417.8961990168431,98
2024-09-16 11:53:55.074000,417.8509822354373,105
2024-09-16 11:53:55.133000,417.8903305205213,103
2024-09-16 11:53:55.189000,417.8871864546583,102
2024-09-16 11:53:55.197000,417.8898773407682,95
2024-09-16 11:53:55.294000,417.8884289435391,1000
2024-09-16 11:53:55.356000,417.8568676851468,7
2024-09-16 11:53:55.423000,417.8639761537064,1000
2024-09-16 11:53:55.467000,417.85921747752593,99
2024-09-16 11:53:55.486000,417.8899581095518,96
2024-09-16 11:53:55.505000,417.8611189889812,1002
2024-09-16 11:53:55.641000,417.8570589727499,1005
2024-09-16 11:53:55.766000,417.8715869223057,996
2024-09-16 11:53:56.006000,417.81760009593313,102
2024-09-16 11:53:56.024000,417.7907340280036,13
2024-09-16 11:53:56.053000,417.835784412957,8
2024-09-16 11:53:56.057000,417.8030852573938,9
2024-09-16 11:53:56.074000,417.79352420047206,1005
2024-09-16 11:53:56.087000,417.8537727599733,9
2024-09-16 11:53:56.183000,417.80272574440335,96
2024-09-16 11:53:56.289000,417.8206881606704,98
2024-09-16 11:53:56.295000,417.8270160775262,99
2024-09-16 11:53:56.310000,417.786069023278,95
2024-09-16 11:53:56.325000,417.8658562292046,102
2024-09-16 11:53:56.380000,417.8606052227436,97
2024-09-16 11:53:56.406000,417.7810479066631,98
2024-09-16 11:53:56.449000,417.85787641842353,7
2024-09-16 11:53:56.499000,417.802555542112,8
2024-09-16 11:53:56.508000,417.8285689015239,996
2024-09-16 11:53:56.526000,417.8275054734008,7
2024-09-16 11:53:56.563000,417.8533394913232,103
2024-09-16 11:53:56.727000,417.8477554516567,96
2024-09-16 11:53:56.749000,417.8576867379104,96
2024-09-16 11:53:56.753000,417.85366144524266,996
2024-09-16 11:53:56.818000,417.86361713625047,102
2024-09-16 11:53:56.843000,417.7689423107484,1004
2024-09-16 11:53:56.857000,417.80257798374345,97
2024-09-16 11:53:56.938000,417.8577570764356,96
2024-09-16 11:53:56.954000,417.7877514609952,15
2024-09-16 11:53:57.136000,417.7418648832932,104
2024-09-16 11:53:57.168000,417.7156571073869,104
2024-09-16 11:53:57.377000,417.71808128582927,11
2024-09-16 11:53:57.470000,417.7499665335839,98
2024-09-16 11:53:57.525000,417.7166991661292,97
2024-09-16 11:53:57.602000,417.7274793071901,5
2024-09-16 11:53:57.619000,417.7355547746248,14
2024-09-16 11:53:57.620000,417.7527404520684,9
2024-09-16 11:53:57.639000,417.72647812118026,103
2024-09-16 11:53:57.724000,417.737370197349,97
2024-09-16 11:53:57.760000,417.7452289416261,101
2024-09-16 11:53:57.904000,417.706090305415,1005
2024-09-16 11:53:57.957000,417.7229794696153,101
2024-09-16 11:53:58.713000,417.7353010017353,1005
2024-09-16 11:53:58.730000,417.7488760795119,1002
2024-09-16 11:53:59.073000,417.85146965482096,995
2024-09-16 11:53:59.099000,417.7975148910254,12
2024-09-16 11:53:59.100000,417.8366251825754,1001
2024-09-16 11:53:59.109000,417.8684580798729,15
2024-09-16 11:53:59.223000,417.8666630195912,96
2024-09-16 11:53:59.307000,417.86255770933445,1003
2024-09-16 11:53:59.313000,417.8174635654749,998
2024-09-16 11:53:59.358000,417.7846254047531,97
2024-09-16 11:53:59.366000,417.7482365149082,104
2024-09-16 11:53:59.378000,417.8034888161229,15
2024-09-16 11:53:59.423000,417.7983713048625,1005
2024-09-16 11:53:59.493000,417.8312283893169,105
2024-09-16 11:53:59.516000,417.8537835060955,1005
2024-09-16 11:53:59.533000,417.86151107212805,1001
2024-09-16 11:53:59.617000,417.8983273713624,10
2024-09-16 11:53:59.635000,417.9228909370589,998
2024-09-16 11:53:59.668000,417.8676051900189,1000
2024-09-16 11:53:59.693000,417.8508261554528,104
2024-09-16 11:53:59.700000,417.9058413991672,5
2024-09-16 11:53:59.783000,417.9211143970154,96
2024-09-16 11:53:59.824000,417.87404699350975,996
2024-09-16 11:53:59.831000,417.8512789924511,14
2024-09-16 11:53:59.833000,417.77245024382125,104
2024-09-16 11:53:59.919000,417.8078340386107,1005
2024-09-16 11:53:59.951000,417.83958568301375,103
2024-09-16 11:53:59.963000,417.7507928812856,96
2024-09-16 11:53:59.978000,417.8519572789408,8
