Timestamp,Price,Size
2024-09-16 11:37:00.096000,418.0859255121789,98
2024-09-16 11:37:00.308000,418.1495263058332,997
2024-09-16 11:37:00.407000,418.0939773629945,1004
2024-09-16 11:37:00.536000,418.14221566195175,11
2024-09-16 11:37:00.574000,418.1470236550293,1005
2024-09-16 11:37:00.649000,418.1626496581969,13
2024-09-16 11:37:00.676000,418.0831603559949,1005
2024-09-16 11:37:00.723000,418.13650480719,15
2024-09-16 11:37:00.735000,418.08992237549165,101
2024-09-16 11:37:00.789000,418.12997272292574,1004
2024-09-16 11:37:00.884000,418.11514321947305,96
2024-09-16 11:37:00.948000,418.1079198009682,999
2024-09-16 11:37:01.358000,418.0876431321844,1004
2024-09-16 11:37:01.407000,418.0721967385769,104
2024-09-16 11:37:01.466000,418.0999740965075,996
2024-09-16 11:37:01.678000,418.078759422092,7
2024-09-16 11:37:01.684000,418.0576734416727,997
2024-09-16 11:37:01.781000,418.0607376584316,8
2024-09-16 11:37:01.807000,418.1382845167056,999
2024-09-16 11:37:01.900000,418.0730635794047,8
2024-09-16 11:37:02.020000,418.18419389936446,6
2024-09-16 11:37:02.118000,418.1934809939372,996
2024-09-16 11:37:02.187000,418.149487064337,14
2024-09-16 11:37:02.193000,418.2323999369426,10
2024-09-16 11:37:02.201000,418.1842753328619,995
2024-09-16 11:37:02.222000,418.2113545385633,98
2024-09-16 11:37:02.327000,418.1841692599048,97
2024-09-16 11:37:02.336000,418.1612118251311,12
2024-09-16 11:37:02.359000,418.2114109358348,12
2024-09-16 11:37:02.382000,418.17274385359406,100
2024-09-16 11:37:02.433000,418.2475296305198,7
2024-09-16 11:37:02.451000,418.1948808642752,97
2024-09-16 11:37:02.474000,418.15268331804,15
2024-09-16 11:37:02.478000,418.1914067289228,998
2024-09-16 11:37:02.496000,418.2218165107949,13
2024-09-16 11:37:02.521000,418.2086711914236,100
2024-09-16 11:37:02.554000,418.1557902680884,11
2024-09-16 11:37:02.625000,418.174141885135,100
2024-09-16 11:37:02.654000,418.1729079019357,105
2024-09-16 11:37:02.731000,418.168598347365,99
2024-09-16 11:37:02.763000,418.2030868188048,999
2024-09-16 11:37:02.772000,418.1583307141805,9
2024-09-16 11:37:02.955000,418.2425415061357,99
2024-09-16 11:37:02.969000,418.2475935543261,996
2024-09-16 11:37:03.155000,418.263843910219,999
2024-09-16 11:37:03.281000,418.223210221394,15
2024-09-16 11:37:03.305000,418.29792178169856,13
2024-09-16 11:37:03.369000,418.1935245024292,1005
2024-09-16 11:37:03.531000,418.26114392107377,998
2024-09-16 11:37:03.534000,418.2128838051367,7
2024-09-16 11:37:03.644000,418.2757586461957,6
2024-09-16 11:37:03.651000,418.1959830751252,14
2024-09-16 11:37:03.671000,418.2140708645456,14
2024-09-16 11:37:03.694000,418.257515453084,102
2024-09-16 11:37:03.825000,418.2442899731756,8
2024-09-16 11:37:03.866000,418.2664073614954,100
2024-09-16 11:37:03.956000,418.2053174454265,105
2024-09-16 11:37:04.030000,418.35756653871886,96
2024-09-16 11:37:04.032000,418.323917610791,96
2024-09-16 11:37:04.053000,418.3703101373383,1005
2024-09-16 11:37:04.139000,418.34988770963287,1002
2024-09-16 11:37:04.174000,418.3566689390504,1004
2024-09-16 11:37:04.230000,418.3558138054453,10
2024-09-16 11:37:04.264000,418.3007672512797,95
2024-09-16 11:37:04.271000,418.3462756745361,999
2024-09-16 11:37:04.281000,418.3542674074536,5
2024-09-16 11:37:04.291000,418.38831733878567,103
2024-09-16 11:37:04.314000,418.3364143676296,997
2024-09-16 11:37:04.357000,418.3635861324495,14
2024-09-16 11:37:04.393000,418.30570915092096,12
2024-09-16 11:37:04.521000,418.3642491825445,13
2024-09-16 11:37:04.614000,418.3395588059507,10
2024-09-16 11:37:04.659000,418.35083896807,102
2024-09-16 11:37:04.666000,418.3725005081633,103
2024-09-16 11:37:04.705000,418.3619945761736,97
2024-09-16 11:37:04.712000,418.3619877938698,1002
2024-09-16 11:37:04.718000,418.3888297660351,104
2024-09-16 11:37:04.763000,418.323349977047,9
2024-09-16 11:37:04.809000,418.3557674666568,999
2024-09-16 11:37:04.822000,418.3788922091076,101
2024-09-16 11:37:04.896000,418.3133008771139,97
2024-09-16 11:37:04.950000,418.3814762955238,95
2024-09-16 11:37:05.017000,418.3444594626441,103
2024-09-16 11:37:05.020000,418.2764726296001,102
2024-09-16 11:37:05.093000,418.2889927393851,10
2024-09-16 11:37:05.185000,418.28152526193537,1000
2024-09-16 11:37:05.223000,418.325998883458,1005
2024-09-16 11:37:05.280000,418.2785904518707,1001
2024-09-16 11:37:05.284000,418.34606834807823,1001
2024-09-16 11:37:05.308000,418.353177885658,999
2024-09-16 11:37:05.344000,418.2660476526608,10
2024-09-16 11:37:05.379000,418.3494916744758,13
2024-09-16 11:37:05.397000,418.2955824262318,11
2024-09-16 11:37:05.409000,418.3330562192373,103
2024-09-16 11:37:05.436000,418.3312354077441,7
2024-09-16 11:37:05.562000,418.3666134378724,98
2024-09-16 11:37:05.570000,418.2897064208965,1001
2024-09-16 11:37:05.576000,418.2646461272624,104
2024-09-16 11:37:05.654000,418.301536407351,97
2024-09-16 11:37:05.655000,418.3608842037546,996
2024-09-16 11:37:05.706000,418.2583561909024,998
2024-09-16 11:37:05.726000,418.32064768409225,1000
2024-09-16 11:37:05.774000,418.2777497031898,100
2024-09-16 11:37:05.796000,418.26371770224017,1002
2024-09-16 11:37:05.824000,418.3049971143761,1005
2024-09-16 11:37:05.832000,418.2845381478263,1001
2024-09-16 11:37:05.849000,418.2907334493229,13
2024-09-16 11:37:05.852000,418.3158560806749,98
2024-09-16 11:37:05.866000,418.2563239572456,1001
2024-09-16 11:37:05.919000,418.3073770291295,5
2024-09-16 11:37:05.926000,418.33107583388585,1002
2024-09-16 11:37:06.008000,418.3162124871496,11
2024-09-16 11:37:06.110000,418.249345341752,105
2024-09-16 11:37:06.112000,418.3023045851852,995
2024-09-16 11:37:06.140000,418.2800267351447,102
2024-09-16 11:37:06.234000,418.2481233766297,97
2024-09-16 11:37:06.453000,418.34621876845296,999
2024-09-16 11:37:06.465000,418.2911700093341,997
2024-09-16 11:37:06.531000,418.2650558377727,6
2024-09-16 11:37:06.537000,418.3362804130825,102
2024-09-16 11:37:06.539000,418.3262338390577,999
2024-09-16 11:37:06.598000,418.3806198617954,10
2024-09-16 11:37:06.615000,418.2697035720139,103
2024-09-16 11:37:06.618000,418.268454412484,102
2024-09-16 11:37:06.631000,418.2627289543707,1000
2024-09-16 11:37:06.644000,418.32185197613046,11
2024-09-16 11:37:06.645000,418.41308766800233,998
2024-09-16 11:37:06.715000,418.3857230117706,95
2024-09-16 11:37:06.860000,418.2589951757,102
2024-09-16 11:37:06.873000,418.3008367980239,995
2024-09-16 11:37:06.889000,418.38188811201,999
2024-09-16 11:37:06.895000,418.26428154379295,101
2024-09-16 11:37:07.013000,418.3070439960654,99
2024-09-16 11:37:07.038000,418.2815426709979,5
2024-09-16 11:37:07.063000,418.3115350922976,998
2024-09-16 11:37:07.090000,418.3410717438236,999
2024-09-16 11:37:07.098000,418.37663382261786,7
2024-09-16 11:37:07.099000,418.2678272457105,15
2024-09-16 11:37:07.123000,418.2891115183178,1005
2024-09-16 11:37:07.202000,418.3906407786839,101
2024-09-16 11:37:07.310000,418.318560491787,98
2024-09-16 11:37:07.404000,418.3299797973994,14
2024-09-16 11:37:07.558000,418.3028669372269,996
2024-09-16 11:37:07.608000,418.2955645747787,998
2024-09-16 11:37:07.700000,418.3780817839767,99
2024-09-16 11:37:07.723000,418.2850183580447,95
2024-09-16 11:37:07.738000,418.3306816153821,1003
2024-09-16 11:37:07.742000,418.3728916421305,996
2024-09-16 11:37:07.744000,418.39623426710335,8
2024-09-16 11:37:07.777000,418.3977593482617,12
2024-09-16 11:37:07.781000,418.348129556605,13
2024-09-16 11:37:07.813000,418.3135886152815,1001
2024-09-16 11:37:07.880000,418.3227765712135,99
2024-09-16 11:37:07.881000,418.2616058544265,95
2024-09-16 11:37:07.885000,418.291301168631,8
2024-09-16 11:37:07.924000,418.3767883789252,999
2024-09-16 11:37:07.932000,418.2953110094815,13
2024-09-16 11:37:07.949000,418.3128160249147,102
2024-09-16 11:37:07.955000,418.38542218302393,1004
2024-09-16 11:37:07.978000,418.3344040839068,104
2024-09-16 11:37:07.986000,418.3907218582957,13
2024-09-16 11:37:08.007000,418.3089177608505,1001
2024-09-16 11:37:08.396000,418.3099834594605,102
2024-09-16 11:37:08.440000,418.2993701812968,997
2024-09-16 11:37:08.469000,418.31812048181,99
2024-09-16 11:37:08.609000,418.3052419649269,96
2024-09-16 11:37:08.611000,418.3185728005771,1002
2024-09-16 11:37:08.797000,418.31168285044726,10
2024-09-16 11:37:08.993000,418.29150596925854,96
2024-09-16 11:37:09.012000,418.30545275293485,98
2024-09-16 11:37:09.100000,418.2386206193952,995
2024-09-16 11:37:09.142000,418.26633057790826,5
2024-09-16 11:37:09.146000,418.2325138553003,1001
2024-09-16 11:37:09.163000,418.3105042752292,100
2024-09-16 11:37:09.183000,418.2605887892004,5
2024-09-16 11:37:09.256000,418.252236947286,6
2024-09-16 11:37:09.256000,418.2509719023474,1002
2024-09-16 11:37:09.264000,418.2715930987759,98
2024-09-16 11:37:09.341000,418.2053954020871,8
2024-09-16 11:37:09.360000,418.2606571845183,7
2024-09-16 11:37:09.373000,418.2473621938863,1003
2024-09-16 11:37:09.389000,418.2476307201082,1003
2024-09-16 11:37:09.445000,418.2330907886732,104
2024-09-16 11:37:09.455000,418.1670670659562,1003
2024-09-16 11:37:09.466000,418.2435795362204,8
2024-09-16 11:37:09.513000,418.1946218131541,14
2024-09-16 11:37:09.572000,418.2927063822672,102
2024-09-16 11:37:09.726000,418.27118280320747,96
2024-09-16 11:37:09.768000,418.2479246817017,996
2024-09-16 11:37:09.793000,418.25306524282047,104
2024-09-16 11:37:09.808000,418.2624087601298,15
2024-09-16 11:37:09.833000,418.22276145914014,104
2024-09-16 11:37:09.883000,418.183461029266,12
2024-09-16 11:37:10.037000,418.2357973269236,1003
2024-09-16 11:37:10.078000,418.2310616404703,1000
2024-09-16 11:37:10.272000,418.26792611537695,1005
2024-09-16 11:37:10.343000,418.2919007734977,1005
2024-09-16 11:37:10.385000,418.26026132121655,95
2024-09-16 11:37:10.449000,418.2541934788789,101
2024-09-16 11:37:10.601000,418.27188195143486,97
2024-09-16 11:37:10.814000,418.281743920653,10
2024-09-16 11:37:10.819000,418.2631514097336,997
2024-09-16 11:37:10.836000,418.279851258417,6
2024-09-16 11:37:10.911000,418.21155491747055,98
2024-09-16 11:37:10.975000,418.27825316937015,8
2024-09-16 11:37:10.983000,418.2844461743487,15
2024-09-16 11:37:11.221000,418.29975956549913,97
2024-09-16 11:37:11.895000,418.3086633186379,98
2024-09-16 11:37:12.001000,418.32991460930674,995
2024-09-16 11:37:12.162000,418.3342168479835,6
2024-09-16 11:37:12.178000,418.2931929676239,105
2024-09-16 11:37:12.281000,418.3371526269706,6
2024-09-16 11:37:12.293000,418.319017178007,96
2024-09-16 11:37:12.313000,418.32425466541326,998
2024-09-16 11:37:12.382000,418.3191413551515,12
2024-09-16 11:37:12.466000,418.33720792952016,1003
2024-09-16 11:37:12.489000,418.3319250781034,95
2024-09-16 11:37:12.490000,418.3439578796071,1002
2024-09-16 11:37:12.533000,418.34012776908514,101
2024-09-16 11:37:12.555000,418.3483972701161,1000
2024-09-16 11:37:12.561000,418.3470964720466,8
2024-09-16 11:37:12.575000,418.34798286044384,7
2024-09-16 11:37:12.579000,418.3299085936377,10
2024-09-16 11:37:12.717000,418.3076711721499,7
2024-09-16 11:37:12.744000,418.3526763258429,1005
2024-09-16 11:37:12.800000,418.2982103244752,8
2024-09-16 11:37:12.843000,418.3340849440193,8
2024-09-16 11:37:13.041000,418.3496354468173,995
2024-09-16 11:37:13.271000,418.3788962582755,10
2024-09-16 11:37:13.326000,418.3473433691373,996
2024-09-16 11:37:13.366000,418.3490033647311,95
2024-09-16 11:37:13.396000,418.4080776898469,1002
2024-09-16 11:37:13.595000,418.3560583819174,1001
2024-09-16 11:37:13.664000,418.34592020259606,1000
2024-09-16 11:37:13.825000,418.3402832452034,1004
2024-09-16 11:37:13.914000,418.3827745173944,96
2024-09-16 11:37:13.939000,418.3729682456122,103
2024-09-16 11:37:13.945000,418.3658070367218,999
2024-09-16 11:37:13.953000,418.3774808931593,102
2024-09-16 11:37:13.998000,418.38191428628375,1001
2024-09-16 11:37:14.735000,418.36465872495046,12
2024-09-16 11:37:15.215000,418.3941060078885,103
2024-09-16 11:37:15.233000,418.4014673933584,1003
2024-09-16 11:37:15.312000,418.397409890162,1000
2024-09-16 11:37:15.364000,418.3629443373786,10
2024-09-16 11:37:15.545000,418.3893409747296,99
2024-09-16 11:37:15.663000,418.3735860896046,15
2024-09-16 11:37:15.721000,418.3877496579861,11
2024-09-16 11:37:15.819000,418.4017991486135,100
2024-09-16 11:37:15.841000,418.4131896553733,104
2024-09-16 11:37:16.550000,418.3780850333609,97
2024-09-16 11:37:16.728000,418.36809676113626,5
2024-09-16 11:37:17.031000,418.3832503873853,8
2024-09-16 11:37:17.033000,418.3698954200191,100
2024-09-16 11:37:17.462000,418.38147712940383,104
2024-09-16 11:37:17.698000,418.3583668343477,105
2024-09-16 11:37:17.728000,418.36808493060414,105
2024-09-16 11:37:17.769000,418.3592530790088,5
2024-09-16 11:37:17.788000,418.3793780493082,98
2024-09-16 11:37:17.840000,418.3699325363999,104
2024-09-16 11:37:17.947000,418.384599749714,15
2024-09-16 11:37:18.031000,418.3480322536993,996
2024-09-16 11:37:18.230000,418.34305612361175,1003
2024-09-16 11:37:18.300000,418.3351223088199,103
2024-09-16 11:37:18.338000,418.33363781114434,1003
2024-09-16 11:37:18.431000,418.3304846264702,1001
2024-09-16 11:37:18.534000,418.3475901995096,5
2024-09-16 11:37:18.558000,418.354539565932,1004
2024-09-16 11:37:18.647000,418.3576133727904,7
2024-09-16 11:37:18.719000,418.3402729332672,98
2024-09-16 11:37:18.988000,418.32724651979765,103
2024-09-16 11:37:19.099000,418.2768809504971,7
2024-09-16 11:37:19.176000,418.31375417322425,103
2024-09-16 11:37:19.254000,418.329088868004,102
2024-09-16 11:37:19.275000,418.3164381562406,10
2024-09-16 11:37:19.319000,418.3345881003179,104
2024-09-16 11:37:19.459000,418.3349456028785,999
2024-09-16 11:37:19.479000,418.3219175986432,97
2024-09-16 11:37:19.502000,418.3075851586006,95
2024-09-16 11:37:19.526000,418.3463491487255,100
2024-09-16 11:37:19.573000,418.3112660435249,6
2024-09-16 11:37:19.582000,418.2860550455297,996
2024-09-16 11:37:19.596000,418.2991161309326,996
2024-09-16 11:37:19.613000,418.3055743943201,1001
2024-09-16 11:37:19.626000,418.3472558754472,7
2024-09-16 11:37:19.771000,418.32575911737376,998
2024-09-16 11:37:19.801000,418.29160220397057,12
2024-09-16 11:37:19.829000,418.28859570875386,104
2024-09-16 11:37:19.903000,418.2936546849022,14
2024-09-16 11:37:20.047000,418.2932623181383,1005
2024-09-16 11:37:20.083000,418.2713602091785,999
2024-09-16 11:37:20.110000,418.2427809374981,995
2024-09-16 11:37:20.167000,418.2895272922116,101
2024-09-16 11:37:20.197000,418.2329742387065,997
2024-09-16 11:37:20.347000,418.29073264933527,995
2024-09-16 11:37:20.385000,418.2550225368503,8
2024-09-16 11:37:20.465000,418.2928625076898,95
2024-09-16 11:37:20.577000,418.2963726988468,12
2024-09-16 11:37:20.582000,418.2776393690378,14
2024-09-16 11:37:20.645000,418.259386520247,100
2024-09-16 11:37:20.650000,418.30180869465056,997
2024-09-16 11:37:20.701000,418.2266117516223,1003
2024-09-16 11:37:20.776000,418.2805438535505,100
2024-09-16 11:37:20.798000,418.3019822101543,1005
2024-09-16 11:37:20.832000,418.3036938890822,1001
2024-09-16 11:37:20.957000,418.236500026678,13
2024-09-16 11:37:20.964000,418.292279687432,1001
2024-09-16 11:37:20.966000,418.29665334293577,97
2024-09-16 11:37:20.995000,418.2600038097366,1004
2024-09-16 11:37:21.101000,418.2223352146287,101
2024-09-16 11:37:21.164000,418.180291871199,99
2024-09-16 11:37:21.272000,418.1861258082471,10
2024-09-16 11:37:21.287000,418.2259941786536,96
2024-09-16 11:37:21.331000,418.1597571473634,12
2024-09-16 11:37:21.416000,418.2306260484571,1001
2024-09-16 11:37:21.449000,418.2089506663119,8
2024-09-16 11:37:21.500000,418.1711932663941,996
2024-09-16 11:37:21.513000,418.16972269481766,104
2024-09-16 11:37:21.637000,418.2048905108097,104
2024-09-16 11:37:21.766000,418.1440964027199,103
2024-09-16 11:37:21.878000,418.2244448553405,104
2024-09-16 11:37:21.910000,418.2176492921645,9
2024-09-16 11:37:21.934000,418.1651334368444,8
2024-09-16 11:37:21.947000,418.2051116181448,9
2024-09-16 11:37:21.962000,418.1949983918974,97
2024-09-16 11:37:21.963000,418.1575830587189,15
2024-09-16 11:37:21.963000,418.2017569412558,1005
2024-09-16 11:37:21.974000,418.1911853350671,12
2024-09-16 11:37:21.995000,418.2014543662032,999
2024-09-16 11:37:22.046000,418.1874991682273,10
2024-09-16 11:37:22.182000,418.17572930827765,996
2024-09-16 11:37:22.224000,418.16777576925625,9
2024-09-16 11:37:22.298000,418.16702348994295,104
2024-09-16 11:37:22.375000,418.1839372148531,999
2024-09-16 11:37:22.407000,418.17090301491857,6
2024-09-16 11:37:22.442000,418.16791381540565,102
2024-09-16 11:37:22.466000,418.1998883827265,10
2024-09-16 11:37:22.513000,418.1678130765477,1004
2024-09-16 11:37:22.735000,418.16077165112887,6
2024-09-16 11:37:22.766000,418.1687618078947,1005
2024-09-16 11:37:22.859000,418.1612959270697,1004
2024-09-16 11:37:23.129000,418.1572771103084,100
2024-09-16 11:37:23.213000,418.1783518726693,1001
2024-09-16 11:37:23.622000,418.1520551870422,101
2024-09-16 11:37:23.804000,418.1747346967277,95
2024-09-16 11:37:23.909000,418.16955939474497,99
2024-09-16 11:37:23.913000,418.1541922657908,999
2024-09-16 11:37:24.036000,418.127801902587,96
2024-09-16 11:37:24.054000,418.1565135075046,100
2024-09-16 11:37:24.104000,418.1271985580058,103
2024-09-16 11:37:24.143000,418.122170484202,7
2024-09-16 11:37:24.219000,418.12803616956256,995
2024-09-16 11:37:24.297000,418.1256738889858,15
2024-09-16 11:37:24.307000,418.1527297299538,103
2024-09-16 11:37:24.363000,418.13802580506814,100
2024-09-16 11:37:24.507000,418.14543335435,999
2024-09-16 11:37:24.543000,418.14444914525234,1001
2024-09-16 11:37:24.600000,418.1412597085781,7
2024-09-16 11:37:24.615000,418.1436736774641,996
2024-09-16 11:37:24.673000,418.1474238816141,1004
2024-09-16 11:37:24.675000,418.13627762689,10
2024-09-16 11:37:24.695000,418.1507113939214,11
2024-09-16 11:37:24.733000,418.1348280754608,96
2024-09-16 11:37:24.789000,418.1356744218732,99
2024-09-16 11:37:24.882000,418.1423197689477,6
2024-09-16 11:37:24.929000,418.147678993357,102
2024-09-16 11:37:24.931000,418.1384173478427,13
2024-09-16 11:37:24.936000,418.14653568469214,105
2024-09-16 11:37:24.970000,418.12280765604527,7
2024-09-16 11:37:25.071000,418.1467196366684,5
2024-09-16 11:37:25.139000,418.14838322971855,5
2024-09-16 11:37:25.151000,418.1560888268155,98
2024-09-16 11:37:25.262000,418.1508257725905,997
2024-09-16 11:37:25.265000,418.1631637771197,1004
2024-09-16 11:37:25.341000,418.133145359177,8
2024-09-16 11:37:25.358000,418.14072956238346,998
2024-09-16 11:37:25.391000,418.1381219598002,6
2024-09-16 11:37:25.423000,418.1743565767604,12
2024-09-16 11:37:25.673000,418.1690190363251,12
2024-09-16 11:37:25.750000,418.1666224718886,1000
2024-09-16 11:37:25.808000,418.1455234714984,1000
2024-09-16 11:37:25.833000,418.1558665650605,1005
2024-09-16 11:37:25.939000,418.15692807621525,11
2024-09-16 11:37:25.942000,418.1709813611593,102
2024-09-16 11:37:26.027000,418.1609261174687,8
2024-09-16 11:37:26.054000,418.1014968215234,100
2024-09-16 11:37:26.069000,418.08380983275873,100
2024-09-16 11:37:26.104000,418.1313457579824,1001
2024-09-16 11:37:26.112000,418.0901029578933,12
2024-09-16 11:37:26.124000,418.1479992546851,7
2024-09-16 11:37:26.156000,418.13511662252046,95
2024-09-16 11:37:26.156000,418.14390786647255,97
2024-09-16 11:37:26.160000,418.1470292462585,99
2024-09-16 11:37:26.175000,418.0962340762733,997
2024-09-16 11:37:26.222000,418.1405257932289,1004
2024-09-16 11:37:26.285000,418.09668457531086,1001
2024-09-16 11:37:26.322000,418.09836234138,997
2024-09-16 11:37:26.361000,418.1449783049298,11
2024-09-16 11:37:26.446000,418.1271975721097,96
2024-09-16 11:37:26.524000,418.1580229943403,1002
2024-09-16 11:37:26.531000,418.1141963102255,103
2024-09-16 11:37:26.535000,418.1096356274631,99
2024-09-16 11:37:26.583000,418.14623589643065,1001
2024-09-16 11:37:26.618000,418.1366195063584,100
2024-09-16 11:37:26.688000,418.1115707008945,101
2024-09-16 11:37:26.745000,418.1375715369021,1005
2024-09-16 11:37:26.779000,418.0808278018328,9
2024-09-16 11:37:26.841000,418.1454277295403,9
2024-09-16 11:37:26.845000,418.1049479539679,998
2024-09-16 11:37:26.873000,418.1676025699189,104
2024-09-16 11:37:26.915000,418.10068833466886,11
2024-09-16 11:37:26.934000,418.13939383659033,11
2024-09-16 11:37:26.977000,418.1314939067311,11
2024-09-16 11:37:27.255000,418.1663677806804,14
2024-09-16 11:37:28.268000,418.15535072813134,105
2024-09-16 11:37:28.367000,418.1481451523245,7
2024-09-16 11:37:28.394000,418.1387422624246,95
2024-09-16 11:37:28.416000,418.1716311234468,95
2024-09-16 11:37:28.599000,418.1609418651112,102
2024-09-16 11:37:28.697000,418.17157136204406,98
2024-09-16 11:37:28.752000,418.1393300524339,104
2024-09-16 11:37:28.783000,418.169384489275,1002
2024-09-16 11:37:28.809000,418.1518294945944,14
2024-09-16 11:37:28.848000,418.1461701163319,10
2024-09-16 11:37:29.063000,418.18366533560135,12
2024-09-16 11:37:29.092000,418.1339306830696,12
2024-09-16 11:37:29.103000,418.1361365062438,105
2024-09-16 11:37:29.109000,418.14237524604187,9
2024-09-16 11:37:29.177000,418.13009087416094,1004
2024-09-16 11:37:29.221000,418.1284059431513,12
2024-09-16 11:37:29.226000,418.1330039050346,8
2024-09-16 11:37:29.241000,418.1563217753986,99
2024-09-16 11:37:29.254000,418.12825687585126,8
2024-09-16 11:37:29.281000,418.14232114950977,13
2024-09-16 11:37:29.296000,418.17576968395497,12
2024-09-16 11:37:29.297000,418.1554779904277,101
2024-09-16 11:37:29.361000,418.11176876442727,1000
2024-09-16 11:37:29.386000,418.1365180862696,13
2024-09-16 11:37:29.433000,418.1441984608757,99
2024-09-16 11:37:29.571000,418.1333003901878,101
2024-09-16 11:37:29.614000,418.13389865659207,996
2024-09-16 11:37:29.657000,418.1261337034186,98
2024-09-16 11:37:29.693000,418.1356684874914,101
2024-09-16 11:37:29.694000,418.1731169439183,102
2024-09-16 11:37:29.752000,418.1397205188076,999
2024-09-16 11:37:29.776000,418.1559759272647,5
2024-09-16 11:37:29.840000,418.1332462686464,14
2024-09-16 11:37:29.907000,418.1406765970787,13
2024-09-16 11:37:30.111000,418.20951972475257,13
2024-09-16 11:37:30.176000,418.2035101018527,102
2024-09-16 11:37:30.211000,418.2022595821734,1004
2024-09-16 11:37:30.331000,418.2098521866774,14
2024-09-16 11:37:30.385000,418.2099471588016,1003
2024-09-16 11:37:30.495000,418.20811438466734,97
2024-09-16 11:37:30.542000,418.2196949111285,1002
2024-09-16 11:37:30.848000,418.2043507100889,999
2024-09-16 11:37:30.974000,418.2291020763716,100
2024-09-16 11:37:31.048000,418.1941257000328,95
2024-09-16 11:37:31.060000,418.208357869834,11
2024-09-16 11:37:31.129000,418.2300373049028,1001
2024-09-16 11:37:31.146000,418.2356794180957,12
2024-09-16 11:37:31.167000,418.22766292481697,1000
2024-09-16 11:37:31.289000,418.2255111764092,1000
2024-09-16 11:37:31.303000,418.2109294867391,14
2024-09-16 11:37:31.332000,418.2167497280744,999
2024-09-16 11:37:31.361000,418.2030045687229,105
2024-09-16 11:37:31.371000,418.21587749584376,13
2024-09-16 11:37:31.372000,418.2227948040695,8
2024-09-16 11:37:31.531000,418.22612183171134,11
2024-09-16 11:37:31.660000,418.2214248520924,1002
2024-09-16 11:37:31.774000,418.2167054076122,1005
2024-09-16 11:37:31.823000,418.21587948340215,13
2024-09-16 11:37:31.839000,418.2259900954333,13
2024-09-16 11:37:31.882000,418.18652323225336,1004
2024-09-16 11:37:32.054000,418.2521987925588,15
2024-09-16 11:37:32.055000,418.2396039831677,999
2024-09-16 11:37:32.088000,418.2203012616015,98
2024-09-16 11:37:32.125000,418.21108487702526,101
2024-09-16 11:37:32.138000,418.2668829585492,10
2024-09-16 11:37:32.214000,418.221785869692,105
2024-09-16 11:37:32.286000,418.2336782766654,1004
2024-09-16 11:37:32.314000,418.2565565725548,998
2024-09-16 11:37:32.368000,418.24375875812535,95
2024-09-16 11:37:32.368000,418.2354675312404,7
2024-09-16 11:37:32.386000,418.2503227772399,102
2024-09-16 11:37:32.469000,418.240176114924,96
2024-09-16 11:37:32.669000,418.2142085933704,97
2024-09-16 11:37:32.770000,418.2623411636259,100
2024-09-16 11:37:32.787000,418.2262704611213,101
2024-09-16 11:37:32.882000,418.2341311550793,104
2024-09-16 11:37:32.892000,418.2210753730037,100
2024-09-16 11:37:32.912000,418.2112693511565,15
2024-09-16 11:37:32.940000,418.26998737867234,101
2024-09-16 11:37:33.040000,418.2899014307568,998
2024-09-16 11:37:33.109000,418.2702953546376,101
2024-09-16 11:37:33.132000,418.2695296455316,1001
2024-09-16 11:37:33.146000,418.2789260449312,995
2024-09-16 11:37:33.187000,418.29056967463225,1003
2024-09-16 11:37:33.198000,418.2579719391879,15
2024-09-16 11:37:33.217000,418.2952924795932,5
2024-09-16 11:37:33.259000,418.2484437632724,1004
2024-09-16 11:37:33.262000,418.29507177598697,102
2024-09-16 11:37:33.280000,418.2885317674252,11
2024-09-16 11:37:33.333000,418.2816256278743,1005
2024-09-16 11:37:33.395000,418.29853958585335,1003
2024-09-16 11:37:33.400000,418.2887995154377,997
2024-09-16 11:37:33.433000,418.2523818663842,9
2024-09-16 11:37:33.483000,418.2769238182488,96
2024-09-16 11:37:33.487000,418.3031115433888,8
2024-09-16 11:37:33.628000,418.2797253371604,99
2024-09-16 11:37:33.656000,418.309707731573,997
2024-09-16 11:37:33.723000,418.2706031395764,1005
2024-09-16 11:37:33.896000,418.27588013260936,11
2024-09-16 11:37:33.922000,418.2559367549259,7
2024-09-16 11:37:33.923000,418.2765739151137,102
2024-09-16 11:37:33.928000,418.2737429812623,8
2024-09-16 11:37:33.990000,418.2909564443898,998
2024-09-16 11:37:34.117000,418.32022667508136,995
2024-09-16 11:37:34.126000,418.2968489866562,13
2024-09-16 11:37:34.141000,418.3381501622012,102
2024-09-16 11:37:34.179000,418.29475572868967,1003
2024-09-16 11:37:34.316000,418.3041318103008,9
2024-09-16 11:37:34.514000,418.3133650669351,95
2024-09-16 11:37:34.705000,418.31784754759343,1002
2024-09-16 11:37:34.715000,418.3107503245465,9
2024-09-16 11:37:34.754000,418.305697808658,1004
2024-09-16 11:37:34.847000,418.3122049368552,13
2024-09-16 11:37:35.058000,418.33360232410735,13
2024-09-16 11:37:35.066000,418.343288660719,14
2024-09-16 11:37:35.077000,418.35848258796017,95
2024-09-16 11:37:35.180000,418.3424372025195,104
2024-09-16 11:37:35.241000,418.3483396971222,7
2024-09-16 11:37:35.516000,418.3397819693556,101
2024-09-16 11:37:35.555000,418.2904004332489,1004
2024-09-16 11:37:35.614000,418.3129549869653,1002
2024-09-16 11:37:35.635000,418.303424289498,997
2024-09-16 11:37:35.636000,418.35043393622266,998
2024-09-16 11:37:35.712000,418.3143508839993,1003
2024-09-16 11:37:35.717000,418.2958797228475,1000
2024-09-16 11:37:35.825000,418.3404950537975,1002
2024-09-16 11:37:35.830000,418.3320651825997,100
2024-09-16 11:37:35.840000,418.3489628302019,95
2024-09-16 11:37:36.071000,418.312149890713,5
2024-09-16 11:37:36.106000,418.3067065607805,1002
2024-09-16 11:37:36.116000,418.2702029251442,998
2024-09-16 11:37:36.221000,418.3069008718032,999
2024-09-16 11:37:36.262000,418.28673213416096,7
2024-09-16 11:37:36.319000,418.2729577914757,104
2024-09-16 11:37:36.353000,418.2600070588435,102
2024-09-16 11:37:36.368000,418.31765183637634,105
2024-09-16 11:37:36.402000,418.3068694830377,105
2024-09-16 11:37:36.415000,418.2722621514702,995
2024-09-16 11:37:36.525000,418.31328621811406,98
2024-09-16 11:37:36.623000,418.3112258364023,10
2024-09-16 11:37:36.799000,418.2725987498768,9
2024-09-16 11:37:36.964000,418.26415717487095,998
2024-09-16 11:37:36.969000,418.2874018508577,12
2024-09-16 11:37:37.043000,418.2772351471153,102
2024-09-16 11:37:37.149000,418.2768441070217,8
2024-09-16 11:37:37.169000,418.2435210030909,12
2024-09-16 11:37:37.227000,418.2847868436476,96
2024-09-16 11:37:37.272000,418.320077348785,998
2024-09-16 11:37:37.331000,418.30919279100834,15
2024-09-16 11:37:37.356000,418.2528902690111,1004
2024-09-16 11:37:37.428000,418.2755502328711,996
2024-09-16 11:37:37.495000,418.26041166821,999
2024-09-16 11:37:37.507000,418.2735922575605,1004
2024-09-16 11:37:37.602000,418.2823725296694,6
2024-09-16 11:37:37.778000,418.2827914323529,12
2024-09-16 11:37:37.778000,418.2918589751917,10
2024-09-16 11:37:37.804000,418.2836821561191,1000
2024-09-16 11:37:37.816000,418.3133706102304,996
2024-09-16 11:37:37.821000,418.2992725866643,95
2024-09-16 11:37:37.855000,418.2684182847516,997
2024-09-16 11:37:38.001000,418.26509222878366,11
2024-09-16 11:37:38.032000,418.2461980313764,95
2024-09-16 11:37:38.068000,418.2617389414902,103
2024-09-16 11:37:38.109000,418.2825907799902,103
2024-09-16 11:37:38.116000,418.2556686409886,1000
2024-09-16 11:37:38.221000,418.257234446081,14
2024-09-16 11:37:38.535000,418.3255031460417,99
2024-09-16 11:37:38.544000,418.2371818013055,1004
2024-09-16 11:37:38.554000,418.2774618996047,1004
2024-09-16 11:37:38.577000,418.2661899839648,998
2024-09-16 11:37:38.649000,418.25254679387257,101
2024-09-16 11:37:38.721000,418.2582544195024,1005
2024-09-16 11:37:38.738000,418.34243181864485,1004
2024-09-16 11:37:38.755000,418.2723355103303,99
2024-09-16 11:37:38.794000,418.2704705249132,13
2024-09-16 11:37:38.850000,418.2458054802164,103
2024-09-16 11:37:39.459000,418.3475443895079,99
2024-09-16 11:37:39.465000,418.33103200841055,11
2024-09-16 11:37:40.011000,418.37489323094775,997
2024-09-16 11:37:40.030000,418.3558812891896,1001
2024-09-16 11:37:40.064000,418.3516379871887,105
2024-09-16 11:37:40.087000,418.38156672716576,96
2024-09-16 11:37:40.114000,418.37112428493225,101
2024-09-16 11:37:40.211000,418.3640258974784,97
2024-09-16 11:37:40.231000,418.37752418991465,105
2024-09-16 11:37:40.269000,418.3592447280764,998
2024-09-16 11:37:40.347000,418.3688848508049,13
2024-09-16 11:37:40.482000,418.367692196776,101
2024-09-16 11:37:40.537000,418.3577199735204,6
2024-09-16 11:37:40.558000,418.3698945467037,105
2024-09-16 11:37:40.583000,418.3666569745051,96
2024-09-16 11:37:40.592000,418.3545194004776,15
2024-09-16 11:37:40.602000,418.3448659156424,1002
2024-09-16 11:37:40.772000,418.37745486200345,998
2024-09-16 11:37:40.938000,418.3711139767173,105
2024-09-16 11:37:40.946000,418.3711918990946,104
2024-09-16 11:37:40.988000,418.34871265036674,100
2024-09-16 11:37:41.031000,418.3708182979945,99
2024-09-16 11:37:41.037000,418.31369838753295,997
2024-09-16 11:37:41.048000,418.29014656384544,8
2024-09-16 11:37:41.049000,418.2386167657528,97
2024-09-16 11:37:41.094000,418.3886709375748,102
2024-09-16 11:37:41.117000,418.3826835815983,1003
2024-09-16 11:37:41.149000,418.3118984277718,1005
2024-09-16 11:37:41.263000,418.3327836866092,12
2024-09-16 11:37:41.302000,418.3221389068966,104
2024-09-16 11:37:41.322000,418.3274433694365,101
2024-09-16 11:37:41.336000,418.33779272738985,8
2024-09-16 11:37:41.362000,418.3270111100848,96
2024-09-16 11:37:41.478000,418.3305211834614,97
2024-09-16 11:37:41.491000,418.3231955808895,102
2024-09-16 11:37:41.572000,418.2526801126574,1003
2024-09-16 11:37:41.620000,418.3298464603377,999
2024-09-16 11:37:41.689000,418.2465377472172,1003
2024-09-16 11:37:41.691000,418.2616867176648,97
2024-09-16 11:37:41.732000,418.2403100765097,1000
2024-09-16 11:37:41.736000,418.2453278577302,104
2024-09-16 11:37:41.746000,418.32182711683663,997
2024-09-16 11:37:41.767000,418.24344279705485,98
2024-09-16 11:37:41.800000,418.30764128685377,102
2024-09-16 11:37:41.825000,418.241258618049,999
2024-09-16 11:37:41.844000,418.31055123121325,1000
2024-09-16 11:37:41.984000,418.337730518457,95
2024-09-16 11:37:42.041000,418.2712310958408,102
2024-09-16 11:37:42.045000,418.2513019156586,6
2024-09-16 11:37:42.074000,418.223010480136,1005
2024-09-16 11:37:42.097000,418.1987741086208,1001
2024-09-16 11:37:42.129000,418.2266411561643,7
2024-09-16 11:37:42.165000,418.2089753946767,102
2024-09-16 11:37:42.179000,418.17817470880175,11
2024-09-16 11:37:42.201000,418.2161953513902,7
2024-09-16 11:37:42.204000,418.2290260783492,1001
2024-09-16 11:37:42.291000,418.243062018255,8
2024-09-16 11:37:42.377000,418.1750156548467,8
2024-09-16 11:37:42.419000,418.1819827838728,100
2024-09-16 11:37:42.462000,418.24113486626567,5
2024-09-16 11:37:42.530000,418.2424899430346,996
2024-09-16 11:37:42.571000,418.1851802235956,1002
2024-09-16 11:37:42.573000,418.1885724267696,1002
2024-09-16 11:37:42.603000,418.1800984723602,104
2024-09-16 11:37:42.687000,418.2080091863795,12
2024-09-16 11:37:42.691000,418.24291287875855,998
2024-09-16 11:37:42.701000,418.1770948611427,13
2024-09-16 11:37:42.721000,418.1928625565577,15
2024-09-16 11:37:42.776000,418.2494465645719,97
2024-09-16 11:37:42.849000,418.1737943305252,6
2024-09-16 11:37:42.881000,418.26206800621367,7
2024-09-16 11:37:42.967000,418.191151319827,997
2024-09-16 11:37:43.238000,418.15698735989713,997
2024-09-16 11:37:43.305000,418.1254730160471,99
2024-09-16 11:37:43.374000,418.1067378642501,6
2024-09-16 11:37:43.400000,418.1708426274198,1005
2024-09-16 11:37:43.440000,418.1717850158868,13
2024-09-16 11:37:43.470000,418.1085627841542,995
2024-09-16 11:37:43.491000,418.1211715785879,105
2024-09-16 11:37:43.545000,418.161313632617,995
2024-09-16 11:37:43.571000,418.16966572926736,1000
2024-09-16 11:37:43.779000,418.1401252216151,9
2024-09-16 11:37:43.793000,418.11189512801934,1004
2024-09-16 11:37:43.826000,418.1120101691231,5
2024-09-16 11:37:44.052000,418.0694459300534,12
2024-09-16 11:37:44.190000,418.0765272766989,12
2024-09-16 11:37:44.455000,418.0784771078038,6
2024-09-16 11:37:44.576000,418.0646097022415,998
2024-09-16 11:37:44.676000,418.1051623861528,996
2024-09-16 11:37:45.002000,418.0529338674335,5
2024-09-16 11:37:45.096000,418.0217497876569,5
2024-09-16 11:37:45.101000,418.0381534729229,999
2024-09-16 11:37:45.114000,417.9821954880045,1005
2024-09-16 11:37:45.153000,418.03763460536726,97
2024-09-16 11:37:45.214000,418.0456570427346,99
2024-09-16 11:37:45.242000,417.9534713734563,10
2024-09-16 11:37:45.299000,418.0698307031332,105
2024-09-16 11:37:45.308000,418.0088727921503,1003
2024-09-16 11:37:45.316000,418.046742719274,999
2024-09-16 11:37:45.454000,417.969178567945,103
2024-09-16 11:37:45.490000,418.0811927571482,100
2024-09-16 11:37:45.551000,418.0540070242945,8
2024-09-16 11:37:45.570000,418.0858636326882,11
2024-09-16 11:37:45.575000,418.0750895273404,5
2024-09-16 11:37:45.666000,418.04479331300126,995
2024-09-16 11:37:45.678000,418.0974958441657,998
2024-09-16 11:37:45.702000,417.981502351519,100
2024-09-16 11:37:45.765000,418.0268354783629,11
2024-09-16 11:37:45.775000,418.05124382123824,997
2024-09-16 11:37:45.841000,418.0618249212826,100
2024-09-16 11:37:45.856000,418.0579508729724,98
2024-09-16 11:37:45.891000,418.0854764351401,98
2024-09-16 11:37:45.918000,418.07156690920624,11
2024-09-16 11:37:46.036000,417.8983951398882,14
2024-09-16 11:37:46.129000,417.8960849341051,995
2024-09-16 11:37:46.179000,417.9342156083828,8
2024-09-16 11:37:46.208000,417.8974976776868,13
2024-09-16 11:37:46.213000,417.9137325037107,1001
2024-09-16 11:37:46.317000,417.8981064482467,15
2024-09-16 11:37:46.616000,417.9266802167407,15
2024-09-16 11:37:46.640000,417.918612112885,15
2024-09-16 11:37:46.681000,417.8998459484822,13
2024-09-16 11:37:46.726000,417.9353148258416,995
2024-09-16 11:37:46.963000,417.8885539032471,103
2024-09-16 11:37:47.036000,417.8715285911253,5
2024-09-16 11:37:47.179000,417.847747353038,13
2024-09-16 11:37:47.214000,417.88325507888766,10
2024-09-16 11:37:47.229000,417.8432383580671,105
2024-09-16 11:37:47.237000,417.861599961193,7
2024-09-16 11:37:47.601000,417.87261426951096,98
2024-09-16 11:37:47.648000,417.8150913354581,104
2024-09-16 11:37:47.700000,417.90069165641,96
2024-09-16 11:37:47.836000,417.8749407721344,97
2024-09-16 11:37:48.059000,417.7773770465492,1000
2024-09-16 11:37:48.067000,417.8118025856728,8
2024-09-16 11:37:48.095000,417.7939973814615,105
2024-09-16 11:37:48.434000,417.7998578634434,15
2024-09-16 11:37:48.450000,417.817675936759,96
2024-09-16 11:37:48.525000,417.8103182187135,100
2024-09-16 11:37:48.553000,417.8179863802949,13
2024-09-16 11:37:48.705000,417.7804798465196,998
2024-09-16 11:37:48.932000,417.7965320890786,996
2024-09-16 11:37:48.956000,417.8034515377138,96
2024-09-16 11:37:48.966000,417.7698650608568,997
2024-09-16 11:37:48.982000,417.774372118177,12
2024-09-16 11:37:48.986000,417.7641187067011,101
2024-09-16 11:37:49.043000,417.8075867811908,95
2024-09-16 11:37:49.146000,417.8220397535766,6
2024-09-16 11:37:49.306000,417.82897523687154,996
2024-09-16 11:37:49.343000,417.8238383168533,13
2024-09-16 11:37:49.385000,417.7834932684128,98
2024-09-16 11:37:49.387000,417.7925951944395,15
2024-09-16 11:37:49.402000,417.8099930116985,7
2024-09-16 11:37:49.435000,417.8306711363742,999
2024-09-16 11:37:49.457000,417.821994389298,995
2024-09-16 11:37:49.539000,417.823544918646,12
2024-09-16 11:37:49.563000,417.8366266385237,997
2024-09-16 11:37:49.634000,417.8107139899811,997
2024-09-16 11:37:49.652000,417.82554306958207,97
2024-09-16 11:37:49.719000,417.8248565164715,995
2024-09-16 11:37:50.071000,417.81259351795154,105
2024-09-16 11:37:50.085000,417.8141607019006,1001
2024-09-16 11:37:50.109000,417.81218796823407,98
2024-09-16 11:37:50.178000,417.7935666949388,100
2024-09-16 11:37:50.270000,417.8094812617832,5
2024-09-16 11:37:50.311000,417.8184073676084,5
2024-09-16 11:37:50.313000,417.78852106813576,14
2024-09-16 11:37:50.357000,417.818593897637,105
2024-09-16 11:37:50.404000,417.8083584593252,100
2024-09-16 11:37:50.520000,417.8156351950303,6
2024-09-16 11:37:50.630000,417.8117166539541,8
2024-09-16 11:37:50.665000,417.8208472749157,997
2024-09-16 11:37:50.710000,417.8129928917655,1000
2024-09-16 11:37:50.743000,417.8191507623185,9
2024-09-16 11:37:50.935000,417.8229653970266,1003
2024-09-16 11:37:51.176000,417.8214968868177,1005
2024-09-16 11:37:51.258000,417.81259386355686,1000
2024-09-16 11:37:51.304000,417.8121699094887,101
2024-09-16 11:37:51.572000,417.779762603663,1005
2024-09-16 11:37:51.790000,417.8012518331064,10
2024-09-16 11:37:51.876000,417.80582558399817,5
2024-09-16 11:37:51.917000,417.7886894633511,103
2024-09-16 11:37:52.123000,417.7980357959627,6
2024-09-16 11:37:52.165000,417.811596674785,1005
2024-09-16 11:37:52.229000,417.8175402490873,1003
2024-09-16 11:37:52.248000,417.8035567595136,1001
2024-09-16 11:37:52.386000,417.7776778189633,5
2024-09-16 11:37:52.559000,417.80770493695167,13
2024-09-16 11:37:52.560000,417.7969370495276,998
2024-09-16 11:37:52.767000,417.81267865814976,11
2024-09-16 11:37:52.853000,417.79825621160944,9
2024-09-16 11:37:52.979000,417.7741681541163,1000
2024-09-16 11:37:53.107000,417.8171419725922,995
2024-09-16 11:37:53.109000,417.8350372038824,98
2024-09-16 11:37:53.111000,417.8316782444662,995
2024-09-16 11:37:53.139000,417.80432891617903,15
2024-09-16 11:37:53.182000,417.8311424916294,13
2024-09-16 11:37:53.204000,417.7876560002216,105
2024-09-16 11:37:53.205000,417.8200813815413,101
2024-09-16 11:37:53.225000,417.7520886893264,98
2024-09-16 11:37:53.323000,417.7533124494924,1002
2024-09-16 11:37:53.377000,417.75608065250185,999
2024-09-16 11:37:53.448000,417.7821352244557,105
2024-09-16 11:37:53.471000,417.7562222258447,1005
2024-09-16 11:37:53.565000,417.75989056809374,104
2024-09-16 11:37:53.592000,417.8148401845174,995
2024-09-16 11:37:53.594000,417.82995807496496,7
2024-09-16 11:37:53.594000,417.7505663554936,102
2024-09-16 11:37:53.598000,417.8132390526687,103
2024-09-16 11:37:53.606000,417.79415837282505,1001
2024-09-16 11:37:53.617000,417.8337240641305,7
2024-09-16 11:37:53.668000,417.7816060949135,996
2024-09-16 11:37:53.695000,417.7643571068624,101
2024-09-16 11:37:53.785000,417.8170813153149,6
2024-09-16 11:37:53.796000,417.8175895775952,1004
2024-09-16 11:37:53.824000,417.7691868069544,8
2024-09-16 11:37:53.828000,417.7690370886777,96
2024-09-16 11:37:53.843000,417.7997249980615,104
2024-09-16 11:37:53.985000,417.7526694686672,1001
2024-09-16 11:37:54.119000,417.7654976427276,95
2024-09-16 11:37:54.143000,417.8116105516225,8
2024-09-16 11:37:54.196000,417.7997314215066,9
2024-09-16 11:37:54.212000,417.8042203868508,14
2024-09-16 11:37:54.254000,417.8005073499768,1003
2024-09-16 11:37:54.440000,417.7521946692665,995
2024-09-16 11:37:54.463000,417.76693168267167,997
2024-09-16 11:37:54.464000,417.8008167991748,105
2024-09-16 11:37:54.670000,417.7965966540914,95
2024-09-16 11:37:54.699000,417.7947128653865,11
2024-09-16 11:37:54.984000,417.78506818778527,103
2024-09-16 11:37:55.029000,417.7994350608848,8
2024-09-16 11:37:55.077000,417.7983695807756,104
2024-09-16 11:37:55.345000,417.7880002650981,995
2024-09-16 11:37:56.219000,417.7825971298475,1001
2024-09-16 11:37:56.227000,417.7516456394012,1003
2024-09-16 11:37:56.482000,417.76847706428174,1004
2024-09-16 11:37:56.788000,417.7639999032036,99
2024-09-16 11:37:56.791000,417.7873265217815,1002
2024-09-16 11:37:56.900000,417.7804116048178,95
2024-09-16 11:37:57.078000,417.77548699535225,13
2024-09-16 11:37:57.118000,417.79282801171473,6
2024-09-16 11:37:57.120000,417.77966358821305,14
2024-09-16 11:37:57.171000,417.7581367608003,9
2024-09-16 11:37:57.290000,417.7815014223186,103
2024-09-16 11:37:57.348000,417.7266711581293,11
2024-09-16 11:37:57.361000,417.7447715607067,7
2024-09-16 11:37:57.423000,417.7670476583975,1003
2024-09-16 11:37:57.516000,417.7423955016574,9
2024-09-16 11:37:57.576000,417.7772471812983,97
2024-09-16 11:37:57.589000,417.7480848887619,8
2024-09-16 11:37:57.613000,417.7594306145631,998
2024-09-16 11:37:57.688000,417.7523486691829,15
2024-09-16 11:37:57.715000,417.7503492083177,15
2024-09-16 11:37:57.849000,417.76873361475,997
2024-09-16 11:37:57.926000,417.78588460743725,8
2024-09-16 11:37:57.943000,417.7373511755508,10
2024-09-16 11:37:57.957000,417.7841403233514,1002
2024-09-16 11:37:57.969000,417.75185573704977,7
2024-09-16 11:37:57.976000,417.7942840085546,13
2024-09-16 11:37:57.976000,417.7505579583525,5
2024-09-16 11:37:58.916000,417.7117452826427,1003
2024-09-16 11:37:59.014000,417.6666726441699,995
2024-09-16 11:37:59.016000,417.6529118743082,10
2024-09-16 11:37:59.117000,417.69988638308166,96
2024-09-16 11:37:59.191000,417.6692834657028,13
2024-09-16 11:37:59.217000,417.6744861317941,102
2024-09-16 11:37:59.218000,417.6444165973121,100
2024-09-16 11:37:59.223000,417.6550406777581,103
2024-09-16 11:37:59.317000,417.6829610384353,104
2024-09-16 11:37:59.385000,417.6957465344127,1002
2024-09-16 11:37:59.430000,417.7076901324449,102
2024-09-16 11:37:59.440000,417.6746690327414,11
2024-09-16 11:37:59.442000,417.6751049030386,998
2024-09-16 11:37:59.459000,417.6543800672045,995
2024-09-16 11:37:59.512000,417.6387021553086,6
2024-09-16 11:37:59.650000,417.6595895753079,97
2024-09-16 11:37:59.653000,417.7063140677396,100
2024-09-16 11:37:59.681000,417.698862329023,997
2024-09-16 11:37:59.725000,417.6587049212664,98
2024-09-16 11:37:59.732000,417.6614704591797,98
2024-09-16 11:37:59.801000,417.64773695708976,9
2024-09-16 11:37:59.836000,417.6468825453069,1001
2024-09-16 11:37:59.876000,417.7059460960341,99
2024-09-16 11:37:59.893000,417.6789852278257,97
2024-09-16 11:37:59.972000,417.70837724117706,99
2024-09-16 11:37:59.974000,417.7064312154539,1003
