Timestamp,Price,Size
2024-09-17 14:42:00.109000,408.0607270949378,6
2024-09-17 14:42:00.388000,408.0562252769903,97
2024-09-17 14:42:00.571000,408.0496091108929,95
2024-09-17 14:42:00.870000,408.046624388909,997
2024-09-17 14:42:01.002000,408.0060370459082,14
2024-09-17 14:42:01.014000,408.0136291326589,1004
2024-09-17 14:42:01.029000,408.06036719429005,996
2024-09-17 14:42:01.034000,407.9980239720858,101
2024-09-17 14:42:01.065000,408.02099801796993,6
2024-09-17 14:42:01.069000,408.0384166888439,100
2024-09-17 14:42:01.101000,408.0032320019287,1004
2024-09-17 14:42:01.158000,408.0337485120413,11
2024-09-17 14:42:01.224000,408.0048233140134,12
2024-09-17 14:42:01.248000,408.05262658751815,98
2024-09-17 14:42:01.256000,408.0356102768389,999
2024-09-17 14:42:01.390000,408.0612942480846,1001
2024-09-17 14:42:01.397000,408.0661760888996,9
2024-09-17 14:42:01.412000,407.9988146988799,1003
2024-09-17 14:42:01.520000,408.0207252508286,11
2024-09-17 14:42:01.562000,408.0488218288588,997
2024-09-17 14:42:01.564000,415.5040458645544,997
2024-09-17 14:42:01.700000,408.0372781561264,102
2024-09-17 14:42:01.700000,408.0555913199074,10
2024-09-17 14:42:01.721000,408.0375284840388,999
2024-09-17 14:42:01.740000,408.0104062064397,998
2024-09-17 14:42:01.749000,408.060634942356,10
2024-09-17 14:42:01.783000,408.0246363851744,7
2024-09-17 14:42:01.833000,408.0181423734522,95
2024-09-17 14:42:01.870000,408.05028071671575,11
2024-09-17 14:42:01.937000,408.0088229846641,97
2024-09-17 14:42:01.940000,408.0528164433386,103
2024-09-17 14:42:01.981000,408.0522789536757,13
2024-09-17 14:42:01.985000,408.0103606315937,97
2024-09-17 14:42:02.144000,408.0155769762546,998
2024-09-17 14:42:02.152000,407.979985076954,9
2024-09-17 14:42:02.180000,408.0250771437953,6
2024-09-17 14:42:02.226000,408.0233075478311,102
2024-09-17 14:42:02.367000,407.9987237621789,10
2024-09-17 14:42:02.500000,407.9754344677737,996
2024-09-17 14:42:02.789000,407.9903905853244,995
2024-09-17 14:42:02.869000,408.0179781826336,102
2024-09-17 14:42:03.253000,408.0169234120652,15
2024-09-17 14:42:03.457000,415.5688648371014,95
2024-09-17 14:42:03.473000,407.99364813970647,13
2024-09-17 14:42:03.657000,408.01755678343176,102
2024-09-17 14:42:03.679000,407.989870545105,104
2024-09-17 14:42:04.178000,408.0079957687912,8
2024-09-17 14:42:04.223000,408.01797936493966,102
2024-09-17 14:42:04.608000,407.9899278775649,1005
2024-09-17 14:42:04.712000,408.025035955981,998
2024-09-17 14:42:04.751000,408.02632496381705,103
2024-09-17 14:42:04.963000,408.0063606005417,1002
2024-09-17 14:42:04.998000,408.0024091308654,14
2024-09-17 14:42:05.099000,407.9899146119355,995
2024-09-17 14:42:05.129000,408.0341376276198,13
2024-09-17 14:42:05.138000,408.015646221547,6
2024-09-17 14:42:05.170000,408.0289362962054,98
2024-09-17 14:42:05.187000,408.0326512427472,998
2024-09-17 14:42:05.270000,407.9915201315488,999
2024-09-17 14:42:05.338000,408.02904702460114,6
2024-09-17 14:42:05.364000,408.04049069762704,1001
2024-09-17 14:42:05.465000,408.0210366128207,103
2024-09-17 14:42:05.625000,408.0186221798817,995
2024-09-17 14:42:05.729000,408.0026401208339,14
2024-09-17 14:42:06.121000,408.04367853246873,8
2024-09-17 14:42:06.572000,408.0373189396941,998
2024-09-17 14:42:06.611000,408.03539173034966,95
2024-09-17 14:42:07.012000,408.0407286190358,996
2024-09-17 14:42:07.043000,408.0209267981938,998
2024-09-17 14:42:07.165000,408.031266347038,102
2024-09-17 14:42:07.399000,408.03069395633145,1003
2024-09-17 14:42:07.657000,408.04027188663895,10
2024-09-17 14:42:07.673000,408.01358192739775,95
2024-09-17 14:42:07.992000,408.0481780017557,104
2024-09-17 14:42:08.043000,407.9678505691109,997
2024-09-17 14:42:08.050000,407.99812626000266,997
2024-09-17 14:42:08.122000,407.9626720769666,14
2024-09-17 14:42:08.152000,407.9406695362194,1003
2024-09-17 14:42:08.167000,407.9853997201503,12
2024-09-17 14:42:08.250000,407.99127207640726,9
2024-09-17 14:42:08.278000,407.9212910534888,998
2024-09-17 14:42:08.297000,407.998807352517,996
2024-09-17 14:42:08.314000,408.0138206068391,995
2024-09-17 14:42:08.314000,407.9774757490205,5
2024-09-17 14:42:08.377000,407.9861652067043,999
2024-09-17 14:42:08.384000,408.0026430893229,7
2024-09-17 14:42:08.426000,407.99768871150513,99
2024-09-17 14:42:08.433000,408.01263839946927,99
2024-09-17 14:42:08.439000,407.99023554006567,101
2024-09-17 14:42:08.464000,408.0006193449861,101
2024-09-17 14:42:08.504000,407.9394720677204,7
2024-09-17 14:42:08.538000,407.9472189189658,997
2024-09-17 14:42:08.565000,407.9726577947466,6
2024-09-17 14:42:08.642000,407.9402418446416,1005
2024-09-17 14:42:08.663000,407.9883424678948,101
2024-09-17 14:42:08.747000,407.92189583927706,6
2024-09-17 14:42:08.797000,415.57946572248,101
2024-09-17 14:42:08.829000,407.926151902256,104
2024-09-17 14:42:08.865000,407.98744670425526,101
2024-09-17 14:42:08.875000,407.9964644555546,6
2024-09-17 14:42:08.911000,407.9830186217277,10
2024-09-17 14:42:09.017000,407.9479311303641,1000
2024-09-17 14:42:09.114000,407.9889759889006,104
2024-09-17 14:42:09.195000,407.9590586524486,997
2024-09-17 14:42:09.202000,407.9701672327834,100
2024-09-17 14:42:09.296000,407.99817791657847,1001
2024-09-17 14:42:09.297000,407.9733466772396,15
2024-09-17 14:42:09.408000,407.98235236661526,1005
2024-09-17 14:42:09.434000,407.9951740000628,1000
2024-09-17 14:42:09.444000,407.9621767624378,97
2024-09-17 14:42:09.552000,407.9791809314639,6
2024-09-17 14:42:09.555000,407.9932899966964,996
2024-09-17 14:42:09.683000,407.949678313664,998
2024-09-17 14:42:09.687000,407.9780007360243,999
2024-09-17 14:42:09.697000,407.98612208469245,98
2024-09-17 14:42:09.715000,407.9874009782182,14
2024-09-17 14:42:09.717000,408.0002796313058,102
2024-09-17 14:42:09.826000,407.9520143743016,99
2024-09-17 14:42:09.842000,407.9984125303996,1004
2024-09-17 14:42:09.996000,407.982764997504,97
2024-09-17 14:42:10.006000,407.95325897410777,11
2024-09-17 14:42:10.054000,407.9532365503204,1005
2024-09-17 14:42:10.154000,407.9363001579532,101
2024-09-17 14:42:10.154000,407.9345382738152,102
2024-09-17 14:42:10.241000,407.9609860052418,1003
2024-09-17 14:42:10.325000,407.9447386908988,11
2024-09-17 14:42:10.328000,407.9541648203892,99
2024-09-17 14:42:10.329000,407.9496186030237,1005
2024-09-17 14:42:10.483000,407.9518282677429,6
2024-09-17 14:42:10.485000,407.9406893113413,101
2024-09-17 14:42:10.493000,407.9507328435712,99
2024-09-17 14:42:10.552000,407.9600041703203,13
2024-09-17 14:42:10.638000,407.9427430239856,96
2024-09-17 14:42:10.645000,407.9576880233942,1003
2024-09-17 14:42:10.647000,407.94219629507074,999
2024-09-17 14:42:10.673000,407.96633170111113,6
2024-09-17 14:42:10.786000,407.932510189942,1002
2024-09-17 14:42:10.809000,407.9506053363297,9
2024-09-17 14:42:10.879000,407.9457498804551,11
2024-09-17 14:42:10.936000,407.9309935554051,105
2024-09-17 14:42:10.952000,407.948406919186,997
2024-09-17 14:42:11.255000,407.9024358507129,102
2024-09-17 14:42:11.270000,407.9151280342974,997
2024-09-17 14:42:11.363000,407.9222360259316,12
2024-09-17 14:42:11.411000,407.9206429481587,1001
2024-09-17 14:42:11.418000,407.9268662606207,1004
2024-09-17 14:42:11.489000,407.93431165820186,10
2024-09-17 14:42:11.491000,407.8982174968661,102
2024-09-17 14:42:11.536000,407.9652999881765,1000
2024-09-17 14:42:11.665000,407.913284484942,15
2024-09-17 14:42:11.758000,407.9207753946194,1000
2024-09-17 14:42:11.810000,407.9282114291154,96
2024-09-17 14:42:11.902000,407.9736842736708,103
2024-09-17 14:42:12.001000,407.91895263948624,996
2024-09-17 14:42:12.060000,407.90657407440784,1003
2024-09-17 14:42:12.233000,407.8577183720346,10
2024-09-17 14:42:12.251000,407.9094726726527,100
2024-09-17 14:42:12.264000,407.91217146438447,13
2024-09-17 14:42:12.280000,407.9014222544921,96
2024-09-17 14:42:12.292000,407.91222150607496,6
2024-09-17 14:42:12.328000,407.8989488448453,996
2024-09-17 14:42:12.500000,407.8679582305747,96
2024-09-17 14:42:12.539000,407.9027969543293,97
2024-09-17 14:42:12.593000,407.8948265603196,1005
2024-09-17 14:42:12.599000,407.8866752773662,9
2024-09-17 14:42:12.638000,407.9143991954553,999
2024-09-17 14:42:12.662000,407.9206043378903,1000
2024-09-17 14:42:12.690000,407.91978756158215,14
2024-09-17 14:42:12.759000,407.89921527983154,102
2024-09-17 14:42:12.907000,407.8642903803406,14
2024-09-17 14:42:12.935000,407.8741906935701,102
2024-09-17 14:42:13.067000,407.87667233900623,9
2024-09-17 14:42:13.096000,407.8634475007717,104
2024-09-17 14:42:13.096000,407.8652481845695,95
2024-09-17 14:42:13.211000,407.8695406054653,10
2024-09-17 14:42:13.245000,407.8913840592803,11
2024-09-17 14:42:13.338000,407.8801633010649,1003
2024-09-17 14:42:13.412000,407.86372699767,99
2024-09-17 14:42:13.461000,407.89482998348507,103
2024-09-17 14:42:13.471000,407.884336580073,998
2024-09-17 14:42:13.738000,407.86414160098064,999
2024-09-17 14:42:13.747000,407.8565941601258,14
2024-09-17 14:42:13.908000,407.9071327868024,6
2024-09-17 14:42:14.165000,407.91435504565993,999
2024-09-17 14:42:14.197000,415.66980223728126,97
2024-09-17 14:42:14.525000,407.90946167274376,99
2024-09-17 14:42:15.242000,407.9075674032314,995
2024-09-17 14:42:15.333000,407.9053363727247,11
2024-09-17 14:42:15.722000,407.91028537933335,15
2024-09-17 14:42:17.016000,407.8838536486414,1001
2024-09-17 14:42:17.043000,407.8990758307075,995
2024-09-17 14:42:17.110000,407.8284144905106,995
2024-09-17 14:42:17.127000,407.8852750306241,999
2024-09-17 14:42:17.197000,407.802443978113,104
2024-09-17 14:42:17.222000,407.83928901764045,101
2024-09-17 14:42:17.242000,407.8311806299988,12
2024-09-17 14:42:17.244000,407.8586862822453,95
2024-09-17 14:42:17.268000,407.82264482938353,98
2024-09-17 14:42:17.287000,407.8473556994959,1004
2024-09-17 14:42:17.335000,407.880175529065,97
2024-09-17 14:42:17.368000,407.8881472467715,97
2024-09-17 14:42:17.395000,407.8902743982902,95
2024-09-17 14:42:17.493000,407.8731728407995,1002
2024-09-17 14:42:17.514000,407.8626229661245,1003
2024-09-17 14:42:17.624000,407.8650471259717,998
2024-09-17 14:42:17.654000,407.87063902584464,13
2024-09-17 14:42:17.930000,407.8042770928778,14
2024-09-17 14:42:17.934000,407.9076865255142,96
2024-09-17 14:42:17.947000,407.87720272240034,10
2024-09-17 14:42:17.989000,407.8172400350028,96
2024-09-17 14:42:19.005000,407.80489369275614,11
2024-09-17 14:42:19.024000,407.8218214497652,5
2024-09-17 14:42:19.150000,407.81169168819366,1002
2024-09-17 14:42:19.225000,407.8006733112575,5
2024-09-17 14:42:19.296000,407.7913277435919,999
2024-09-17 14:42:19.311000,407.8229413836944,105
2024-09-17 14:42:19.607000,407.7995349975604,8
2024-09-17 14:42:19.795000,407.79236245576095,996
2024-09-17 14:42:19.896000,407.7992664462725,14
2024-09-17 14:42:19.915000,407.7957623355719,12
2024-09-17 14:42:20.032000,407.7466679873632,1004
2024-09-17 14:42:20.034000,407.8047774593887,1000
2024-09-17 14:42:20.118000,407.7638122179407,100
2024-09-17 14:42:20.208000,407.6926075123252,11
2024-09-17 14:42:20.376000,407.6967968024609,1002
2024-09-17 14:42:20.419000,407.7064841389313,97
2024-09-17 14:42:20.518000,407.7240637673072,98
2024-09-17 14:42:20.678000,407.7270817019985,11
2024-09-17 14:42:20.691000,407.7398902773785,999
2024-09-17 14:42:20.726000,407.7635813094675,104
2024-09-17 14:42:20.845000,407.7355063973509,996
2024-09-17 14:42:20.876000,407.7726209963479,12
2024-09-17 14:42:20.918000,407.69308394311327,104
2024-09-17 14:42:20.918000,407.7070314112619,14
2024-09-17 14:42:20.998000,407.71164780699,1001
2024-09-17 14:42:21,407.68359562823,98
2024-09-17 14:42:21.189000,407.6983274517209,15
2024-09-17 14:42:21.931000,407.70203660894913,997
2024-09-17 14:42:22.022000,407.65056465793583,1004
2024-09-17 14:42:22.040000,407.6254761938727,996
2024-09-17 14:42:22.097000,407.65413582739313,97
2024-09-17 14:42:22.124000,407.6581731493667,7
2024-09-17 14:42:22.130000,407.6711229059613,1001
2024-09-17 14:42:22.135000,407.6590040164478,104
2024-09-17 14:42:22.161000,407.63201935749214,100
2024-09-17 14:42:22.201000,407.6965599165485,9
2024-09-17 14:42:22.254000,407.715649293734,103
2024-09-17 14:42:22.268000,407.6713646756039,97
2024-09-17 14:42:22.297000,407.6613361735581,5
2024-09-17 14:42:22.353000,407.6280239076244,7
2024-09-17 14:42:22.365000,407.6858092977485,103
2024-09-17 14:42:22.385000,407.67571845582376,1001
2024-09-17 14:42:22.392000,407.62231821424695,1000
2024-09-17 14:42:22.432000,407.6747126729476,1004
2024-09-17 14:42:22.497000,407.6892573528089,1001
2024-09-17 14:42:22.500000,407.65519490511326,998
2024-09-17 14:42:22.503000,407.6408357858516,1001
2024-09-17 14:42:22.508000,407.6594573803788,1003
2024-09-17 14:42:22.539000,407.6320399545489,6
2024-09-17 14:42:22.549000,407.6559587375505,11
2024-09-17 14:42:22.566000,407.7075693581333,10
2024-09-17 14:42:22.629000,407.67067432562845,104
2024-09-17 14:42:22.648000,407.6852918531318,996
2024-09-17 14:42:22.696000,407.66405296382754,100
2024-09-17 14:42:22.758000,407.6530325956704,100
2024-09-17 14:42:22.819000,407.64132585435175,999
2024-09-17 14:42:22.873000,407.67694953487097,997
2024-09-17 14:42:23.019000,407.6991190562413,100
2024-09-17 14:42:23.064000,415.65969351535847,1001
2024-09-17 14:42:23.086000,407.66747820389145,1004
2024-09-17 14:42:23.129000,407.6919408964152,11
2024-09-17 14:42:23.129000,407.6984071301391,1005
2024-09-17 14:42:23.150000,407.6587716780521,999
2024-09-17 14:42:23.155000,407.6396903324245,103
2024-09-17 14:42:23.346000,407.64151700590463,1003
2024-09-17 14:42:23.406000,407.66997206716434,995
2024-09-17 14:42:23.459000,407.6940234766756,999
2024-09-17 14:42:23.529000,407.6745613278447,1004
2024-09-17 14:42:23.597000,407.6406964298531,100
2024-09-17 14:42:23.619000,407.6921753563902,103
2024-09-17 14:42:23.629000,407.6824133016252,11
2024-09-17 14:42:23.667000,407.69620598898086,995
2024-09-17 14:42:23.684000,407.63568217018377,10
2024-09-17 14:42:23.699000,407.6331612390691,6
2024-09-17 14:42:23.735000,407.6359644289796,95
2024-09-17 14:42:23.752000,407.6852660595851,103
2024-09-17 14:42:23.758000,407.62591984472016,12
2024-09-17 14:42:23.759000,407.6698498281154,11
2024-09-17 14:42:23.801000,407.69582117584025,15
2024-09-17 14:42:23.808000,407.6955260788684,5
2024-09-17 14:42:23.839000,407.6447062347957,1000
2024-09-17 14:42:23.873000,407.7115684322581,104
2024-09-17 14:42:23.876000,407.6610141874767,1004
2024-09-17 14:42:23.877000,407.619874650356,95
2024-09-17 14:42:23.914000,407.6630972523078,9
2024-09-17 14:42:24.207000,407.64262283944737,10
2024-09-17 14:42:24.230000,407.6258411510754,8
2024-09-17 14:42:24.438000,407.6177872954219,13
2024-09-17 14:42:24.612000,407.6563317224072,1003
2024-09-17 14:42:24.748000,407.6260580893463,12
2024-09-17 14:42:24.904000,407.6162628215698,1002
2024-09-17 14:42:25.052000,407.638142141799,10
2024-09-17 14:42:25.063000,407.6438140349545,5
2024-09-17 14:42:25.090000,407.6488069177928,104
2024-09-17 14:42:25.141000,407.7057884056461,996
2024-09-17 14:42:25.199000,407.63302470464953,15
2024-09-17 14:42:25.239000,407.64093090931766,1002
2024-09-17 14:42:25.254000,407.6843853995412,5
2024-09-17 14:42:25.375000,407.6556263958955,998
2024-09-17 14:42:25.464000,407.7025613418867,1003
2024-09-17 14:42:25.529000,407.70561200690827,100
2024-09-17 14:42:25.793000,407.661569987065,1001
2024-09-17 14:42:26.184000,407.728003227499,13
2024-09-17 14:42:26.461000,407.70950494017353,97
2024-09-17 14:42:26.547000,407.729077203912,996
2024-09-17 14:42:26.785000,407.7149164882017,1005
2024-09-17 14:42:26.817000,415.5938477015951,998
2024-09-17 14:42:26.949000,407.7264794543657,1004
2024-09-17 14:42:27.013000,407.747424389768,99
2024-09-17 14:42:27.111000,407.7590413420645,101
2024-09-17 14:42:27.208000,407.7502464507709,6
2024-09-17 14:42:27.275000,407.7426983076681,96
2024-09-17 14:42:27.361000,407.7284313156133,5
2024-09-17 14:42:27.391000,407.765837380944,97
2024-09-17 14:42:27.392000,407.75782192339415,996
2024-09-17 14:42:27.415000,407.754296863177,14
2024-09-17 14:42:27.431000,407.7432759309172,997
2024-09-17 14:42:27.462000,407.7760718173843,15
2024-09-17 14:42:27.494000,407.7329353598189,14
2024-09-17 14:42:27.518000,407.75016789519066,11
2024-09-17 14:42:27.549000,407.733962799912,5
2024-09-17 14:42:27.621000,407.747464903699,997
2024-09-17 14:42:27.676000,407.75053829069685,1001
2024-09-17 14:42:27.734000,407.7429596650778,1003
2024-09-17 14:42:27.754000,407.7391238543497,8
2024-09-17 14:42:27.839000,407.7435518715372,99
2024-09-17 14:42:27.939000,407.7646889529072,102
2024-09-17 14:42:27.971000,407.7457219163508,11
2024-09-17 14:42:27.981000,407.75503111884433,8
2024-09-17 14:42:27.981000,407.7409568234151,5
2024-09-17 14:42:28.005000,407.7117216286048,96
2024-09-17 14:42:28.023000,407.7060151713664,1004
2024-09-17 14:42:28.166000,407.721638925427,996
2024-09-17 14:42:28.245000,407.72603543524616,1002
2024-09-17 14:42:28.268000,407.7044440550872,14
2024-09-17 14:42:28.269000,407.7375709037203,998
2024-09-17 14:42:28.345000,407.7029431544351,6
2024-09-17 14:42:28.368000,407.7053301963941,1004
2024-09-17 14:42:28.375000,407.7158647646997,10
2024-09-17 14:42:28.435000,407.7270248387815,95
2024-09-17 14:42:28.436000,407.7220927678828,10
2024-09-17 14:42:28.453000,407.7007819074416,5
2024-09-17 14:42:28.571000,407.7270110144838,15
2024-09-17 14:42:28.594000,407.7059821408933,12
2024-09-17 14:42:28.711000,407.7237662217632,995
2024-09-17 14:42:28.799000,407.7168431907323,998
2024-09-17 14:42:28.847000,407.71506119367456,999
2024-09-17 14:42:28.898000,407.708323954477,104
2024-09-17 14:42:28.923000,407.71774353654337,1000
2024-09-17 14:42:29.094000,407.7655876882529,12
2024-09-17 14:42:29.135000,407.7378574108657,99
2024-09-17 14:42:29.296000,407.75273897299786,1002
2024-09-17 14:42:29.452000,407.7715668218976,1005
2024-09-17 14:42:29.470000,407.7532497127876,1003
2024-09-17 14:42:29.499000,407.754586271187,6
2024-09-17 14:42:29.600000,407.7500216215733,1003
2024-09-17 14:42:29.901000,407.7434333845874,95
2024-09-17 14:42:30.045000,407.63698344931294,5
2024-09-17 14:42:30.062000,407.7526920535833,104
2024-09-17 14:42:30.065000,407.6863521859272,1005
2024-09-17 14:42:30.187000,407.65112315015466,8
2024-09-17 14:42:30.265000,407.6609835403836,6
2024-09-17 14:42:30.312000,407.6379355877177,102
2024-09-17 14:42:30.346000,407.6625002024944,15
2024-09-17 14:42:30.427000,407.75936180725824,1005
2024-09-17 14:42:30.441000,407.6479203558405,998
2024-09-17 14:42:30.444000,407.6644939931383,98
2024-09-17 14:42:30.476000,407.7004813951083,105
2024-09-17 14:42:30.480000,407.6447049557934,15
2024-09-17 14:42:30.595000,407.66385764021,95
2024-09-17 14:42:30.601000,407.6410274324766,98
2024-09-17 14:42:30.685000,407.6738252531867,1002
2024-09-17 14:42:30.687000,407.7142774490412,9
2024-09-17 14:42:30.754000,407.7620149193303,1001
2024-09-17 14:42:30.812000,407.7441075659142,102
2024-09-17 14:42:30.833000,407.6413077074092,14
2024-09-17 14:42:30.839000,407.6378098340388,1004
2024-09-17 14:42:30.911000,407.6741053263176,6
2024-09-17 14:42:30.964000,407.7686428735344,104
2024-09-17 14:42:31.118000,415.4870893884806,6
2024-09-17 14:42:31.323000,407.6525774306007,105
2024-09-17 14:42:31.470000,407.65378160077313,8
2024-09-17 14:42:31.495000,407.6548649546878,98
2024-09-17 14:42:31.650000,407.66136705528055,1000
2024-09-17 14:42:31.662000,407.6491375211738,6
2024-09-17 14:42:31.681000,407.6601211844247,998
2024-09-17 14:42:31.777000,407.6548604943434,997
2024-09-17 14:42:32.020000,407.6597025397833,100
2024-09-17 14:42:32.050000,407.7028809974453,1003
2024-09-17 14:42:32.101000,407.6894330458027,6
2024-09-17 14:42:32.124000,407.7021898167381,98
2024-09-17 14:42:32.236000,415.5582398410273,997
2024-09-17 14:42:32.239000,407.6816329801116,98
2024-09-17 14:42:32.246000,407.6602367845354,1002
2024-09-17 14:42:32.392000,407.6722731713652,996
2024-09-17 14:42:32.462000,407.68968065860014,1002
2024-09-17 14:42:32.462000,407.69378339062587,8
2024-09-17 14:42:32.474000,407.6702429449857,98
2024-09-17 14:42:32.562000,415.50747278418345,1000
2024-09-17 14:42:32.790000,407.7013378354733,97
2024-09-17 14:42:32.793000,407.6805985677103,15
2024-09-17 14:42:32.937000,407.6928506182253,10
2024-09-17 14:42:33.046000,407.7101422597768,12
2024-09-17 14:42:33.124000,407.7038121412237,101
2024-09-17 14:42:33.225000,407.747728026108,14
2024-09-17 14:42:33.350000,407.7044381524416,13
2024-09-17 14:42:33.388000,407.7141991040379,98
2024-09-17 14:42:33.429000,407.7457643413071,95
2024-09-17 14:42:33.483000,407.7246012133658,1005
2024-09-17 14:42:33.483000,407.75827378637376,96
2024-09-17 14:42:33.488000,407.71679075881104,8
2024-09-17 14:42:33.617000,407.741650546944,102
2024-09-17 14:42:33.748000,407.7058669075667,104
2024-09-17 14:42:33.826000,407.7458990226374,8
2024-09-17 14:42:33.919000,407.706622124239,10
2024-09-17 14:42:33.989000,407.7282824600723,1004
2024-09-17 14:42:34.037000,407.7686385945112,95
2024-09-17 14:42:34.040000,407.786316607638,105
2024-09-17 14:42:34.123000,407.7904351662348,102
2024-09-17 14:42:34.192000,407.7781100646458,104
2024-09-17 14:42:34.343000,407.78886270328906,998
2024-09-17 14:42:34.401000,407.7771389568335,100
2024-09-17 14:42:34.423000,407.7795720254056,10
2024-09-17 14:42:34.427000,407.7851040145758,1000
2024-09-17 14:42:34.447000,407.7592158320489,103
2024-09-17 14:42:34.506000,407.7757605309479,100
2024-09-17 14:42:34.517000,407.7696561065944,1004
2024-09-17 14:42:34.560000,407.7594691457511,97
2024-09-17 14:42:34.589000,407.765113459342,99
2024-09-17 14:42:34.650000,407.7963402502549,100
2024-09-17 14:42:34.811000,407.7889709972114,1002
2024-09-17 14:42:34.828000,407.78009185712233,1002
2024-09-17 14:42:34.865000,407.77925817614346,1001
2024-09-17 14:42:34.886000,407.7721545383013,6
2024-09-17 14:42:34.961000,407.7875750621244,5
2024-09-17 14:42:35.001000,407.81302912689046,5
2024-09-17 14:42:35.026000,407.8484924831655,7
2024-09-17 14:42:35.051000,407.822120209474,998
2024-09-17 14:42:35.070000,407.784598892438,103
2024-09-17 14:42:35.087000,407.7741958075195,102
2024-09-17 14:42:35.159000,407.8092917244028,5
2024-09-17 14:42:35.168000,407.8426735845008,13
2024-09-17 14:42:35.277000,407.8201820378613,12
2024-09-17 14:42:35.341000,407.8167460912367,102
2024-09-17 14:42:35.371000,407.8321610803346,998
2024-09-17 14:42:35.417000,407.7711347545698,95
2024-09-17 14:42:35.427000,407.7954269774013,15
2024-09-17 14:42:35.484000,407.7907658769939,96
2024-09-17 14:42:35.512000,407.827734605793,1002
2024-09-17 14:42:35.520000,407.82521486507727,14
2024-09-17 14:42:35.548000,407.7998231262422,105
2024-09-17 14:42:35.549000,407.77340341206514,1004
2024-09-17 14:42:35.569000,407.7797654487785,996
2024-09-17 14:42:35.650000,407.84212547855424,14
2024-09-17 14:42:35.674000,407.7830939014219,100
2024-09-17 14:42:35.699000,407.8002151550911,101
2024-09-17 14:42:35.699000,407.8097233429191,102
2024-09-17 14:42:35.738000,407.8247925712908,1004
2024-09-17 14:42:35.793000,407.79450444153457,97
2024-09-17 14:42:35.820000,407.8012398507237,998
2024-09-17 14:42:35.895000,407.79162580185374,1000
2024-09-17 14:42:35.906000,407.83178405980846,1005
2024-09-17 14:42:35.977000,407.8303910598873,5
2024-09-17 14:42:35.980000,407.8507664336101,12
2024-09-17 14:42:36.006000,407.90567982882527,95
2024-09-17 14:42:36.032000,407.9255447580156,999
2024-09-17 14:42:36.032000,407.9056417505601,1004
2024-09-17 14:42:36.054000,407.9287036710068,103
2024-09-17 14:42:36.198000,407.9242728443671,12
2024-09-17 14:42:36.228000,407.8938731389189,5
2024-09-17 14:42:36.230000,407.93569558396695,96
2024-09-17 14:42:36.309000,407.84148488673503,12
2024-09-17 14:42:36.351000,407.8893266197539,97
2024-09-17 14:42:36.422000,415.6784632730275,6
2024-09-17 14:42:36.455000,407.9247599058626,998
2024-09-17 14:42:36.516000,407.9301104109616,8
2024-09-17 14:42:36.563000,407.8442981043903,15
2024-09-17 14:42:36.572000,407.9154643018112,998
2024-09-17 14:42:36.640000,407.9103684656821,1004
2024-09-17 14:42:36.771000,407.9040599892229,12
2024-09-17 14:42:36.805000,407.91978597684925,14
2024-09-17 14:42:36.841000,407.8763058780854,104
2024-09-17 14:42:36.854000,407.9174856020696,1005
2024-09-17 14:42:36.906000,407.9100652601411,998
2024-09-17 14:42:36.941000,407.9150803411647,11
2024-09-17 14:42:37.089000,407.8935483607216,96
2024-09-17 14:42:37.319000,407.9184912287556,6
2024-09-17 14:42:37.759000,407.8874922446616,15
2024-09-17 14:42:37.968000,407.929745192713,105
2024-09-17 14:42:38.034000,407.9254791197964,102
2024-09-17 14:42:38.063000,407.9343088413305,10
2024-09-17 14:42:38.108000,407.9458486266153,998
2024-09-17 14:42:38.126000,407.8975265044104,1002
2024-09-17 14:42:38.181000,407.91852723657945,999
2024-09-17 14:42:38.318000,407.90403650130656,95
2024-09-17 14:42:38.340000,407.9278595428774,14
2024-09-17 14:42:38.352000,407.8997598444313,104
2024-09-17 14:42:38.590000,407.94533986521327,1003
2024-09-17 14:42:38.619000,407.92351047766186,999
2024-09-17 14:42:38.643000,407.9072604823136,1005
2024-09-17 14:42:38.647000,407.9138205783063,103
2024-09-17 14:42:38.894000,407.8925663964874,13
2024-09-17 14:42:38.916000,407.9128370560752,1003
2024-09-17 14:42:39.193000,407.8844406322973,97
2024-09-17 14:42:39.248000,407.914243317992,1003
2024-09-17 14:42:39.290000,407.8894391277517,1005
2024-09-17 14:42:39.342000,407.890696474292,6
2024-09-17 14:42:39.659000,407.9208376766508,104
2024-09-17 14:42:41.022000,407.92065685985904,15
2024-09-17 14:42:41.030000,407.8870113338651,12
2024-09-17 14:42:41.098000,407.8961703541056,1004
2024-09-17 14:42:41.165000,407.9141970164888,1000
2024-09-17 14:42:41.207000,407.9029778538828,996
2024-09-17 14:42:41.211000,407.90424281796055,102
2024-09-17 14:42:41.227000,407.8835179192222,15
2024-09-17 14:42:41.247000,407.90307770036696,999
2024-09-17 14:42:41.259000,407.8802615257696,99
2024-09-17 14:42:41.285000,407.9079125289493,104
2024-09-17 14:42:41.381000,407.884841072903,101
2024-09-17 14:42:41.385000,407.89284729417886,12
2024-09-17 14:42:41.712000,407.90372483487255,7
2024-09-17 14:42:41.735000,407.8998611401568,998
2024-09-17 14:42:41.840000,407.89154547773137,1002
2024-09-17 14:42:41.905000,407.9023216442701,998
2024-09-17 14:42:41.911000,407.8956822703105,97
2024-09-17 14:42:41.932000,407.874842187228,98
2024-09-17 14:42:41.980000,407.9107235592029,1001
2024-09-17 14:42:42.028000,407.90551224938855,103
2024-09-17 14:42:42.233000,407.9127924878073,13
2024-09-17 14:42:42.240000,407.89814113956686,103
2024-09-17 14:42:42.430000,407.9252650223362,5
2024-09-17 14:42:42.470000,407.8784732726612,997
2024-09-17 14:42:42.556000,407.9250475712535,102
2024-09-17 14:42:42.699000,407.8985974246413,9
2024-09-17 14:42:42.996000,407.88598010418633,104
2024-09-17 14:42:43.293000,407.92543296389096,98
2024-09-17 14:42:43.349000,407.94721043368367,105
2024-09-17 14:42:43.356000,415.6714229800887,1003
2024-09-17 14:42:43.474000,407.9192561232977,1004
2024-09-17 14:42:44.822000,407.944994584168,12
2024-09-17 14:42:45.189000,407.92952246857135,11
2024-09-17 14:42:45.335000,407.9438326236319,15
2024-09-17 14:42:45.519000,407.9162154238167,1003
2024-09-17 14:42:45.568000,407.9107811087897,105
2024-09-17 14:42:45.756000,407.945331362964,1001
2024-09-17 14:42:46.740000,407.9157246854855,98
2024-09-17 14:42:47.309000,407.9199689830862,14
2024-09-17 14:42:47.323000,407.92502481895775,997
2024-09-17 14:42:48.073000,407.9094516131113,104
2024-09-17 14:42:48.303000,407.8684919338123,998
2024-09-17 14:42:48.365000,407.8943634746222,1001
2024-09-17 14:42:48.494000,407.9278994826816,1004
2024-09-17 14:42:48.692000,407.9048685281517,997
2024-09-17 14:42:48.888000,407.9169735804253,1001
2024-09-17 14:42:49.006000,407.8217886952093,8
2024-09-17 14:42:49.194000,407.8532573796243,7
2024-09-17 14:42:49.195000,407.8215829723385,999
2024-09-17 14:42:49.281000,407.800006567348,14
2024-09-17 14:42:49.298000,407.82360265602455,96
2024-09-17 14:42:49.300000,407.8247803036796,996
2024-09-17 14:42:49.396000,407.8110950578457,15
2024-09-17 14:42:49.455000,407.8593948856088,999
2024-09-17 14:42:49.525000,407.8968344323511,101
2024-09-17 14:42:49.632000,407.8323774177623,995
2024-09-17 14:42:49.656000,407.7921361347224,11
2024-09-17 14:42:49.667000,407.8810296982361,10
2024-09-17 14:42:49.697000,407.8007268047982,102
2024-09-17 14:42:49.706000,407.8755522726062,8
2024-09-17 14:42:49.768000,407.8466049557724,6
2024-09-17 14:42:49.783000,407.8310904196436,15
2024-09-17 14:42:49.819000,407.81847929775626,998
2024-09-17 14:42:49.875000,407.79213845871385,14
2024-09-17 14:42:50.006000,407.8722096207184,1004
2024-09-17 14:42:50.135000,407.88934499901006,995
2024-09-17 14:42:50.231000,407.89094672910994,96
2024-09-17 14:42:50.343000,407.8976125291004,98
2024-09-17 14:42:50.361000,407.88439940866414,102
2024-09-17 14:42:50.550000,407.8989883222401,105
2024-09-17 14:42:50.654000,407.8894507276575,14
2024-09-17 14:42:50.660000,407.90205310969895,100
2024-09-17 14:42:50.703000,407.904785921535,12
2024-09-17 14:42:50.743000,407.89178651705214,1001
2024-09-17 14:42:50.848000,407.89579462563785,15
2024-09-17 14:42:50.895000,415.6360792823382,13
2024-09-17 14:42:50.909000,407.8912934593615,99
2024-09-17 14:42:50.936000,407.90058804532754,10
2024-09-17 14:42:50.976000,407.8945846589352,997
2024-09-17 14:42:51.150000,407.8767221390927,14
2024-09-17 14:42:51.195000,407.88461299046656,100
2024-09-17 14:42:51.267000,407.8959370742489,13
2024-09-17 14:42:51.317000,407.905205212064,5
2024-09-17 14:42:51.501000,407.9253156117773,100
2024-09-17 14:42:51.509000,407.8633959683451,10
2024-09-17 14:42:51.640000,407.9161135018426,10
2024-09-17 14:42:51.857000,407.9008987724546,15
2024-09-17 14:42:52.051000,407.9388301945309,997
2024-09-17 14:42:52.055000,407.95515522624,6
2024-09-17 14:42:52.068000,407.91213371537447,99
2024-09-17 14:42:52.070000,407.9562224370948,99
2024-09-17 14:42:52.125000,407.94973419161454,6
2024-09-17 14:42:52.190000,407.8993187706541,95
2024-09-17 14:42:52.197000,407.9561456393291,99
2024-09-17 14:42:52.203000,407.9288434413663,96
2024-09-17 14:42:52.235000,407.9667657975712,11
2024-09-17 14:42:52.281000,407.913169543494,105
2024-09-17 14:42:52.360000,407.9565334661256,98
2024-09-17 14:42:52.383000,407.90991443448434,102
2024-09-17 14:42:52.406000,407.912894604337,995
2024-09-17 14:42:52.504000,407.95973065152464,95
2024-09-17 14:42:52.593000,407.9041892637324,9
2024-09-17 14:42:52.627000,407.9510478723013,96
2024-09-17 14:42:52.743000,407.9146695039585,95
2024-09-17 14:42:52.747000,407.9099010812489,5
2024-09-17 14:42:52.909000,407.94743656236096,996
2024-09-17 14:42:52.948000,407.9498554010113,1004
2024-09-17 14:42:52.951000,407.9147534150407,100
2024-09-17 14:42:53.012000,407.922445308133,1000
2024-09-17 14:42:53.169000,407.94268321628425,13
2024-09-17 14:42:53.178000,407.9374964623532,8
2024-09-17 14:42:53.217000,407.9740602414042,8
2024-09-17 14:42:53.491000,407.9573124428292,5
2024-09-17 14:42:53.705000,407.92545735822176,96
2024-09-17 14:42:53.740000,407.9486326240491,100
2024-09-17 14:42:53.925000,407.9515096533814,95
2024-09-17 14:42:54.093000,407.930570712201,97
2024-09-17 14:42:54.103000,407.9404363049766,105
2024-09-17 14:42:54.259000,407.9229623713139,14
2024-09-17 14:42:54.260000,407.9312052965985,9
2024-09-17 14:42:54.333000,407.9528852373623,104
2024-09-17 14:42:54.435000,407.9200954320847,101
2024-09-17 14:42:54.443000,407.9411620333307,1004
2024-09-17 14:42:54.488000,407.9240532059536,995
2024-09-17 14:42:54.613000,407.9268883162797,5
2024-09-17 14:42:54.642000,407.9625498600659,99
2024-09-17 14:42:54.664000,407.9197438989047,15
2024-09-17 14:42:54.779000,407.9249978752089,102
2024-09-17 14:42:54.786000,407.9352221317928,100
2024-09-17 14:42:54.827000,407.9400487557001,98
2024-09-17 14:42:54.874000,407.89448963685606,95
2024-09-17 14:42:54.948000,407.9069264756811,1001
2024-09-17 14:42:55.136000,407.9258975793911,102
2024-09-17 14:42:55.140000,407.9377019603437,103
2024-09-17 14:42:55.143000,407.9322102373264,97
2024-09-17 14:42:55.231000,407.9359425563289,104
2024-09-17 14:42:56.028000,407.9226662183976,998
2024-09-17 14:42:56.062000,407.9441697898599,1005
2024-09-17 14:42:56.084000,407.9303968683688,8
2024-09-17 14:42:56.101000,407.9210025715452,1003
2024-09-17 14:42:56.181000,407.9262370883266,13
2024-09-17 14:42:56.235000,407.9634160522685,105
2024-09-17 14:42:56.424000,407.9288252645599,98
2024-09-17 14:42:56.435000,407.8965451635182,8
2024-09-17 14:42:56.455000,407.93319091332495,101
2024-09-17 14:42:56.468000,407.9020278680024,105
2024-09-17 14:42:56.475000,407.914194951,1003
2024-09-17 14:42:56.479000,407.9329942384253,101
2024-09-17 14:42:56.521000,407.9081756846063,103
2024-09-17 14:42:56.539000,407.9141969697928,1003
2024-09-17 14:42:56.574000,407.9453815832263,1002
2024-09-17 14:42:56.625000,407.9005506593784,14
2024-09-17 14:42:56.683000,407.885813541369,8
2024-09-17 14:42:56.693000,407.91179845415206,11
2024-09-17 14:42:56.826000,407.90663409300026,7
2024-09-17 14:42:56.878000,407.9040652034668,10
2024-09-17 14:42:56.949000,407.9229302135264,13
2024-09-17 14:42:56.956000,407.92189849351325,99
2024-09-17 14:42:56.958000,407.9646767196679,5
2024-09-17 14:42:57.017000,407.9065577249427,101
2024-09-17 14:42:57.299000,407.9194691820896,8
2024-09-17 14:42:57.520000,407.9061210837998,104
2024-09-17 14:42:57.637000,407.92021951082125,12
2024-09-17 14:42:57.683000,407.9082709959882,1002
2024-09-17 14:42:58.125000,407.90523640884953,98
2024-09-17 14:42:58.126000,407.89102884054574,105
2024-09-17 14:42:58.207000,407.9156286843728,101
2024-09-17 14:42:58.327000,407.9214348014013,1004
2024-09-17 14:42:58.381000,407.91186082277727,998
2024-09-17 14:42:58.425000,407.9032212610858,14
2024-09-17 14:42:58.430000,407.8847757866253,1004
2024-09-17 14:42:58.629000,407.9216751616469,105
2024-09-17 14:42:58.700000,407.9231316781412,103
2024-09-17 14:42:58.704000,407.8888613680942,13
2024-09-17 14:42:58.873000,407.91725058410987,96
2024-09-17 14:42:58.875000,407.9032690288065,98
2024-09-17 14:42:58.904000,407.9290481587896,99
2024-09-17 14:42:58.932000,407.9085718259248,13
2024-09-17 14:42:58.958000,407.9106243016199,6
2024-09-17 14:42:58.970000,407.9010909201644,96
2024-09-17 14:42:58.992000,407.9255654840844,95
2024-09-17 14:42:59.015000,407.9325650026126,96
2024-09-17 14:42:59.018000,407.8784247949033,1003
2024-09-17 14:42:59.047000,407.874112474096,103
2024-09-17 14:42:59.083000,407.95463908362416,1005
2024-09-17 14:42:59.084000,407.9611661580204,995
2024-09-17 14:42:59.095000,407.91617549735264,1003
2024-09-17 14:42:59.122000,407.89602477839657,1004
2024-09-17 14:42:59.151000,407.92778529455023,105
2024-09-17 14:42:59.151000,407.9512683123394,95
2024-09-17 14:42:59.155000,407.89008768239137,97
2024-09-17 14:42:59.179000,407.86192713089497,998
2024-09-17 14:42:59.252000,407.91861839905374,12
2024-09-17 14:42:59.330000,407.8947796086491,6
2024-09-17 14:42:59.372000,407.9449027476449,7
2024-09-17 14:42:59.387000,407.8881623100817,98
2024-09-17 14:42:59.476000,407.9341445496976,100
2024-09-17 14:42:59.487000,407.9129920606401,1002
2024-09-17 14:42:59.495000,407.94008139541626,1000
2024-09-17 14:42:59.508000,407.94709850334567,100
2024-09-17 14:42:59.541000,407.8503421130711,995
2024-09-17 14:42:59.552000,407.896101884978,9
2024-09-17 14:42:59.566000,407.8855658634034,6
2024-09-17 14:42:59.595000,407.9445738664292,96
2024-09-17 14:42:59.614000,407.880438040581,6
2024-09-17 14:42:59.668000,407.9254419426185,997
2024-09-17 14:42:59.769000,407.8930157919581,999
2024-09-17 14:42:59.889000,407.9251756398841,1003
2024-09-17 14:42:59.910000,407.8761140729604,6
2024-09-17 14:42:59.921000,407.905131430318,13
2024-09-17 14:42:59.963000,407.90834072349566,998
