Timestamp,Price,Size
2024-09-18 14:49:00.001000,414.6267987006537,14
2024-09-18 14:49:00.032000,414.6542053959193,999
2024-09-18 14:49:00.371000,414.6250490507933,998
2024-09-18 14:49:00.528000,414.6606232268938,103
2024-09-18 14:49:00.547000,414.6449213017632,7
2024-09-18 14:49:00.646000,414.6367058254365,1005
2024-09-18 14:49:00.714000,414.65878548539246,99
2024-09-18 14:49:00.723000,414.6655488169101,995
2024-09-18 14:49:00.741000,414.6090067426415,103
2024-09-18 14:49:00.992000,414.620814683173,95
2024-09-18 14:49:01.057000,414.6690685689999,10
2024-09-18 14:49:01.074000,414.67447187976194,100
2024-09-18 14:49:01.365000,414.67492599274505,995
2024-09-18 14:49:01.411000,414.66711231394686,1003
2024-09-18 14:49:01.443000,414.657765760775,102
2024-09-18 14:49:01.509000,414.6523014610124,12
2024-09-18 14:49:01.518000,414.65232508432126,104
2024-09-18 14:49:01.649000,414.6675704625738,997
2024-09-18 14:49:01.725000,414.6630744311189,99
2024-09-18 14:49:01.765000,414.6801599240147,13
2024-09-18 14:49:01.845000,414.6628368403124,95
2024-09-18 14:49:01.923000,414.6871838669815,996
2024-09-18 14:49:01.953000,414.6598226541405,6
2024-09-18 14:49:02.001000,414.6206292848819,12
2024-09-18 14:49:02.051000,414.68339831061,9
2024-09-18 14:49:02.097000,414.6211089778024,11
2024-09-18 14:49:02.188000,414.6099640204772,1003
2024-09-18 14:49:02.223000,414.6587776181269,997
2024-09-18 14:49:02.314000,414.6225191234993,996
2024-09-18 14:49:02.412000,414.59824265901193,12
2024-09-18 14:49:02.639000,414.6421027601165,8
2024-09-18 14:49:02.658000,414.6137755366657,1000
2024-09-18 14:49:02.676000,414.6665172160028,1005
2024-09-18 14:49:02.701000,414.6266119428628,1003
2024-09-18 14:49:02.722000,414.6677741623103,15
2024-09-18 14:49:02.854000,414.645570265888,14
2024-09-18 14:49:02.906000,414.6832711767701,1002
2024-09-18 14:49:02.924000,414.7022577834123,1003
2024-09-18 14:49:03.044000,414.60902640809473,8
2024-09-18 14:49:03.061000,414.6313111732524,6
2024-09-18 14:49:03.070000,414.63594957465045,998
2024-09-18 14:49:03.193000,414.59778592607154,997
2024-09-18 14:49:03.312000,414.6254967719682,96
2024-09-18 14:49:03.548000,414.6038088220579,15
2024-09-18 14:49:03.573000,414.59527022002015,12
2024-09-18 14:49:03.602000,414.5911821385269,101
2024-09-18 14:49:03.821000,414.6019446114968,101
2024-09-18 14:49:03.841000,414.6047936897602,1004
2024-09-18 14:49:03.936000,414.6070912053042,100
2024-09-18 14:49:04.024000,414.59642753612144,997
2024-09-18 14:49:04.041000,414.63161611944537,1002
2024-09-18 14:49:04.079000,414.60092623894167,15
2024-09-18 14:49:04.577000,414.5992739655508,11
2024-09-18 14:49:04.780000,414.618704517536,998
2024-09-18 14:49:04.827000,414.5999459889532,999
2024-09-18 14:49:04.839000,414.63455096870734,10
2024-09-18 14:49:05.118000,414.5427918274967,10
2024-09-18 14:49:05.134000,414.5145882966232,997
2024-09-18 14:49:05.198000,414.60003806289393,9
2024-09-18 14:49:05.211000,414.51166689056686,11
2024-09-18 14:49:05.216000,414.5839411382976,9
2024-09-18 14:49:05.293000,414.60980164817056,96
2024-09-18 14:49:05.450000,414.5564109041514,98
2024-09-18 14:49:05.464000,414.5243560498748,103
2024-09-18 14:49:05.539000,414.4930678220262,98
2024-09-18 14:49:05.792000,414.5315790347767,995
2024-09-18 14:49:05.872000,414.5170165038713,7
2024-09-18 14:49:05.952000,414.5260797081167,12
2024-09-18 14:49:06.037000,414.4896634250344,10
2024-09-18 14:49:06.061000,414.5018731760672,101
2024-09-18 14:49:06.160000,414.48548675104666,996
2024-09-18 14:49:06.320000,414.4853813837596,98
2024-09-18 14:49:06.400000,414.4870606235577,11
2024-09-18 14:49:06.409000,414.49227145085047,10
2024-09-18 14:49:06.700000,414.48063865367055,101
2024-09-18 14:49:06.825000,414.4916691562755,100
2024-09-18 14:49:06.858000,414.5099816308681,5
2024-09-18 14:49:07.016000,407.4558150874849,95
2024-09-18 14:49:07.262000,414.4378240587906,12
2024-09-18 14:49:07.396000,414.5036114326788,1000
2024-09-18 14:49:07.415000,414.4848838609111,95
2024-09-18 14:49:07.470000,414.500327770647,103
2024-09-18 14:49:07.533000,414.4411320671781,1004
2024-09-18 14:49:07.544000,414.4505066223888,95
2024-09-18 14:49:07.586000,414.5054614139349,105
2024-09-18 14:49:07.831000,414.49604718158446,1000
2024-09-18 14:49:08.050000,414.43913304428287,97
2024-09-18 14:49:08.227000,414.4392144244525,13
2024-09-18 14:49:08.327000,414.4422306523803,14
2024-09-18 14:49:08.451000,414.4423302111018,97
2024-09-18 14:49:08.614000,414.4387807241307,8
2024-09-18 14:49:08.793000,414.45626998841794,995
2024-09-18 14:49:08.873000,414.4561794982169,8
2024-09-18 14:49:09.065000,414.4417602714027,11
2024-09-18 14:49:09.197000,414.4543522480431,8
2024-09-18 14:49:09.340000,414.454037364728,1004
2024-09-18 14:49:09.392000,414.44374136367634,99
2024-09-18 14:49:09.594000,414.45636354351655,1000
2024-09-18 14:49:09.657000,414.4718784565525,13
2024-09-18 14:49:09.733000,414.4394517037404,1000
2024-09-18 14:49:09.739000,414.46335509598265,95
2024-09-18 14:49:09.766000,414.4674677245145,97
2024-09-18 14:49:09.772000,414.4192269132432,96
2024-09-18 14:49:09.779000,414.438475994892,10
2024-09-18 14:49:09.810000,414.4367430533501,996
2024-09-18 14:49:09.881000,414.4570568194569,1002
2024-09-18 14:49:10.011000,414.4211895343686,97
2024-09-18 14:49:10.149000,414.3640540396863,7
2024-09-18 14:49:10.336000,414.4203151896184,7
2024-09-18 14:49:10.338000,414.4119138055531,98
2024-09-18 14:49:10.355000,414.4129204285275,99
2024-09-18 14:49:10.374000,414.4145378717263,1000
2024-09-18 14:49:10.426000,414.4177578487129,999
2024-09-18 14:49:10.522000,414.4129605215501,995
2024-09-18 14:49:10.586000,414.4031518020205,998
2024-09-18 14:49:10.628000,414.4291693476464,7
2024-09-18 14:49:10.676000,414.42792285848026,998
2024-09-18 14:49:10.698000,414.3972016591675,15
2024-09-18 14:49:10.785000,414.37765442673816,8
2024-09-18 14:49:10.938000,414.3999667554112,97
2024-09-18 14:49:11.004000,414.4105556513136,996
2024-09-18 14:49:11.171000,414.4257171997224,9
2024-09-18 14:49:11.230000,414.3838713642005,998
2024-09-18 14:49:11.280000,414.3934412193112,99
2024-09-18 14:49:11.334000,414.38949620293954,7
2024-09-18 14:49:11.352000,414.3789016357648,95
2024-09-18 14:49:11.380000,414.3938911213468,102
2024-09-18 14:49:11.382000,414.391756501758,1003
2024-09-18 14:49:11.406000,414.4050598802904,7
2024-09-18 14:49:11.411000,414.40247600246914,13
2024-09-18 14:49:11.416000,414.3921481837892,103
2024-09-18 14:49:11.446000,414.3977808965414,1001
2024-09-18 14:49:11.567000,414.3849774257325,1003
2024-09-18 14:49:11.584000,414.3476302334352,998
2024-09-18 14:49:11.586000,414.39940218314206,11
2024-09-18 14:49:11.608000,414.4012571206992,96
2024-09-18 14:49:11.670000,414.3578542482054,1003
2024-09-18 14:49:11.697000,414.3799963994901,11
2024-09-18 14:49:11.700000,414.4143495212423,13
2024-09-18 14:49:11.705000,414.4355328343608,1001
2024-09-18 14:49:11.817000,414.4035877696014,14
2024-09-18 14:49:11.877000,414.35477112082384,1002
2024-09-18 14:49:11.916000,414.3907853273423,95
2024-09-18 14:49:13.061000,414.379641581629,997
2024-09-18 14:49:13.215000,414.3733736071589,100
2024-09-18 14:49:13.219000,414.3312891993001,997
2024-09-18 14:49:13.241000,414.3464592337716,1005
2024-09-18 14:49:13.355000,414.3348021191747,105
2024-09-18 14:49:13.370000,414.3533943408733,95
2024-09-18 14:49:13.431000,414.360330229867,1003
2024-09-18 14:49:13.442000,414.3718819133383,1001
2024-09-18 14:49:13.451000,414.3622178890256,9
2024-09-18 14:49:13.462000,414.3450726765079,13
2024-09-18 14:49:13.481000,414.3635659632505,1001
2024-09-18 14:49:13.595000,414.3477433427898,98
2024-09-18 14:49:13.606000,414.34939113560085,999
2024-09-18 14:49:13.707000,407.8158244785184,1001
2024-09-18 14:49:13.746000,414.3383981631984,14
2024-09-18 14:49:13.765000,414.3668644145645,103
2024-09-18 14:49:13.789000,414.3344147406426,95
2024-09-18 14:49:13.796000,414.3788956767297,97
2024-09-18 14:49:13.828000,414.3645089850512,14
2024-09-18 14:49:13.831000,414.3479006951079,104
2024-09-18 14:49:13.847000,414.3428171245363,97
2024-09-18 14:49:13.859000,414.3648099270864,1005
2024-09-18 14:49:13.913000,414.3557297241739,14
2024-09-18 14:49:13.980000,414.3654037470356,1004
2024-09-18 14:49:14.051000,414.3668060804112,100
2024-09-18 14:49:14.062000,414.3279721273501,1000
2024-09-18 14:49:14.265000,414.3088042015876,97
2024-09-18 14:49:14.286000,414.34724926635545,102
2024-09-18 14:49:14.321000,414.35701046139536,8
2024-09-18 14:49:14.424000,414.3536986441353,15
2024-09-18 14:49:14.529000,414.3271440816831,103
2024-09-18 14:49:14.847000,414.3561299067053,98
2024-09-18 14:49:14.870000,414.3318143623407,7
2024-09-18 14:49:14.901000,414.35565679062273,1000
2024-09-18 14:49:14.974000,414.3129501052672,1001
2024-09-18 14:49:15.061000,414.32032121011866,15
2024-09-18 14:49:15.878000,414.3131901430608,12
2024-09-18 14:49:15.940000,414.3150391998005,104
2024-09-18 14:49:15.973000,414.3273839171153,12
2024-09-18 14:49:16.046000,414.3419563275616,15
2024-09-18 14:49:16.073000,414.3742838083711,9
2024-09-18 14:49:16.076000,414.3771480669554,1004
2024-09-18 14:49:16.206000,414.34794778157857,1004
2024-09-18 14:49:16.244000,414.324651372124,104
2024-09-18 14:49:16.269000,414.3685754337386,101
2024-09-18 14:49:16.307000,414.3634743534636,7
2024-09-18 14:49:16.342000,414.3875897851812,1000
2024-09-18 14:49:16.350000,414.3713618500894,1000
2024-09-18 14:49:16.374000,414.3279731647839,11
2024-09-18 14:49:16.492000,414.3169518540723,5
2024-09-18 14:49:16.550000,414.3564795569651,100
2024-09-18 14:49:16.585000,414.3404102241739,996
2024-09-18 14:49:16.625000,414.3621216796938,9
2024-09-18 14:49:16.688000,414.37035000838216,103
2024-09-18 14:49:16.694000,414.3689696357218,7
2024-09-18 14:49:16.700000,414.34831520091575,100
2024-09-18 14:49:16.733000,414.3754134992818,5
2024-09-18 14:49:16.751000,414.3547947166198,998
2024-09-18 14:49:16.764000,414.3530254473764,15
2024-09-18 14:49:16.781000,414.36876632598137,101
2024-09-18 14:49:16.785000,414.362309218776,100
2024-09-18 14:49:16.846000,414.3854438544705,996
2024-09-18 14:49:16.993000,414.3487348298561,999
2024-09-18 14:49:17.096000,414.40317687340297,10
2024-09-18 14:49:17.141000,414.3800593738151,1001
2024-09-18 14:49:17.312000,414.3651451706586,1001
2024-09-18 14:49:17.333000,414.3214892144145,998
2024-09-18 14:49:17.385000,414.3828710556644,11
2024-09-18 14:49:17.506000,414.3445206963835,12
2024-09-18 14:49:17.571000,414.38325217840816,1004
2024-09-18 14:49:17.598000,414.32731064025927,12
2024-09-18 14:49:17.660000,414.3933419117999,1003
2024-09-18 14:49:17.710000,414.3465675020313,101
2024-09-18 14:49:17.751000,414.3462105697784,5
2024-09-18 14:49:17.972000,414.38803370175816,15
2024-09-18 14:49:18.050000,414.3629351474705,14
2024-09-18 14:49:18.070000,414.3583499217711,998
2024-09-18 14:49:18.092000,414.41560810369685,997
2024-09-18 14:49:18.129000,414.44099415405714,103
2024-09-18 14:49:18.144000,414.3646089171238,8
2024-09-18 14:49:18.183000,414.3716575831681,12
2024-09-18 14:49:18.241000,414.3970749882614,1005
2024-09-18 14:49:18.322000,414.4109255686336,995
2024-09-18 14:49:18.358000,414.4013177633322,6
2024-09-18 14:49:18.368000,414.3708766160867,997
2024-09-18 14:49:18.388000,414.3819491797888,100
2024-09-18 14:49:18.433000,414.4009347655843,995
2024-09-18 14:49:18.435000,414.3860861967215,105
2024-09-18 14:49:18.438000,414.4038676730389,1002
2024-09-18 14:49:18.451000,414.3698928040044,5
2024-09-18 14:49:18.526000,414.3893901517177,97
2024-09-18 14:49:18.600000,414.4144219567328,1001
2024-09-18 14:49:18.648000,414.4110245764998,15
2024-09-18 14:49:18.669000,414.4406555558834,5
2024-09-18 14:49:18.720000,414.39442285240216,99
2024-09-18 14:49:18.916000,414.4120100702068,98
2024-09-18 14:49:18.963000,414.42280438209946,14
2024-09-18 14:49:18.988000,414.3565357559192,1002
2024-09-18 14:49:19.003000,414.50652018467656,1004
2024-09-18 14:49:19.045000,414.47668647726414,105
2024-09-18 14:49:19.068000,414.4825741237605,101
2024-09-18 14:49:19.095000,414.4907573862784,9
2024-09-18 14:49:19.175000,414.4526761144008,96
2024-09-18 14:49:19.179000,414.46881978106205,13
2024-09-18 14:49:19.195000,414.4202191930651,9
2024-09-18 14:49:19.357000,414.4717363333974,6
2024-09-18 14:49:19.367000,414.4814795753736,1002
2024-09-18 14:49:19.372000,414.49353641051584,1002
2024-09-18 14:49:19.403000,414.4400882405972,9
2024-09-18 14:49:19.460000,414.4643936573154,8
2024-09-18 14:49:19.486000,414.4252211230665,101
2024-09-18 14:49:19.626000,414.4286792016834,1005
2024-09-18 14:49:19.628000,414.4999825467466,12
2024-09-18 14:49:19.703000,414.4257545543178,7
2024-09-18 14:49:19.720000,414.4768510256519,999
2024-09-18 14:49:19.822000,414.4641735212014,11
2024-09-18 14:49:19.836000,414.4488105773887,100
2024-09-18 14:49:19.884000,414.4937897304469,1000
2024-09-18 14:49:20.045000,414.3643393298355,997
2024-09-18 14:49:20.314000,414.3676058512469,100
2024-09-18 14:49:20.355000,414.37278408086206,14
2024-09-18 14:49:20.419000,414.3847750266878,99
2024-09-18 14:49:20.507000,414.3443452614384,15
2024-09-18 14:49:20.508000,414.385642485823,1002
2024-09-18 14:49:20.510000,414.3938637671838,7
2024-09-18 14:49:20.544000,414.38374556088655,997
2024-09-18 14:49:20.580000,414.3638205117591,997
2024-09-18 14:49:20.588000,414.3698117257054,11
2024-09-18 14:49:20.630000,414.3681820245784,9
2024-09-18 14:49:20.733000,414.3813611852543,99
2024-09-18 14:49:20.773000,414.3704599431228,97
2024-09-18 14:49:20.830000,414.3772560161698,100
2024-09-18 14:49:20.995000,414.3369711166147,103
2024-09-18 14:49:21.009000,414.3297919924542,1000
2024-09-18 14:49:21.147000,414.3722696329838,97
2024-09-18 14:49:21.152000,414.3546242369592,101
2024-09-18 14:49:21.369000,414.3440176219858,96
2024-09-18 14:49:21.402000,414.3526983686326,1003
2024-09-18 14:49:21.404000,414.3317925545909,15
2024-09-18 14:49:21.424000,414.3409456463032,996
2024-09-18 14:49:21.459000,414.381055589528,96
2024-09-18 14:49:21.466000,414.34081972175375,102
2024-09-18 14:49:21.516000,414.3758159025196,99
2024-09-18 14:49:21.547000,414.33309614962513,104
2024-09-18 14:49:21.566000,414.393076501222,1002
2024-09-18 14:49:21.595000,414.36182520163055,100
2024-09-18 14:49:21.604000,414.3122567274948,996
2024-09-18 14:49:21.630000,414.3468011597365,997
2024-09-18 14:49:21.638000,414.3785107664205,104
2024-09-18 14:49:21.667000,414.3251046272249,999
2024-09-18 14:49:21.675000,414.3609993181326,12
2024-09-18 14:49:22.016000,414.3638782057992,10
2024-09-18 14:49:22.017000,414.4329169442942,1000
2024-09-18 14:49:22.048000,414.4188201361033,15
2024-09-18 14:49:22.101000,414.4528529055277,105
2024-09-18 14:49:22.126000,414.4533244390977,14
2024-09-18 14:49:22.213000,414.334901881174,102
2024-09-18 14:49:22.231000,414.3688135189146,101
2024-09-18 14:49:22.253000,414.4641344415708,5
2024-09-18 14:49:22.327000,414.4043678269591,5
2024-09-18 14:49:22.344000,414.3983165901578,999
2024-09-18 14:49:22.354000,414.3948302122615,5
2024-09-18 14:49:22.387000,414.4282477970213,1001
2024-09-18 14:49:22.436000,414.4663313772893,95
2024-09-18 14:49:22.456000,414.37426861211975,100
2024-09-18 14:49:22.484000,414.4516607056615,12
2024-09-18 14:49:22.588000,414.46403204504594,97
2024-09-18 14:49:22.588000,414.45416179582406,100
2024-09-18 14:49:22.616000,414.3810403193253,1001
2024-09-18 14:49:22.643000,414.3745844945275,11
2024-09-18 14:49:22.822000,414.4246821959309,996
2024-09-18 14:49:22.880000,414.4539176181859,1002
2024-09-18 14:49:22.897000,414.41370043339634,998
2024-09-18 14:49:22.916000,414.388455688892,99
2024-09-18 14:49:22.933000,414.4690856546968,995
2024-09-18 14:49:22.948000,414.3408364020957,5
2024-09-18 14:49:22.952000,414.4040628563923,100
2024-09-18 14:49:22.962000,414.4490551930208,1003
2024-09-18 14:49:23.092000,414.46872555879577,7
2024-09-18 14:49:23.113000,414.4297308298618,98
2024-09-18 14:49:23.118000,414.47512344974297,11
2024-09-18 14:49:23.258000,414.4131014475735,1001
2024-09-18 14:49:23.272000,414.4577992010823,1004
2024-09-18 14:49:23.277000,414.3996147469663,6
2024-09-18 14:49:23.342000,414.40924670204487,96
2024-09-18 14:49:23.400000,414.4376822578451,101
2024-09-18 14:49:23.461000,414.40952396899166,102
2024-09-18 14:49:23.503000,414.4405394129772,14
2024-09-18 14:49:23.538000,414.4148163312117,997
2024-09-18 14:49:23.584000,414.4441399959199,103
2024-09-18 14:49:23.672000,414.4619747159824,996
2024-09-18 14:49:23.674000,414.4448798959968,15
2024-09-18 14:49:23.805000,414.43550475925326,97
2024-09-18 14:49:24.300000,414.3708681053808,14
2024-09-18 14:49:24.407000,414.36917794978143,104
2024-09-18 14:49:24.752000,414.3686180583783,1002
2024-09-18 14:49:24.756000,414.3732260776324,1000
2024-09-18 14:49:24.923000,414.3603211648228,99
2024-09-18 14:49:24.940000,414.38853408100334,1002
2024-09-18 14:49:25.512000,414.3470695296311,9
2024-09-18 14:49:25.813000,414.36268783577947,7
2024-09-18 14:49:26.010000,414.2934918038641,1001
2024-09-18 14:49:26.040000,414.3301912180266,13
2024-09-18 14:49:26.090000,414.363046679522,6
2024-09-18 14:49:26.136000,414.295171503168,96
2024-09-18 14:49:26.172000,414.3274108440041,98
2024-09-18 14:49:26.187000,414.3481042623608,996
2024-09-18 14:49:26.371000,414.27281890974064,8
2024-09-18 14:49:26.378000,414.2903868252919,104
2024-09-18 14:49:26.407000,414.34735346833696,99
2024-09-18 14:49:26.444000,414.30614291174857,12
2024-09-18 14:49:26.459000,414.3288429544552,1001
2024-09-18 14:49:26.487000,414.3366943088898,998
2024-09-18 14:49:26.499000,414.27702005618585,15
2024-09-18 14:49:26.557000,414.33266669214737,998
2024-09-18 14:49:26.654000,414.28960979173576,999
2024-09-18 14:49:26.762000,414.3532297499158,103
2024-09-18 14:49:26.764000,414.3283692607423,1002
2024-09-18 14:49:26.765000,414.34013958449066,1002
2024-09-18 14:49:26.793000,414.3118156163254,96
2024-09-18 14:49:26.934000,414.2886077890983,1003
2024-09-18 14:49:26.968000,414.3137534564511,1002
2024-09-18 14:49:27.312000,414.3822101356436,100
2024-09-18 14:49:27.428000,414.3760100760637,99
2024-09-18 14:49:27.698000,414.3874709163004,1002
2024-09-18 14:49:27.738000,414.3929705959712,999
2024-09-18 14:49:27.876000,414.34781196555,1002
2024-09-18 14:49:27.913000,414.3748606278648,1001
2024-09-18 14:49:28,414.3970442484375,13
2024-09-18 14:49:28.046000,414.3727054485442,1004
2024-09-18 14:49:28.080000,414.3951947384781,12
2024-09-18 14:49:28.116000,414.3873903385577,11
2024-09-18 14:49:28.361000,414.4040263616301,1001
2024-09-18 14:49:28.374000,414.3844582702482,98
2024-09-18 14:49:28.394000,414.3872709411136,101
2024-09-18 14:49:28.537000,414.4024077471848,1004
2024-09-18 14:49:28.569000,414.395594787834,12
2024-09-18 14:49:28.584000,414.4024348515754,1003
2024-09-18 14:49:28.694000,414.3945875071999,12
2024-09-18 14:49:28.708000,414.39874863995976,998
2024-09-18 14:49:28.770000,414.38977000980856,1005
2024-09-18 14:49:28.825000,414.3940770197988,14
2024-09-18 14:49:28.833000,414.37531451083,9
2024-09-18 14:49:28.870000,414.396299368018,1003
2024-09-18 14:49:28.891000,414.3983309286071,103
2024-09-18 14:49:28.916000,414.4029322700569,102
2024-09-18 14:49:28.920000,414.3825864495181,1000
2024-09-18 14:49:28.938000,414.3665881453888,105
2024-09-18 14:49:29.030000,414.32548461781954,1005
2024-09-18 14:49:29.074000,414.3192529079876,996
2024-09-18 14:49:29.093000,414.3202094154242,97
2024-09-18 14:49:29.130000,414.3132417182115,997
2024-09-18 14:49:29.185000,414.3254558571242,9
2024-09-18 14:49:29.302000,414.3775846567463,96
2024-09-18 14:49:29.303000,414.2958750654996,15
2024-09-18 14:49:29.364000,414.3348778727745,102
2024-09-18 14:49:29.368000,414.3225100087198,96
2024-09-18 14:49:29.382000,414.2999436695707,96
2024-09-18 14:49:29.469000,414.31638888480944,1004
2024-09-18 14:49:29.570000,414.3253230916083,98
2024-09-18 14:49:29.648000,414.3185516943691,1002
2024-09-18 14:49:29.667000,414.3389392167361,1004
2024-09-18 14:49:29.728000,414.3132466583037,11
2024-09-18 14:49:29.748000,414.3124984654742,14
2024-09-18 14:49:29.795000,414.3187116802844,13
2024-09-18 14:49:29.882000,414.31107598438217,9
2024-09-18 14:49:29.919000,414.3351767184165,1005
2024-09-18 14:49:30.111000,414.3311379084131,999
2024-09-18 14:49:30.152000,414.3242261861015,6
2024-09-18 14:49:30.366000,414.3001055532407,1001
2024-09-18 14:49:30.466000,414.2913833193476,105
2024-09-18 14:49:30.469000,414.32055414811714,101
2024-09-18 14:49:30.473000,414.3148528626981,105
2024-09-18 14:49:30.534000,414.2835918585946,101
2024-09-18 14:49:30.538000,414.3118914920068,1004
2024-09-18 14:49:30.620000,414.3154734298872,99
2024-09-18 14:49:30.795000,414.2829720075072,5
2024-09-18 14:49:30.890000,414.336992359208,98
2024-09-18 14:49:30.932000,414.31598231652185,8
2024-09-18 14:49:30.971000,414.2955813347692,99
2024-09-18 14:49:31.053000,414.2879018400301,13
2024-09-18 14:49:31.055000,414.2960441843839,996
2024-09-18 14:49:31.112000,414.29281689249154,13
2024-09-18 14:49:31.117000,414.23681280020094,10
2024-09-18 14:49:31.213000,414.28982328743336,1004
2024-09-18 14:49:31.217000,414.2946492630453,96
2024-09-18 14:49:31.221000,414.28311042061534,10
2024-09-18 14:49:31.283000,414.30766347933087,1000
2024-09-18 14:49:31.392000,414.2669564878653,1003
2024-09-18 14:49:31.574000,414.2872301555579,1001
2024-09-18 14:49:31.585000,414.2887130564869,103
2024-09-18 14:49:31.651000,414.2848490733457,1001
2024-09-18 14:49:31.852000,414.2993978410506,999
2024-09-18 14:49:31.887000,414.3046474479241,998
2024-09-18 14:49:31.888000,414.2992964156013,7
2024-09-18 14:49:31.916000,414.28820971868856,12
2024-09-18 14:49:31.953000,414.2762525493115,998
2024-09-18 14:49:31.965000,414.2433490709735,1004
2024-09-18 14:49:32.305000,414.2438222136568,98
2024-09-18 14:49:32.774000,414.2340525025698,11
2024-09-18 14:49:33.027000,414.2142275357221,15
2024-09-18 14:49:33.199000,414.2382111782603,96
2024-09-18 14:49:33.253000,414.20712364986497,997
2024-09-18 14:49:33.267000,414.2639767671928,13
2024-09-18 14:49:33.269000,414.2855672184416,14
2024-09-18 14:49:33.295000,414.2135633647951,1003
2024-09-18 14:49:33.302000,414.24353741454746,997
2024-09-18 14:49:33.345000,414.2637528655336,1000
2024-09-18 14:49:33.350000,414.3126640927407,9
2024-09-18 14:49:33.380000,414.2085753856565,1005
2024-09-18 14:49:33.483000,414.2369079236079,98
2024-09-18 14:49:33.545000,414.21392041710624,13
2024-09-18 14:49:33.576000,414.2913042900472,98
2024-09-18 14:49:33.588000,414.2737540980437,103
2024-09-18 14:49:33.663000,414.2264703841401,1003
2024-09-18 14:49:33.698000,414.3012920013643,101
2024-09-18 14:49:33.706000,414.21845099297946,103
2024-09-18 14:49:33.724000,414.2947426739448,13
2024-09-18 14:49:33.741000,414.27506530683246,1002
2024-09-18 14:49:33.744000,414.2775779988512,1002
2024-09-18 14:49:33.912000,414.2122154489629,96
2024-09-18 14:49:33.945000,414.2123764607991,14
2024-09-18 14:49:33.962000,414.2443806879726,998
2024-09-18 14:49:34.034000,414.3256606507824,103
2024-09-18 14:49:34.066000,414.3677193907105,12
2024-09-18 14:49:34.080000,414.3071623960972,96
2024-09-18 14:49:34.201000,414.3142902167231,1001
2024-09-18 14:49:34.253000,414.3474507491098,6
2024-09-18 14:49:34.269000,414.3477555600518,1004
2024-09-18 14:49:34.287000,414.3188063271589,96
2024-09-18 14:49:34.367000,414.3104612961883,9
2024-09-18 14:49:34.383000,414.3047966533515,105
2024-09-18 14:49:34.421000,414.3500331091772,101
2024-09-18 14:49:34.447000,414.3314550862608,997
2024-09-18 14:49:34.473000,414.3143672863831,5
2024-09-18 14:49:34.506000,414.3648594317149,998
2024-09-18 14:49:34.507000,414.3324750915423,97
2024-09-18 14:49:34.523000,414.3020141579532,12
2024-09-18 14:49:34.609000,414.3081497794609,101
2024-09-18 14:49:34.626000,414.3160389295131,104
2024-09-18 14:49:34.629000,414.36649715812354,996
2024-09-18 14:49:34.666000,414.3442589262509,6
2024-09-18 14:49:34.732000,414.3072360784981,995
2024-09-18 14:49:34.756000,414.3040515969285,6
2024-09-18 14:49:34.825000,414.3064546659665,104
2024-09-18 14:49:34.833000,414.2958310600779,999
2024-09-18 14:49:35.018000,414.36572490734005,999
2024-09-18 14:49:35.038000,414.3889067234965,12
2024-09-18 14:49:35.147000,414.3927167868688,99
2024-09-18 14:49:35.291000,414.3916198511884,95
2024-09-18 14:49:35.355000,414.378752302124,11
2024-09-18 14:49:35.408000,414.3925036127532,103
2024-09-18 14:49:35.472000,414.3943012307171,995
2024-09-18 14:49:35.738000,414.3641113774989,998
2024-09-18 14:49:35.811000,414.3997840606542,95
2024-09-18 14:49:35.904000,414.406346809631,1002
2024-09-18 14:49:36.023000,414.39243223320295,104
2024-09-18 14:49:36.064000,414.4012055146184,1001
2024-09-18 14:49:36.072000,414.4269893773045,98
2024-09-18 14:49:36.076000,414.4427492692667,97
2024-09-18 14:49:36.098000,414.4219223963513,98
2024-09-18 14:49:36.152000,414.4349646255871,5
2024-09-18 14:49:36.193000,414.4872936501964,996
2024-09-18 14:49:36.311000,414.4584984149684,10
2024-09-18 14:49:36.334000,414.4943591726456,1001
2024-09-18 14:49:36.365000,414.4001106036473,9
2024-09-18 14:49:36.456000,414.4596055491109,103
2024-09-18 14:49:36.461000,414.4448377787558,97
2024-09-18 14:49:36.554000,414.4413661654679,96
2024-09-18 14:49:36.560000,414.4593118639498,15
2024-09-18 14:49:36.590000,414.45125721596406,14
2024-09-18 14:49:36.598000,414.46613023950255,1005
2024-09-18 14:49:36.617000,414.44180054324806,7
2024-09-18 14:49:36.717000,414.4098832369548,97
2024-09-18 14:49:36.756000,414.4306727302734,100
2024-09-18 14:49:36.805000,414.4311631273057,1001
2024-09-18 14:49:36.925000,414.3983501030162,103
2024-09-18 14:49:37.074000,414.44165441758827,999
2024-09-18 14:49:37.234000,414.4667156665177,12
2024-09-18 14:49:37.253000,414.4400056738922,1004
2024-09-18 14:49:37.300000,414.4236282943792,13
2024-09-18 14:49:37.375000,414.46599900797264,997
2024-09-18 14:49:37.401000,414.4379623620905,6
2024-09-18 14:49:37.733000,414.445952126232,7
2024-09-18 14:49:37.739000,414.4455934370766,9
2024-09-18 14:49:37.741000,414.4529269105644,98
2024-09-18 14:49:37.753000,414.4563141338978,13
2024-09-18 14:49:37.825000,414.4575125516639,1001
2024-09-18 14:49:37.937000,414.4778735142697,96
2024-09-18 14:49:37.969000,414.4687893951124,8
2024-09-18 14:49:38.012000,414.403300036034,9
2024-09-18 14:49:38.015000,414.4651958356477,997
2024-09-18 14:49:38.057000,414.4128217272584,98
2024-09-18 14:49:38.189000,414.3878489466414,102
2024-09-18 14:49:38.241000,414.426832258953,104
2024-09-18 14:49:38.246000,414.38456582294685,995
2024-09-18 14:49:38.293000,414.3867293512762,96
2024-09-18 14:49:38.305000,414.40427033598,1003
2024-09-18 14:49:38.348000,414.41639505081054,1004
2024-09-18 14:49:38.412000,414.4591884914989,11
2024-09-18 14:49:38.489000,414.4004499585335,105
2024-09-18 14:49:38.504000,414.42820632310656,98
2024-09-18 14:49:38.522000,414.3792904416671,995
2024-09-18 14:49:38.598000,414.41794610686543,998
2024-09-18 14:49:38.665000,414.3904354847157,9
2024-09-18 14:49:38.686000,414.3939627243631,1005
2024-09-18 14:49:38.855000,414.3895224751699,11
2024-09-18 14:49:38.876000,414.4198798223326,100
2024-09-18 14:49:38.934000,414.3945401788895,1005
2024-09-18 14:49:38.964000,414.43681383635726,105
2024-09-18 14:49:39.783000,414.3943173392464,10
2024-09-18 14:49:40.697000,414.4160289070528,996
2024-09-18 14:49:40.749000,414.42799171883934,1002
2024-09-18 14:49:40.774000,414.4212084232568,98
2024-09-18 14:49:41.026000,414.4917780044914,12
2024-09-18 14:49:41.072000,414.4859815326115,13
2024-09-18 14:49:41.085000,414.4986398305825,9
2024-09-18 14:49:41.087000,414.4501394655561,105
2024-09-18 14:49:41.185000,414.4586568344248,1003
2024-09-18 14:49:41.205000,414.4642479858397,99
2024-09-18 14:49:41.235000,414.5070198397869,6
2024-09-18 14:49:41.259000,414.471381311236,997
2024-09-18 14:49:41.273000,414.46447189152985,15
2024-09-18 14:49:41.284000,414.45971797713054,8
2024-09-18 14:49:41.320000,414.4998012781114,995
2024-09-18 14:49:41.381000,414.4677331962195,1005
2024-09-18 14:49:41.393000,414.4657301841792,5
2024-09-18 14:49:41.492000,414.4669774496453,15
2024-09-18 14:49:41.500000,414.4453913635758,7
2024-09-18 14:49:41.552000,414.4926984312191,98
2024-09-18 14:49:41.583000,414.43647448780905,1000
2024-09-18 14:49:41.586000,414.4938533697262,99
2024-09-18 14:49:41.588000,414.4588427138149,98
2024-09-18 14:49:41.614000,414.5010759022401,1003
2024-09-18 14:49:41.619000,414.490201073885,997
2024-09-18 14:49:41.625000,414.4433792684762,11
2024-09-18 14:49:41.698000,414.4360831315796,11
2024-09-18 14:49:41.705000,414.4543976080134,13
2024-09-18 14:49:41.721000,414.4543533876621,1005
2024-09-18 14:49:41.725000,414.4836379043578,1003
2024-09-18 14:49:41.790000,414.4269696137432,997
2024-09-18 14:49:41.812000,414.4983090258284,97
2024-09-18 14:49:41.813000,414.4938876295657,1005
2024-09-18 14:49:42.015000,414.5558080061549,5
2024-09-18 14:49:42.021000,414.5050141236384,97
2024-09-18 14:49:42.087000,414.5321826771672,95
2024-09-18 14:49:42.156000,414.5302994274739,10
2024-09-18 14:49:42.216000,414.5429416574542,1000
2024-09-18 14:49:42.247000,414.57409326471736,1000
2024-09-18 14:49:42.276000,414.5532726382976,998
2024-09-18 14:49:42.348000,414.56473197353023,1001
2024-09-18 14:49:42.435000,414.5340981949109,6
2024-09-18 14:49:42.451000,414.56759077837614,101
2024-09-18 14:49:42.471000,414.528768187017,1002
2024-09-18 14:49:42.485000,414.57497410087433,5
2024-09-18 14:49:42.491000,414.5774291083628,998
2024-09-18 14:49:42.506000,414.5357592108983,102
2024-09-18 14:49:42.662000,414.5620250747387,1004
2024-09-18 14:49:42.669000,414.5564119981905,995
2024-09-18 14:49:42.734000,414.5137802507348,15
2024-09-18 14:49:42.806000,414.55631526565134,998
2024-09-18 14:49:42.832000,414.4893480996959,15
2024-09-18 14:49:42.900000,414.5613316688565,105
2024-09-18 14:49:43.051000,414.5081313973196,102
2024-09-18 14:49:43.125000,414.5824529115381,1004
2024-09-18 14:49:43.190000,414.5518515261184,999
2024-09-18 14:49:43.232000,414.5648490330541,95
2024-09-18 14:49:43.239000,414.59674141624856,9
2024-09-18 14:49:43.378000,414.5450398538143,10
2024-09-18 14:49:43.388000,414.5915067663472,99
2024-09-18 14:49:43.422000,414.5499094313173,104
2024-09-18 14:49:43.430000,414.5505918774273,8
2024-09-18 14:49:43.532000,414.5563739702882,7
2024-09-18 14:49:43.610000,414.5682561452406,6
2024-09-18 14:49:43.706000,414.5608419048032,97
2024-09-18 14:49:43.709000,414.5420610373263,15
2024-09-18 14:49:43.744000,414.5494213020978,99
2024-09-18 14:49:43.789000,414.5255897418543,1001
2024-09-18 14:49:43.824000,414.5415888985127,96
2024-09-18 14:49:43.828000,414.5217557788068,995
2024-09-18 14:49:43.837000,414.5782393087562,105
2024-09-18 14:49:43.887000,414.5601103533984,12
2024-09-18 14:49:43.897000,414.5025159685217,1003
2024-09-18 14:49:43.909000,414.5491215820508,105
2024-09-18 14:49:43.929000,414.5556800327236,103
2024-09-18 14:49:43.959000,414.5521482555385,13
2024-09-18 14:49:43.983000,414.5018470132486,997
2024-09-18 14:49:43.985000,414.56667062511127,996
2024-09-18 14:49:43.999000,414.6120395985868,99
2024-09-18 14:49:44.023000,414.5965191592461,12
2024-09-18 14:49:44.112000,414.581731012258,12
2024-09-18 14:49:44.119000,414.60840607302873,14
2024-09-18 14:49:44.124000,414.57888126048897,1001
2024-09-18 14:49:44.154000,414.5813365512953,13
2024-09-18 14:49:44.207000,414.6117954642551,998
2024-09-18 14:49:44.291000,414.6226219275702,15
2024-09-18 14:49:44.291000,414.56035909735664,999
2024-09-18 14:49:44.425000,414.619443706041,8
2024-09-18 14:49:44.428000,414.61017478009774,1000
2024-09-18 14:49:44.443000,414.59398902649343,101
2024-09-18 14:49:44.457000,407.4926370889706,1000
2024-09-18 14:49:44.465000,414.6161968208301,1003
2024-09-18 14:49:44.473000,414.5805475221397,15
2024-09-18 14:49:44.525000,414.6015176211396,6
2024-09-18 14:49:44.529000,414.5865052499103,1001
2024-09-18 14:49:44.621000,414.56505822031335,15
2024-09-18 14:49:44.626000,414.61639815303215,95
2024-09-18 14:49:44.666000,414.5796011125436,1000
2024-09-18 14:49:44.691000,414.57333661549467,998
2024-09-18 14:49:44.819000,414.5650321589426,1003
2024-09-18 14:49:44.824000,414.5994613737447,103
2024-09-18 14:49:44.852000,414.5671491083231,9
2024-09-18 14:49:45.035000,414.5694651754874,95
2024-09-18 14:49:45.598000,414.5678009198638,12
2024-09-18 14:49:45.731000,414.5450374129141,105
2024-09-18 14:49:45.863000,414.5820198194151,95
2024-09-18 14:49:46.143000,414.53844947625583,13
2024-09-18 14:49:46.148000,414.55313534418434,99
2024-09-18 14:49:46.330000,414.54070219340304,997
2024-09-18 14:49:46.343000,414.5171260385546,13
2024-09-18 14:49:46.377000,414.55819041151307,995
2024-09-18 14:49:46.439000,414.5254352890094,1000
2024-09-18 14:49:46.488000,414.53620486642063,98
2024-09-18 14:49:46.490000,414.558960862035,96
2024-09-18 14:49:46.494000,414.54231828326505,996
2024-09-18 14:49:46.554000,414.5492889624182,1003
2024-09-18 14:49:46.620000,414.5471780492556,6
2024-09-18 14:49:46.687000,414.5580754601156,1003
2024-09-18 14:49:46.742000,414.5231304244761,104
2024-09-18 14:49:46.820000,414.5194111431188,95
2024-09-18 14:49:46.841000,414.5422483813272,12
2024-09-18 14:49:46.876000,414.5357647659473,13
2024-09-18 14:49:46.917000,414.5272321408863,996
2024-09-18 14:49:46.979000,414.5460622772498,96
2024-09-18 14:49:47.239000,414.5767333048744,99
2024-09-18 14:49:47.246000,414.587229009679,97
2024-09-18 14:49:47.258000,414.5758640106368,7
2024-09-18 14:49:47.303000,414.5747183770598,7
2024-09-18 14:49:47.378000,414.57426247274833,1000
2024-09-18 14:49:47.389000,414.5924802081557,7
2024-09-18 14:49:47.620000,414.5784716623549,101
2024-09-18 14:49:47.686000,414.57186239072695,12
2024-09-18 14:49:47.803000,414.5780382186698,96
2024-09-18 14:49:48,414.5532256518215,1005
2024-09-18 14:49:48.050000,414.48276095013154,1000
2024-09-18 14:49:48.058000,414.5773156337477,1005
2024-09-18 14:49:48.090000,414.56989971639206,996
2024-09-18 14:49:48.118000,414.5730824942578,96
2024-09-18 14:49:48.178000,414.5488476224326,997
2024-09-18 14:49:48.183000,414.5520840933002,101
2024-09-18 14:49:48.494000,414.4922582684467,100
2024-09-18 14:49:48.514000,414.5703613725052,5
2024-09-18 14:49:48.515000,414.5266342400882,1001
2024-09-18 14:49:48.533000,414.5266108102132,14
2024-09-18 14:49:48.538000,414.4973767956952,100
2024-09-18 14:49:48.545000,414.4841669652874,9
2024-09-18 14:49:48.737000,414.5756815726688,997
2024-09-18 14:49:48.752000,414.4769013125543,15
2024-09-18 14:49:48.781000,414.53625193544127,10
2024-09-18 14:49:48.817000,414.4840658108217,103
2024-09-18 14:49:48.845000,414.51729654137273,100
2024-09-18 14:49:48.946000,414.5731072600611,1002
2024-09-18 14:49:48.996000,414.5150602653631,102
2024-09-18 14:49:49.085000,414.504285305135,9
2024-09-18 14:49:49.126000,414.5204785225293,95
2024-09-18 14:49:49.127000,414.510540965376,1000
2024-09-18 14:49:49.221000,414.548362182921,998
2024-09-18 14:49:49.250000,414.5261898298446,97
2024-09-18 14:49:49.306000,414.51779569758895,997
2024-09-18 14:49:49.357000,414.5351432297608,1003
2024-09-18 14:49:49.373000,414.51489837419314,96
2024-09-18 14:49:49.411000,414.5360424385741,15
2024-09-18 14:49:49.427000,414.51168283274575,96
2024-09-18 14:49:49.491000,414.5140335052135,13
2024-09-18 14:49:49.492000,414.50500017802,13
2024-09-18 14:49:49.686000,414.5128236513915,97
2024-09-18 14:49:49.815000,414.4924918884816,15
2024-09-18 14:49:49.866000,414.52108625809154,999
2024-09-18 14:49:49.870000,414.5102109836109,12
2024-09-18 14:49:49.915000,414.5375479782117,5
2024-09-18 14:49:49.923000,414.5436755639562,96
2024-09-18 14:49:49.941000,414.5261042773022,8
2024-09-18 14:49:49.974000,414.5062093957857,104
2024-09-18 14:49:50.637000,414.5070179572598,10
2024-09-18 14:49:51.036000,414.4634999779718,996
2024-09-18 14:49:51.102000,414.4409817011866,95
2024-09-18 14:49:51.107000,414.4263641720145,102
2024-09-18 14:49:51.175000,414.4880679069206,97
2024-09-18 14:49:51.384000,414.5020902661776,998
2024-09-18 14:49:51.512000,414.43790046504495,12
2024-09-18 14:49:51.550000,414.43950795232473,95
2024-09-18 14:49:51.560000,414.4775792777199,996
2024-09-18 14:49:51.573000,414.46935185489247,997
2024-09-18 14:49:51.605000,414.4341017084322,12
2024-09-18 14:49:51.683000,414.4520805383249,99
2024-09-18 14:49:51.741000,414.44642741743775,1000
2024-09-18 14:49:51.748000,414.4578161010397,10
2024-09-18 14:49:51.763000,414.4626799537275,9
2024-09-18 14:49:51.836000,414.43648209141605,98
2024-09-18 14:49:51.837000,414.4187454860558,14
2024-09-18 14:49:51.913000,414.4246134895061,1002
2024-09-18 14:49:51.943000,414.4664403811666,99
2024-09-18 14:49:52.130000,414.4227742762476,12
2024-09-18 14:49:52.161000,414.4455054982213,95
2024-09-18 14:49:53.101000,414.4619963045592,99
2024-09-18 14:49:53.160000,414.4719305690554,1005
2024-09-18 14:49:53.220000,414.4739166746147,100
2024-09-18 14:49:53.265000,414.48196237105816,96
2024-09-18 14:49:53.268000,414.48088159120977,998
2024-09-18 14:49:53.437000,414.4562304038686,95
2024-09-18 14:49:53.628000,414.4660993132637,1005
2024-09-18 14:49:53.633000,414.454680278735,103
2024-09-18 14:49:53.678000,414.4695286821999,99
2024-09-18 14:49:53.727000,414.4837534881387,1003
2024-09-18 14:49:53.800000,414.4660390695406,12
2024-09-18 14:49:53.841000,414.4747627289107,14
2024-09-18 14:49:53.844000,414.4279988637765,97
2024-09-18 14:49:53.891000,414.45275445360704,999
2024-09-18 14:49:54.013000,414.4690736296884,100
2024-09-18 14:49:54.028000,414.47110982414176,8
2024-09-18 14:49:54.087000,414.4797157530277,12
2024-09-18 14:49:54.173000,414.4634948603268,13
2024-09-18 14:49:54.245000,414.4963951114156,99
2024-09-18 14:49:54.247000,414.4794279963135,10
2024-09-18 14:49:54.268000,414.48303910449096,1004
2024-09-18 14:49:54.328000,414.48626044098273,98
2024-09-18 14:49:54.394000,414.4802943145489,15
2024-09-18 14:49:54.412000,414.4702785238629,95
2024-09-18 14:49:54.490000,414.49320351493645,996
2024-09-18 14:49:54.499000,414.4882665298073,8
2024-09-18 14:49:54.717000,414.4636157046462,1002
2024-09-18 14:49:54.724000,414.492740226279,996
2024-09-18 14:49:54.766000,414.4770250184251,101
2024-09-18 14:49:54.766000,414.477033173457,10
2024-09-18 14:49:54.859000,414.482680136763,996
2024-09-18 14:49:54.891000,414.4695218919644,6
2024-09-18 14:49:55.037000,414.4514410564927,103
2024-09-18 14:49:55.094000,414.46424851145736,1000
2024-09-18 14:49:55.131000,414.4650622384752,101
2024-09-18 14:49:55.264000,414.4737721402044,100
2024-09-18 14:49:55.329000,414.4411569245126,9
2024-09-18 14:49:55.434000,414.4521406398632,998
2024-09-18 14:49:55.445000,414.474813064263,1004
2024-09-18 14:49:55.463000,414.4892636824259,1004
2024-09-18 14:49:55.466000,414.4943585131612,1002
2024-09-18 14:49:55.597000,414.4513999627548,995
2024-09-18 14:49:55.695000,414.4647944660345,12
2024-09-18 14:49:55.757000,414.44948561394784,995
2024-09-18 14:49:55.812000,414.4674035400045,101
2024-09-18 14:49:55.842000,414.4578027929788,11
2024-09-18 14:49:55.904000,414.4986933355579,10
2024-09-18 14:49:55.915000,414.47927907293473,97
2024-09-18 14:49:55.926000,414.4878383163242,96
2024-09-18 14:49:55.931000,414.4514861343105,101
2024-09-18 14:49:55.971000,414.48491527940615,12
2024-09-18 14:49:56.121000,414.3845962866485,995
2024-09-18 14:49:56.148000,414.3981523748034,15
2024-09-18 14:49:56.237000,414.4159859030176,1002
2024-09-18 14:49:56.300000,414.4218838687965,996
2024-09-18 14:49:56.318000,414.4102032221312,102
2024-09-18 14:49:56.352000,414.4529863168136,104
2024-09-18 14:49:56.435000,414.4294778713517,9
2024-09-18 14:49:56.478000,414.4200823970118,1003
2024-09-18 14:49:56.525000,414.4120599812354,99
2024-09-18 14:49:56.621000,414.43340618625,102
2024-09-18 14:49:56.686000,414.4177376426584,105
2024-09-18 14:49:56.704000,414.4018816351619,95
2024-09-18 14:49:56.757000,414.4178903367907,1005
2024-09-18 14:49:56.769000,414.3912793282343,1003
2024-09-18 14:49:56.770000,414.4253372895164,95
2024-09-18 14:49:56.787000,414.4186200938361,7
2024-09-18 14:49:56.789000,414.4033344147742,996
2024-09-18 14:49:56.806000,414.3854877693024,105
2024-09-18 14:49:56.871000,414.3984067447264,6
2024-09-18 14:49:56.872000,414.4141930984164,97
2024-09-18 14:49:56.924000,414.4076994856422,100
2024-09-18 14:49:56.933000,414.3786601454228,100
2024-09-18 14:49:56.954000,414.39855063599487,1005
2024-09-18 14:49:56.990000,414.4173368226155,14
2024-09-18 14:49:57.009000,414.3008683816605,995
2024-09-18 14:49:57.042000,414.30801414027593,102
2024-09-18 14:49:57.058000,414.3124441198122,12
2024-09-18 14:49:57.062000,414.38025057600646,102
2024-09-18 14:49:57.068000,414.2794484244735,12
2024-09-18 14:49:57.152000,414.3050954716277,13
2024-09-18 14:49:57.169000,414.36148319035584,9
2024-09-18 14:49:57.171000,414.3929548061834,15
2024-09-18 14:49:57.184000,414.2823691792796,1000
2024-09-18 14:49:57.245000,414.3813303421648,7
2024-09-18 14:49:57.284000,414.3830425602579,1004
2024-09-18 14:49:57.331000,414.33216540059846,8
2024-09-18 14:49:57.333000,414.2871849319002,12
2024-09-18 14:49:57.335000,414.27868121489024,9
2024-09-18 14:49:57.407000,414.2895300003571,1001
2024-09-18 14:49:57.421000,414.2606850203194,999
2024-09-18 14:49:57.435000,414.2786898904583,12
2024-09-18 14:49:57.600000,414.3022939710626,8
2024-09-18 14:49:57.606000,414.24942718362,1000
2024-09-18 14:49:57.643000,414.30134060846177,103
2024-09-18 14:49:57.755000,414.3392785408833,14
2024-09-18 14:49:57.771000,414.2923424128528,1005
2024-09-18 14:49:57.776000,414.3689569110551,100
2024-09-18 14:49:57.785000,414.3803821347622,100
2024-09-18 14:49:57.827000,414.2441711559493,105
2024-09-18 14:49:57.856000,414.3686381722259,12
2024-09-18 14:49:57.879000,414.2317090777764,10
2024-09-18 14:49:57.894000,414.33166413833527,998
2024-09-18 14:49:58.105000,407.50341737301744,12
2024-09-18 14:49:58.286000,407.5086195060632,997
2024-09-18 14:49:58.481000,414.27939039520334,105
2024-09-18 14:49:59.001000,414.2693846995264,105
2024-09-18 14:49:59.025000,414.2940723455856,1001
2024-09-18 14:49:59.032000,414.2388859644655,95
2024-09-18 14:49:59.078000,414.31155925855137,7
2024-09-18 14:49:59.152000,414.2145293881197,997
2024-09-18 14:49:59.152000,414.2522270248706,97
2024-09-18 14:49:59.244000,414.2865674037296,5
2024-09-18 14:49:59.279000,414.2972313530561,97
2024-09-18 14:49:59.370000,414.2731228648889,1002
2024-09-18 14:49:59.381000,414.243337416442,997
2024-09-18 14:49:59.395000,414.2543724537134,105
2024-09-18 14:49:59.398000,414.241544063813,1001
2024-09-18 14:49:59.496000,414.26679621565256,14
2024-09-18 14:49:59.504000,414.3151424370766,104
2024-09-18 14:49:59.556000,414.2676227294211,1005
2024-09-18 14:49:59.585000,414.2627451100985,95
2024-09-18 14:49:59.614000,414.296032128777,101
2024-09-18 14:49:59.711000,414.2336983224851,9
2024-09-18 14:49:59.716000,414.236651931976,15
2024-09-18 14:49:59.725000,414.2882469595716,95
2024-09-18 14:49:59.745000,414.2448702549245,998
2024-09-18 14:49:59.767000,414.30545531828267,10
2024-09-18 14:49:59.860000,414.3084565771931,14
