Timestamp,Price,Size
2024-09-20 09:38:00.027000,422.33428553385534,100
2024-09-20 09:38:00.047000,422.3048943686324,6
2024-09-20 09:38:00.185000,422.3002810141211,995
2024-09-20 09:38:00.205000,422.3028659049617,9
2024-09-20 09:38:00.229000,422.3147817463563,10
2024-09-20 09:38:00.266000,422.37972823193286,10
2024-09-20 09:38:00.303000,422.2979768053921,7
2024-09-20 09:38:00.395000,422.3089009862327,9
2024-09-20 09:38:00.406000,422.3877524805365,13
2024-09-20 09:38:00.683000,422.3854147289246,101
2024-09-20 09:38:00.866000,422.34541043675154,100
2024-09-20 09:38:00.923000,422.3593167698822,97
2024-09-20 09:38:00.972000,422.3377123490553,13
2024-09-20 09:38:02.024000,422.3108756909133,1005
2024-09-20 09:38:02.110000,422.3354534180399,13
2024-09-20 09:38:02.130000,422.31772922329696,10
2024-09-20 09:38:02.171000,422.3373472145284,12
2024-09-20 09:38:02.320000,422.32975463483285,1003
2024-09-20 09:38:02.325000,422.32898702469646,13
2024-09-20 09:38:02.327000,422.3422875469231,13
2024-09-20 09:38:02.345000,422.2824984113407,11
2024-09-20 09:38:02.394000,422.28615897945775,12
2024-09-20 09:38:02.420000,422.3553486913114,7
2024-09-20 09:38:02.443000,422.3340433950124,14
2024-09-20 09:38:02.453000,422.3343706309959,8
2024-09-20 09:38:02.502000,422.3295437289858,101
2024-09-20 09:38:02.503000,422.3547282155616,998
2024-09-20 09:38:02.504000,422.27987474957206,8
2024-09-20 09:38:02.560000,422.3517630509343,103
2024-09-20 09:38:02.669000,422.3492027800676,15
2024-09-20 09:38:02.767000,422.287235123066,103
2024-09-20 09:38:02.898000,422.3651813331567,98
2024-09-20 09:38:02.947000,422.31270576455313,1005
2024-09-20 09:38:02.950000,422.3084407381255,96
2024-09-20 09:38:03.182000,422.346547191435,1004
2024-09-20 09:38:03.442000,422.3620993056654,10
2024-09-20 09:38:03.528000,422.36310756385785,103
2024-09-20 09:38:03.744000,422.3498690987296,998
2024-09-20 09:38:03.849000,422.341599754017,13
2024-09-20 09:38:04.032000,422.4354776742247,6
2024-09-20 09:38:04.103000,422.4189587294537,95
2024-09-20 09:38:04.123000,422.4179285841111,15
2024-09-20 09:38:04.126000,422.4065760698502,1004
2024-09-20 09:38:04.163000,422.43549942275,105
2024-09-20 09:38:04.265000,422.4186158907468,98
2024-09-20 09:38:04.409000,422.4108433393136,997
2024-09-20 09:38:04.458000,422.4147295318677,5
2024-09-20 09:38:04.460000,422.37966880017046,14
2024-09-20 09:38:04.475000,422.42086026330026,99
2024-09-20 09:38:04.492000,422.4033804519335,999
2024-09-20 09:38:04.495000,422.40231258295006,1000
2024-09-20 09:38:04.519000,422.4267696060287,10
2024-09-20 09:38:04.791000,422.40948560041215,1001
2024-09-20 09:38:04.845000,422.4316923079185,998
2024-09-20 09:38:04.991000,422.4146639002826,8
2024-09-20 09:38:05,422.402167278586,97
2024-09-20 09:38:05.062000,422.4032158043742,996
2024-09-20 09:38:05.089000,422.404172392232,1003
2024-09-20 09:38:05.191000,422.4199238622046,104
2024-09-20 09:38:05.305000,422.3980724478517,101
2024-09-20 09:38:05.331000,422.40014641804606,8
2024-09-20 09:38:05.464000,422.4035979841117,103
2024-09-20 09:38:05.489000,422.404821123396,10
2024-09-20 09:38:05.552000,422.4159440991152,1005
2024-09-20 09:38:05.593000,422.40885133428975,95
2024-09-20 09:38:05.607000,422.41194068479206,95
2024-09-20 09:38:05.655000,422.42597262528926,11
2024-09-20 09:38:05.666000,422.4210451126133,105
2024-09-20 09:38:05.686000,422.3845922021142,101
2024-09-20 09:38:05.733000,422.4156734752323,103
2024-09-20 09:38:05.780000,422.4238744084551,102
2024-09-20 09:38:05.829000,422.4099859960512,101
2024-09-20 09:38:05.972000,422.389186339654,997
2024-09-20 09:38:06.051000,422.3335816638385,103
2024-09-20 09:38:06.061000,422.32769402173335,96
2024-09-20 09:38:06.068000,422.3168666215317,13
2024-09-20 09:38:06.106000,422.3662208068001,100
2024-09-20 09:38:06.146000,422.3785552803613,13
2024-09-20 09:38:06.210000,422.3122833167012,1000
2024-09-20 09:38:06.264000,422.3277170307734,5
2024-09-20 09:38:06.280000,422.3019942937984,100
2024-09-20 09:38:06.297000,422.3021179087116,102
2024-09-20 09:38:06.334000,422.31961695744377,1003
2024-09-20 09:38:06.349000,422.3095072895721,6
2024-09-20 09:38:06.354000,422.36746665320425,12
2024-09-20 09:38:06.399000,422.34895229858455,100
2024-09-20 09:38:06.478000,422.3668754909589,98
2024-09-20 09:38:06.491000,422.347476310288,102
2024-09-20 09:38:06.596000,422.3655057265235,104
2024-09-20 09:38:06.684000,422.3635370968965,1001
2024-09-20 09:38:06.712000,422.3136898117874,11
2024-09-20 09:38:06.768000,422.3740399221589,9
2024-09-20 09:38:06.803000,422.3644703517246,95
2024-09-20 09:38:06.822000,422.3369367970964,1001
2024-09-20 09:38:06.886000,422.3305417459445,99
2024-09-20 09:38:06.972000,422.3764106729301,103
2024-09-20 09:38:07.202000,422.26543142687694,1002
2024-09-20 09:38:07.330000,422.252708395428,104
2024-09-20 09:38:07.416000,422.2909296498164,95
2024-09-20 09:38:07.452000,422.2503069076289,997
2024-09-20 09:38:07.494000,422.2725839491547,999
2024-09-20 09:38:07.523000,422.277039015208,13
2024-09-20 09:38:07.631000,422.2975774102941,105
2024-09-20 09:38:07.722000,422.31089947673,8
2024-09-20 09:38:07.816000,422.2836413377841,1005
2024-09-20 09:38:07.924000,422.2777119081543,99
2024-09-20 09:38:07.949000,422.2983546651161,6
2024-09-20 09:38:08.025000,422.2787813958173,14
2024-09-20 09:38:08.032000,422.2956920547037,10
2024-09-20 09:38:08.036000,422.3337485407007,10
2024-09-20 09:38:08.056000,422.2914068834566,101
2024-09-20 09:38:08.064000,422.3235372123763,5
2024-09-20 09:38:08.092000,422.2819288074638,15
2024-09-20 09:38:08.096000,422.2407537007641,10
2024-09-20 09:38:08.117000,422.2266812151146,1001
2024-09-20 09:38:08.123000,422.2865437317314,12
2024-09-20 09:38:08.157000,422.2709490161633,101
2024-09-20 09:38:08.159000,422.3212534654612,1003
2024-09-20 09:38:08.206000,422.28447783910457,1001
2024-09-20 09:38:08.211000,422.2835567384763,999
2024-09-20 09:38:08.220000,422.33628948743024,95
2024-09-20 09:38:08.267000,422.3338161613897,104
2024-09-20 09:38:08.296000,422.2935385789594,1001
2024-09-20 09:38:08.305000,422.2756331180364,13
2024-09-20 09:38:08.334000,422.2578160480245,12
2024-09-20 09:38:08.445000,422.2721643700437,997
2024-09-20 09:38:08.464000,422.2994165537445,101
2024-09-20 09:38:08.508000,422.3194645167361,96
2024-09-20 09:38:08.520000,422.2342755982816,12
2024-09-20 09:38:08.539000,422.2715093093311,95
2024-09-20 09:38:08.541000,422.31190601445127,996
2024-09-20 09:38:08.600000,422.29154148099065,95
2024-09-20 09:38:08.755000,422.2369807948025,13
2024-09-20 09:38:08.826000,422.2432789262809,100
2024-09-20 09:38:08.930000,422.3133143395316,1001
2024-09-20 09:38:08.965000,422.2988757628217,998
2024-09-20 09:38:08.972000,422.29578791942646,1000
2024-09-20 09:38:09.013000,422.3100310409558,10
2024-09-20 09:38:09.044000,422.3487883764072,1004
2024-09-20 09:38:09.071000,422.2715600356464,97
2024-09-20 09:38:09.077000,422.272585270569,1005
2024-09-20 09:38:09.104000,422.3145261628893,995
2024-09-20 09:38:09.250000,422.3055555709655,104
2024-09-20 09:38:09.251000,422.3078085203328,7
2024-09-20 09:38:09.316000,422.27929476087655,10
2024-09-20 09:38:09.495000,422.3035886099949,10
2024-09-20 09:38:09.500000,422.3507403228317,1002
2024-09-20 09:38:09.560000,422.2958824556501,9
2024-09-20 09:38:09.596000,422.2884690562487,15
2024-09-20 09:38:09.620000,422.3136221692087,105
2024-09-20 09:38:09.627000,422.3535259771243,13
2024-09-20 09:38:09.650000,422.2929566080824,13
2024-09-20 09:38:09.658000,422.2957125771362,11
2024-09-20 09:38:09.662000,422.305256693453,1005
2024-09-20 09:38:09.719000,422.2876880444807,998
2024-09-20 09:38:09.730000,422.3119430720701,8
2024-09-20 09:38:09.747000,422.3237381627469,1005
2024-09-20 09:38:09.782000,422.2934923859476,12
2024-09-20 09:38:09.838000,422.3355034439557,8
2024-09-20 09:38:09.912000,422.3096024398766,999
2024-09-20 09:38:09.935000,422.2893866128933,1004
2024-09-20 09:38:09.943000,422.28235531882217,14
2024-09-20 09:38:09.972000,422.3728118606562,13
2024-09-20 09:38:09.975000,422.31037110894886,1003
2024-09-20 09:38:10.025000,422.3099080710575,96
2024-09-20 09:38:10.188000,422.27011885306695,15
2024-09-20 09:38:10.260000,422.2714558430854,12
2024-09-20 09:38:10.280000,422.2998867669595,14
2024-09-20 09:38:10.319000,422.30508249584585,999
2024-09-20 09:38:10.353000,422.2592722879101,998
2024-09-20 09:38:10.462000,422.266433408437,11
2024-09-20 09:38:10.463000,422.293128465115,7
2024-09-20 09:38:10.566000,422.2679255425148,13
2024-09-20 09:38:10.586000,422.2639304340036,1002
2024-09-20 09:38:10.615000,422.2815267405526,104
2024-09-20 09:38:10.663000,422.3020896159048,99
2024-09-20 09:38:10.666000,422.2909910470611,996
2024-09-20 09:38:10.673000,422.2634191950566,998
2024-09-20 09:38:10.872000,422.2483273831792,5
2024-09-20 09:38:10.905000,422.2846599035635,1001
2024-09-20 09:38:10.920000,422.29019150057087,999
2024-09-20 09:38:10.934000,422.272623117632,1002
2024-09-20 09:38:10.994000,422.281878971357,15
2024-09-20 09:38:11.054000,422.3108166828074,97
2024-09-20 09:38:11.143000,422.3141073992846,997
2024-09-20 09:38:11.221000,422.3019953107286,96
2024-09-20 09:38:11.248000,422.3011384657708,1004
2024-09-20 09:38:11.428000,422.3132241169885,99
2024-09-20 09:38:11.492000,422.3179096476042,8
2024-09-20 09:38:11.660000,422.3187173073046,1003
2024-09-20 09:38:11.751000,422.32042599861296,1003
2024-09-20 09:38:11.845000,422.34053345740216,1000
2024-09-20 09:38:11.955000,422.3331828358346,15
2024-09-20 09:38:12.034000,422.3348240106773,6
2024-09-20 09:38:12.054000,422.3457685802348,1004
2024-09-20 09:38:12.101000,422.28728190101896,102
2024-09-20 09:38:12.133000,422.302541411592,99
2024-09-20 09:38:12.151000,422.3135486785277,995
2024-09-20 09:38:12.220000,422.3094821155543,997
2024-09-20 09:38:12.276000,422.2917888269151,103
2024-09-20 09:38:12.280000,422.366581496776,1003
2024-09-20 09:38:12.289000,422.3403979828441,999
2024-09-20 09:38:12.367000,422.3563875697554,103
2024-09-20 09:38:12.376000,422.31426779755066,1000
2024-09-20 09:38:12.419000,422.29530458560953,100
2024-09-20 09:38:12.454000,422.31222434206734,5
2024-09-20 09:38:12.485000,422.342613042032,7
2024-09-20 09:38:12.526000,422.33277120231537,8
2024-09-20 09:38:12.533000,422.32981267894087,5
2024-09-20 09:38:12.547000,422.2972940393715,997
2024-09-20 09:38:12.748000,422.3557295285914,105
2024-09-20 09:38:12.804000,422.30438696656057,96
2024-09-20 09:38:12.834000,422.2983769532948,1001
2024-09-20 09:38:12.840000,422.3263056592572,104
2024-09-20 09:38:12.910000,422.3499468278272,102
2024-09-20 09:38:12.912000,422.3530529950184,104
2024-09-20 09:38:14.295000,422.33404630525774,97
2024-09-20 09:38:14.333000,422.3268470570293,11
2024-09-20 09:38:14.463000,422.31653331574114,995
2024-09-20 09:38:14.487000,422.3213468237876,13
2024-09-20 09:38:14.557000,422.3175661111175,8
2024-09-20 09:38:14.597000,422.3283267931986,104
2024-09-20 09:38:14.643000,422.3151467575768,96
2024-09-20 09:38:14.824000,422.3031061516402,100
2024-09-20 09:38:14.915000,422.3285657647043,1005
2024-09-20 09:38:15.017000,422.338126456171,104
2024-09-20 09:38:15.040000,422.3360454742416,995
2024-09-20 09:38:15.118000,422.3472339747517,98
2024-09-20 09:38:15.123000,422.3454898395513,1003
2024-09-20 09:38:15.212000,422.4094823632863,6
2024-09-20 09:38:15.295000,422.3774449238279,7
2024-09-20 09:38:15.401000,422.3867631457642,14
2024-09-20 09:38:15.471000,422.3673178011581,95
2024-09-20 09:38:15.540000,422.36197555380096,95
2024-09-20 09:38:15.548000,422.3290736325757,1003
2024-09-20 09:38:15.550000,422.410486616058,13
2024-09-20 09:38:15.562000,422.39515833304455,105
2024-09-20 09:38:15.585000,422.3903427183407,101
2024-09-20 09:38:15.588000,422.4026475321016,104
2024-09-20 09:38:15.590000,422.3853052635613,7
2024-09-20 09:38:15.628000,422.4013074802633,997
2024-09-20 09:38:15.658000,422.3749021354,1004
2024-09-20 09:38:15.691000,422.34000039831295,10
2024-09-20 09:38:15.694000,422.3762915881,6
2024-09-20 09:38:15.726000,422.3914307471632,98
2024-09-20 09:38:15.731000,422.3953030620624,999
2024-09-20 09:38:15.740000,422.3822955716816,101
2024-09-20 09:38:15.790000,422.3902812118088,997
2024-09-20 09:38:15.804000,422.3619358407275,1005
2024-09-20 09:38:15.867000,422.4059846195816,95
2024-09-20 09:38:15.873000,422.4064002325407,996
2024-09-20 09:38:15.879000,422.4215193238919,10
2024-09-20 09:38:15.957000,422.39346581049136,105
2024-09-20 09:38:16.052000,422.4043478261325,10
2024-09-20 09:38:16.068000,422.389556032512,995
2024-09-20 09:38:16.081000,422.3975648543429,95
2024-09-20 09:38:16.090000,422.4128973596842,996
2024-09-20 09:38:16.101000,422.4121047917895,1005
2024-09-20 09:38:16.142000,422.4205368534743,9
2024-09-20 09:38:16.151000,422.3995278448871,99
2024-09-20 09:38:16.173000,422.397464015101,6
2024-09-20 09:38:16.191000,422.3896344648795,1002
2024-09-20 09:38:16.223000,422.3987053894244,12
2024-09-20 09:38:16.290000,422.4106890914792,102
2024-09-20 09:38:16.614000,422.3825325711054,9
2024-09-20 09:38:16.628000,422.38537385536375,5
2024-09-20 09:38:16.645000,422.3803641162001,99
2024-09-20 09:38:16.654000,422.4029474113761,104
2024-09-20 09:38:16.704000,422.3912113457012,101
2024-09-20 09:38:16.752000,422.3899788400576,101
2024-09-20 09:38:16.798000,422.40269122357785,998
2024-09-20 09:38:16.822000,422.4135521260202,14
2024-09-20 09:38:16.925000,422.4320955952746,13
2024-09-20 09:38:16.928000,422.3988828517103,96
2024-09-20 09:38:16.973000,422.3653980746376,102
2024-09-20 09:38:17.005000,422.4069671153755,104
2024-09-20 09:38:17.074000,422.380999249177,13
2024-09-20 09:38:17.103000,422.40917341286575,1003
2024-09-20 09:38:17.217000,422.40995429104487,1000
2024-09-20 09:38:17.219000,422.39530746358565,105
2024-09-20 09:38:17.311000,422.4034119181396,1003
2024-09-20 09:38:17.331000,422.3906862582882,1003
2024-09-20 09:38:17.380000,422.4059608192373,102
2024-09-20 09:38:17.403000,422.37557331979,12
2024-09-20 09:38:17.524000,422.3992323227746,1003
2024-09-20 09:38:17.584000,422.3945168352122,103
2024-09-20 09:38:17.604000,422.3903469416592,7
2024-09-20 09:38:17.630000,422.3870344791081,6
2024-09-20 09:38:17.650000,422.4070910516117,104
2024-09-20 09:38:17.651000,422.3951998887786,15
2024-09-20 09:38:17.826000,422.4018576273409,8
2024-09-20 09:38:17.902000,422.4071580880863,95
2024-09-20 09:38:17.932000,422.38125295622,9
2024-09-20 09:38:18.029000,422.3575711545579,6
2024-09-20 09:38:18.097000,422.37468013785787,998
2024-09-20 09:38:18.145000,422.3991504069679,1005
2024-09-20 09:38:18.233000,422.3587710391298,101
2024-09-20 09:38:18.247000,422.37762575359335,12
2024-09-20 09:38:18.272000,422.3828699972634,999
2024-09-20 09:38:18.275000,422.3617912241411,99
2024-09-20 09:38:18.283000,422.35146779590224,999
2024-09-20 09:38:18.353000,422.3734802799689,15
2024-09-20 09:38:18.467000,422.38188538537406,104
2024-09-20 09:38:18.487000,422.394780952345,8
2024-09-20 09:38:18.515000,422.37816705511096,15
2024-09-20 09:38:18.518000,422.39703633395766,14
2024-09-20 09:38:18.581000,422.3719205211668,1001
2024-09-20 09:38:18.589000,422.3844394357259,105
2024-09-20 09:38:18.603000,422.3817516429881,11
2024-09-20 09:38:18.618000,422.3882642580904,99
2024-09-20 09:38:18.638000,422.358161768256,1000
2024-09-20 09:38:18.672000,422.3575912149661,5
2024-09-20 09:38:18.710000,422.3866617537331,998
2024-09-20 09:38:18.711000,422.3552110811404,995
2024-09-20 09:38:18.730000,422.37295127086094,95
2024-09-20 09:38:18.740000,422.39591679587056,995
2024-09-20 09:38:18.820000,422.3754534040879,103
2024-09-20 09:38:18.903000,422.3671830807426,104
2024-09-20 09:38:18.939000,422.3776521762008,95
2024-09-20 09:38:19.033000,422.3688510346036,96
2024-09-20 09:38:19.076000,422.3526938175574,5
2024-09-20 09:38:19.166000,422.4291224863823,1003
2024-09-20 09:38:19.296000,422.4154206613852,98
2024-09-20 09:38:19.303000,422.3881642513794,998
2024-09-20 09:38:19.309000,422.41187820486505,998
2024-09-20 09:38:19.320000,422.400125357121,12
2024-09-20 09:38:19.328000,422.37627494430257,1003
2024-09-20 09:38:19.340000,422.397380011874,102
2024-09-20 09:38:19.395000,422.4164048148346,100
2024-09-20 09:38:19.451000,422.38899259066017,102
2024-09-20 09:38:19.548000,422.4317074154287,97
2024-09-20 09:38:19.620000,422.3398648266144,1000
2024-09-20 09:38:19.626000,422.3599385157917,1003
2024-09-20 09:38:19.639000,422.39797551984185,1003
2024-09-20 09:38:19.657000,422.3861225860235,105
2024-09-20 09:38:19.658000,422.4032007017928,997
2024-09-20 09:38:19.675000,422.3949871738007,999
2024-09-20 09:38:19.771000,422.4103969220411,102
2024-09-20 09:38:19.782000,422.3505871699125,102
2024-09-20 09:38:19.790000,422.397118603485,99
2024-09-20 09:38:19.881000,422.40297164141606,1004
2024-09-20 09:38:19.899000,422.36588856796646,104
2024-09-20 09:38:19.923000,422.3987919909718,1004
2024-09-20 09:38:19.944000,422.39950483444113,5
2024-09-20 09:38:19.989000,422.37556369302985,99
2024-09-20 09:38:20.033000,422.4144480735279,7
2024-09-20 09:38:20.091000,422.3965055215824,97
2024-09-20 09:38:20.094000,422.4035243491144,1003
2024-09-20 09:38:20.102000,422.38510295209227,1002
2024-09-20 09:38:20.224000,422.3983341657347,1004
2024-09-20 09:38:20.251000,422.4070907516669,1000
2024-09-20 09:38:20.338000,422.3764754369213,99
2024-09-20 09:38:20.351000,422.3734044952959,100
2024-09-20 09:38:20.365000,422.3960777867831,1001
2024-09-20 09:38:20.417000,422.4073316091167,104
2024-09-20 09:38:20.443000,422.3748683193927,999
2024-09-20 09:38:20.445000,422.3937822145454,996
2024-09-20 09:38:20.496000,422.4070046069717,1000
2024-09-20 09:38:20.496000,422.4183421542667,102
2024-09-20 09:38:20.506000,422.39602728547226,100
2024-09-20 09:38:20.539000,422.4113621164827,15
2024-09-20 09:38:20.544000,422.41637463627006,98
2024-09-20 09:38:20.667000,422.40241401645306,102
2024-09-20 09:38:20.706000,422.3818237452128,1000
2024-09-20 09:38:20.729000,422.4154608820535,8
2024-09-20 09:38:20.782000,422.4035805658424,96
2024-09-20 09:38:20.878000,422.4140234120336,999
2024-09-20 09:38:20.895000,422.4081114264408,10
2024-09-20 09:38:20.923000,422.3640891342687,105
2024-09-20 09:38:20.986000,422.41006745646473,12
2024-09-20 09:38:21.051000,422.4036245301336,5
2024-09-20 09:38:21.082000,422.4006787903573,104
2024-09-20 09:38:21.168000,422.4314566088938,97
2024-09-20 09:38:21.189000,422.4177107828008,999
2024-09-20 09:38:21.191000,422.4078272126275,13
2024-09-20 09:38:21.235000,422.4099868269403,15
2024-09-20 09:38:21.242000,422.4216075871549,1005
2024-09-20 09:38:21.316000,422.36727316193696,10
2024-09-20 09:38:21.368000,422.4182635829065,1004
2024-09-20 09:38:21.508000,422.43015832903626,13
2024-09-20 09:38:21.514000,422.42719779150593,5
2024-09-20 09:38:21.516000,422.40373951660735,101
2024-09-20 09:38:21.521000,422.41224065264936,10
2024-09-20 09:38:21.531000,422.4294285694813,998
2024-09-20 09:38:21.569000,422.4108442490592,14
2024-09-20 09:38:21.606000,422.4267264549406,1002
2024-09-20 09:38:21.633000,422.3738013149832,15
2024-09-20 09:38:21.634000,422.3857127351629,1004
2024-09-20 09:38:21.640000,422.4363307954106,14
2024-09-20 09:38:21.697000,422.403503845552,102
2024-09-20 09:38:21.745000,422.4270405928335,105
2024-09-20 09:38:21.769000,422.4278661432815,7
2024-09-20 09:38:21.782000,422.4266075995565,1003
2024-09-20 09:38:21.799000,422.3965049404196,1000
2024-09-20 09:38:21.961000,422.4187435732315,999
2024-09-20 09:38:21.978000,422.40149994363446,1001
2024-09-20 09:38:22.001000,422.5584609770332,1001
2024-09-20 09:38:22.012000,422.4422863334665,9
2024-09-20 09:38:22.034000,422.5421703298255,12
2024-09-20 09:38:22.059000,422.4983588260702,8
2024-09-20 09:38:22.130000,422.5830194496384,1005
2024-09-20 09:38:22.175000,422.5521851058239,996
2024-09-20 09:38:22.176000,422.4370710068703,1000
2024-09-20 09:38:22.212000,422.55041847220144,995
2024-09-20 09:38:22.213000,422.4797796112139,99
2024-09-20 09:38:22.276000,422.5388508257033,98
2024-09-20 09:38:22.285000,422.5463367981074,100
2024-09-20 09:38:22.344000,422.562325245975,1004
2024-09-20 09:38:22.481000,422.5435593016098,9
2024-09-20 09:38:22.507000,422.5473012961206,96
2024-09-20 09:38:22.570000,422.53124652720953,996
2024-09-20 09:38:22.611000,422.5368915927236,995
2024-09-20 09:38:22.617000,422.5588156706431,105
2024-09-20 09:38:22.688000,422.4579770620129,1002
2024-09-20 09:38:22.748000,422.43560161570616,101
2024-09-20 09:38:22.774000,422.5493413064757,104
2024-09-20 09:38:22.777000,422.4712119831623,9
2024-09-20 09:38:22.781000,422.54012309300526,96
2024-09-20 09:38:22.800000,422.4481957417962,13
2024-09-20 09:38:22.857000,422.51787500644895,13
2024-09-20 09:38:22.869000,422.5167249018341,101
2024-09-20 09:38:22.874000,422.5654511055285,104
2024-09-20 09:38:23.005000,422.51191367290016,7
2024-09-20 09:38:23.039000,422.535374577568,12
2024-09-20 09:38:23.074000,422.5045936074832,97
2024-09-20 09:38:23.093000,422.4912855124086,6
2024-09-20 09:38:23.111000,422.43670135547103,97
2024-09-20 09:38:23.144000,422.5292481806107,97
2024-09-20 09:38:23.168000,422.46111248902,7
2024-09-20 09:38:23.193000,422.48738508936447,105
2024-09-20 09:38:23.378000,422.5384671114647,105
2024-09-20 09:38:23.468000,422.4751359626084,105
2024-09-20 09:38:23.516000,422.50673348885095,105
2024-09-20 09:38:23.677000,422.42272526564136,996
2024-09-20 09:38:23.703000,422.5294166071163,5
2024-09-20 09:38:23.708000,422.4736096165622,1001
2024-09-20 09:38:23.731000,422.5409333780358,12
2024-09-20 09:38:23.813000,422.5272927079642,13
2024-09-20 09:38:23.873000,422.4097858688452,10
2024-09-20 09:38:24.025000,422.3983768483448,7
2024-09-20 09:38:24.319000,422.38735359123984,997
2024-09-20 09:38:24.319000,422.38031476617255,999
2024-09-20 09:38:24.322000,422.39012709605765,95
2024-09-20 09:38:24.518000,422.392070645414,14
2024-09-20 09:38:24.519000,422.3960218643692,6
2024-09-20 09:38:24.583000,422.418263001955,999
2024-09-20 09:38:24.609000,422.4087330832528,7
2024-09-20 09:38:24.641000,422.4009092189148,100
2024-09-20 09:38:24.703000,422.4187398731739,105
2024-09-20 09:38:25.091000,422.4144007781983,97
2024-09-20 09:38:25.109000,422.3964022413498,15
2024-09-20 09:38:25.187000,422.3630966999199,998
2024-09-20 09:38:25.288000,422.3895208773621,99
2024-09-20 09:38:25.342000,422.36382160095314,95
2024-09-20 09:38:25.351000,422.3977735074332,104
2024-09-20 09:38:25.356000,422.3440771552011,1001
2024-09-20 09:38:25.450000,422.3963691659865,100
2024-09-20 09:38:25.466000,422.4033394921713,6
2024-09-20 09:38:25.496000,422.3719634014539,101
2024-09-20 09:38:25.553000,422.3972225301319,1003
2024-09-20 09:38:25.632000,422.3627299116365,12
2024-09-20 09:38:25.640000,422.3528774705782,5
2024-09-20 09:38:25.685000,422.3827978588077,12
2024-09-20 09:38:25.712000,422.3670701889872,1001
2024-09-20 09:38:25.769000,422.3870370385569,995
2024-09-20 09:38:25.792000,422.3807263624235,997
2024-09-20 09:38:25.828000,422.3610410940121,1001
2024-09-20 09:38:25.833000,422.3850962743357,100
2024-09-20 09:38:25.865000,422.37045500517735,1003
2024-09-20 09:38:25.906000,422.3489026077889,97
2024-09-20 09:38:26.001000,422.42930128144513,999
2024-09-20 09:38:26.017000,422.41622323016975,96
2024-09-20 09:38:26.028000,422.4417560358333,6
2024-09-20 09:38:26.054000,422.4575402490529,14
2024-09-20 09:38:26.097000,422.4269362008415,99
2024-09-20 09:38:26.102000,422.4589225540231,995
2024-09-20 09:38:26.191000,422.4286576936732,1002
2024-09-20 09:38:26.204000,422.4343939441693,998
2024-09-20 09:38:26.208000,422.4716252922099,99
2024-09-20 09:38:26.255000,422.4873513287168,15
2024-09-20 09:38:26.319000,422.4891910384537,102
2024-09-20 09:38:26.329000,422.4252217783041,6
2024-09-20 09:38:26.335000,422.4345860164275,996
2024-09-20 09:38:26.355000,422.48116612857854,9
2024-09-20 09:38:26.393000,422.4280928871794,103
2024-09-20 09:38:26.407000,422.4167081029288,103
2024-09-20 09:38:26.442000,422.4339158177168,1004
2024-09-20 09:38:26.457000,422.4274446557667,5
2024-09-20 09:38:26.621000,422.4324971935721,1004
2024-09-20 09:38:26.640000,422.4187997002278,96
2024-09-20 09:38:26.646000,422.416844764492,1001
2024-09-20 09:38:26.650000,422.42820069009537,99
2024-09-20 09:38:26.735000,422.4596191048901,997
2024-09-20 09:38:26.756000,422.4037797294529,100
2024-09-20 09:38:26.801000,422.4159105058623,7
2024-09-20 09:38:26.844000,422.50419668095634,995
2024-09-20 09:38:26.892000,422.4360030586622,105
2024-09-20 09:38:26.892000,422.4250708817039,13
2024-09-20 09:38:26.910000,422.416637615962,95
2024-09-20 09:38:27.050000,422.488605379307,100
2024-09-20 09:38:27.200000,422.4433397604278,1003
2024-09-20 09:38:27.233000,422.4937698844233,99
2024-09-20 09:38:27.257000,422.46005320606497,1005
2024-09-20 09:38:27.387000,422.47661792669766,1003
2024-09-20 09:38:27.433000,422.4953140976372,997
2024-09-20 09:38:27.460000,422.4565397158387,1004
2024-09-20 09:38:27.492000,422.50386319498136,998
2024-09-20 09:38:27.662000,422.48328594765616,10
2024-09-20 09:38:27.702000,422.4421784857963,97
2024-09-20 09:38:27.723000,422.4880589445859,103
2024-09-20 09:38:27.729000,422.4181219888804,97
2024-09-20 09:38:27.748000,422.4636535750615,96
2024-09-20 09:38:27.818000,422.4267713989104,101
2024-09-20 09:38:27.835000,422.4464312135671,998
2024-09-20 09:38:27.893000,422.4924759309786,104
2024-09-20 09:38:27.902000,422.494219778358,10
2024-09-20 09:38:27.955000,422.5018508291242,10
2024-09-20 09:38:27.973000,422.4850656100698,95
2024-09-20 09:38:27.979000,422.4592573618002,105
2024-09-20 09:38:27.994000,422.4380898891126,999
2024-09-20 09:38:28.136000,422.46944826828815,995
2024-09-20 09:38:28.432000,422.4664848735109,96
2024-09-20 09:38:29.041000,422.5013653281309,999
2024-09-20 09:38:29.066000,422.4408532327,998
2024-09-20 09:38:29.179000,422.4596337648604,10
2024-09-20 09:38:29.215000,422.42941521410165,12
2024-09-20 09:38:29.275000,422.5070832630422,97
2024-09-20 09:38:29.307000,422.4300360280275,8
2024-09-20 09:38:29.329000,422.5015898981897,997
2024-09-20 09:38:29.357000,422.4387883851932,8
2024-09-20 09:38:29.382000,422.4367786609069,14
2024-09-20 09:38:29.520000,422.42255267937344,5
2024-09-20 09:38:29.523000,422.427459435194,999
2024-09-20 09:38:29.538000,422.4969902250321,102
2024-09-20 09:38:29.551000,422.4572058940012,999
2024-09-20 09:38:29.590000,422.5127762055493,1000
2024-09-20 09:38:29.609000,422.4716817749239,95
2024-09-20 09:38:29.610000,422.4531557913301,1002
2024-09-20 09:38:29.660000,422.4846995317909,105
2024-09-20 09:38:29.703000,422.4440179409493,996
2024-09-20 09:38:29.740000,422.4576214406248,15
2024-09-20 09:38:29.753000,422.5132625204213,6
2024-09-20 09:38:29.753000,422.448382006346,996
2024-09-20 09:38:29.759000,422.49716882383245,13
2024-09-20 09:38:29.762000,422.4533960236967,102
2024-09-20 09:38:29.778000,422.4901845291691,13
2024-09-20 09:38:29.792000,422.4401104516591,96
2024-09-20 09:38:29.825000,422.5089742451197,9
2024-09-20 09:38:29.871000,422.43636026052206,101
2024-09-20 09:38:29.893000,422.4582880496357,101
2024-09-20 09:38:30.161000,422.56221881976046,10
2024-09-20 09:38:30.215000,422.55961646214257,5
2024-09-20 09:38:30.240000,422.4786119260252,13
2024-09-20 09:38:30.411000,422.5420068762721,1004
2024-09-20 09:38:30.514000,422.4430721414564,1003
2024-09-20 09:38:30.520000,422.4629556421564,6
2024-09-20 09:38:30.674000,422.5458180349423,100
2024-09-20 09:38:30.696000,422.4651303487101,1000
2024-09-20 09:38:30.741000,422.5563361074201,1003
2024-09-20 09:38:30.834000,422.5472834691116,1000
2024-09-20 09:38:30.860000,422.46393693183967,103
2024-09-20 09:38:30.862000,422.5016469547938,97
2024-09-20 09:38:30.926000,422.56620943709146,7
2024-09-20 09:38:31.020000,422.5746947944792,6
2024-09-20 09:38:31.040000,422.5594375744448,96
2024-09-20 09:38:31.096000,422.5735334719191,96
2024-09-20 09:38:31.134000,422.55948737709167,6
2024-09-20 09:38:31.158000,422.55146700325855,1002
2024-09-20 09:38:31.180000,422.5748002863385,1003
2024-09-20 09:38:31.200000,422.5550419162371,100
2024-09-20 09:38:31.246000,422.5443079109955,999
2024-09-20 09:38:31.354000,422.54041525946246,15
2024-09-20 09:38:31.519000,422.555235897115,6
2024-09-20 09:38:31.554000,422.5517207335364,10
2024-09-20 09:38:31.628000,422.5506695583116,97
2024-09-20 09:38:31.659000,422.52588112133225,100
2024-09-20 09:38:31.677000,422.5728188573202,99
2024-09-20 09:38:31.813000,422.5725844008151,998
2024-09-20 09:38:31.968000,422.5460849929769,12
2024-09-20 09:38:32.018000,422.5717875369247,995
2024-09-20 09:38:32.050000,422.55013508774766,995
2024-09-20 09:38:32.089000,422.5585756114703,103
2024-09-20 09:38:32.100000,422.539262675904,1005
2024-09-20 09:38:32.133000,422.5475546561496,104
2024-09-20 09:38:32.140000,422.5773596050775,10
2024-09-20 09:38:32.157000,422.5450705368749,995
2024-09-20 09:38:32.211000,422.5662794880996,1001
2024-09-20 09:38:32.362000,422.5575610304141,95
2024-09-20 09:38:32.392000,422.58496276908255,100
2024-09-20 09:38:32.425000,422.57506683325926,1004
2024-09-20 09:38:32.453000,422.59124052179504,1001
2024-09-20 09:38:32.463000,422.5307344581033,8
2024-09-20 09:38:32.507000,422.5792530198743,15
2024-09-20 09:38:32.522000,422.56959884149234,8
2024-09-20 09:38:32.543000,422.58249071444703,9
2024-09-20 09:38:32.604000,422.5928601789889,12
2024-09-20 09:38:32.611000,422.5774710606387,997
2024-09-20 09:38:32.644000,422.5814932662259,97
2024-09-20 09:38:32.701000,422.5986333113021,1000
2024-09-20 09:38:32.741000,422.5251355944016,1000
2024-09-20 09:38:32.752000,422.5287976717803,1000
2024-09-20 09:38:32.796000,422.5422754515833,1005
2024-09-20 09:38:32.845000,422.5753486627522,104
2024-09-20 09:38:32.943000,422.53409845065096,95
2024-09-20 09:38:32.950000,422.5704961538756,1000
2024-09-20 09:38:33.006000,422.5850260149178,12
2024-09-20 09:38:33.007000,422.5920255675716,8
2024-09-20 09:38:33.027000,422.580961016007,6
2024-09-20 09:38:33.058000,422.5988868909941,10
2024-09-20 09:38:33.058000,422.6071705568231,1000
2024-09-20 09:38:33.066000,422.5988991974313,13
2024-09-20 09:38:33.085000,422.5941323850355,1002
2024-09-20 09:38:33.094000,422.5819528198056,9
2024-09-20 09:38:33.146000,422.6072524092401,96
2024-09-20 09:38:33.176000,422.6044067896634,14
2024-09-20 09:38:33.183000,422.59771346230445,997
2024-09-20 09:38:33.237000,422.589838790944,1004
2024-09-20 09:38:33.243000,422.6126987627715,9
2024-09-20 09:38:33.343000,422.5924906558306,996
2024-09-20 09:38:33.446000,422.6425060812587,997
2024-09-20 09:38:33.460000,422.60394639611366,995
2024-09-20 09:38:33.513000,422.59453401268297,6
2024-09-20 09:38:33.550000,422.5954909284899,15
2024-09-20 09:38:33.571000,422.5972801796674,98
2024-09-20 09:38:33.611000,422.6111151523724,1001
2024-09-20 09:38:33.641000,422.6142345757205,104
2024-09-20 09:38:33.651000,422.6157815840666,1002
2024-09-20 09:38:33.745000,422.6262522567217,1000
2024-09-20 09:38:33.809000,422.5985734566698,8
2024-09-20 09:38:33.824000,422.6074366254754,1000
2024-09-20 09:38:34.205000,422.5897101859773,1002
2024-09-20 09:38:34.394000,422.5858464718612,1005
2024-09-20 09:38:34.435000,422.578208550974,103
2024-09-20 09:38:34.448000,422.5803133888898,99
2024-09-20 09:38:34.776000,422.5760226372773,12
2024-09-20 09:38:35.052000,422.6199240201764,10
2024-09-20 09:38:35.072000,422.6256830034853,102
2024-09-20 09:38:35.087000,422.6513590512175,105
2024-09-20 09:38:35.109000,422.6513531095408,1001
2024-09-20 09:38:35.114000,422.6356569274437,99
2024-09-20 09:38:35.164000,422.5990061920116,996
2024-09-20 09:38:35.189000,422.6138533853699,1000
2024-09-20 09:38:35.217000,422.60939756183217,7
2024-09-20 09:38:35.256000,422.652975552949,10
2024-09-20 09:38:35.271000,422.60833164666536,997
2024-09-20 09:38:35.308000,422.6240519495901,100
2024-09-20 09:38:35.361000,422.6506970085544,103
2024-09-20 09:38:35.396000,422.59081208694977,996
2024-09-20 09:38:35.413000,422.5783587620953,105
2024-09-20 09:38:35.523000,422.6768561554638,995
2024-09-20 09:38:35.563000,422.6681024462191,104
2024-09-20 09:38:35.622000,422.6775692440724,995
2024-09-20 09:38:35.648000,422.648193331124,1005
2024-09-20 09:38:35.711000,422.6260213507167,104
2024-09-20 09:38:35.818000,422.6615280844513,15
2024-09-20 09:38:35.835000,422.6385298691874,5
2024-09-20 09:38:35.844000,422.6068602553901,9
2024-09-20 09:38:35.892000,422.673940209348,7
2024-09-20 09:38:35.913000,422.5929803652227,14
2024-09-20 09:38:35.973000,422.6189090777708,11
2024-09-20 09:38:36.022000,422.6437042293188,1003
2024-09-20 09:38:36.089000,422.6177543314181,102
2024-09-20 09:38:36.142000,422.5922915655137,6
2024-09-20 09:38:36.161000,422.6094248309557,105
2024-09-20 09:38:36.166000,422.6015163809852,1004
2024-09-20 09:38:36.220000,422.61624388239295,14
2024-09-20 09:38:36.249000,422.6757032277851,999
2024-09-20 09:38:36.265000,422.64503994558834,104
2024-09-20 09:38:36.356000,422.6142992315469,1002
2024-09-20 09:38:36.376000,422.6147739678213,14
2024-09-20 09:38:36.403000,422.642351676403,98
2024-09-20 09:38:36.407000,422.61199742373793,1004
2024-09-20 09:38:36.517000,422.6411988432545,6
2024-09-20 09:38:36.573000,422.6203167221561,1001
2024-09-20 09:38:36.640000,422.64222146907264,1003
2024-09-20 09:38:36.648000,422.66174254447066,998
2024-09-20 09:38:36.653000,422.6286775383881,12
2024-09-20 09:38:36.896000,422.6501148750654,1001
2024-09-20 09:38:36.918000,422.6039600453669,1004
2024-09-20 09:38:36.935000,422.6690932335631,98
2024-09-20 09:38:36.996000,422.6273132336409,996
2024-09-20 09:38:37.187000,422.6786070241086,7
2024-09-20 09:38:37.513000,422.6485133671318,95
2024-09-20 09:38:37.626000,422.662909684281,97
2024-09-20 09:38:37.639000,422.66734529288505,995
2024-09-20 09:38:37.695000,422.67557154362953,6
2024-09-20 09:38:37.724000,422.696395512484,97
2024-09-20 09:38:37.735000,422.63908302867975,997
2024-09-20 09:38:37.748000,422.6741860921735,996
2024-09-20 09:38:38.104000,422.6893110687654,98
2024-09-20 09:38:38.217000,422.6886955537253,98
2024-09-20 09:38:38.220000,422.7220082289098,1003
2024-09-20 09:38:38.245000,422.6985493546589,9
2024-09-20 09:38:38.264000,422.7043803984988,1000
2024-09-20 09:38:38.348000,422.695609925356,1002
2024-09-20 09:38:38.383000,422.7034081062627,1005
2024-09-20 09:38:38.387000,422.6854832964867,103
2024-09-20 09:38:38.403000,422.679592639654,1000
2024-09-20 09:38:38.428000,422.699905486395,9
2024-09-20 09:38:38.481000,422.6741699350132,97
2024-09-20 09:38:38.555000,422.7116694626741,1004
2024-09-20 09:38:38.571000,422.68542907992594,7
2024-09-20 09:38:38.602000,422.6785234159256,105
2024-09-20 09:38:38.619000,422.6815633314426,97
2024-09-20 09:38:38.636000,422.6930284583439,999
2024-09-20 09:38:38.753000,422.6919563605265,6
2024-09-20 09:38:38.785000,422.713531384478,104
2024-09-20 09:38:38.817000,422.7065032982434,1004
2024-09-20 09:38:38.883000,422.67856323670514,13
2024-09-20 09:38:38.924000,422.6843177701874,1002
2024-09-20 09:38:38.952000,422.67206366369214,6
2024-09-20 09:38:39.232000,422.70265266128587,6
2024-09-20 09:38:39.246000,422.7129338921826,1001
2024-09-20 09:38:39.319000,422.7100764173895,13
2024-09-20 09:38:39.474000,422.69790359009545,9
2024-09-20 09:38:39.526000,422.7213050340292,99
2024-09-20 09:38:39.857000,422.71311352218,13
2024-09-20 09:38:39.879000,422.6851221508484,12
2024-09-20 09:38:39.932000,422.68697381230993,998
2024-09-20 09:38:40.001000,422.7568301982618,105
2024-09-20 09:38:40.029000,422.7326131210958,98
2024-09-20 09:38:40.034000,422.7542717111008,104
2024-09-20 09:38:40.037000,422.73013172838887,1000
2024-09-20 09:38:40.104000,422.74321950728313,1000
2024-09-20 09:38:40.170000,422.7273419561568,7
2024-09-20 09:38:40.184000,422.7011198989133,102
2024-09-20 09:38:40.192000,422.7188854215827,6
2024-09-20 09:38:40.201000,422.7240512760477,103
2024-09-20 09:38:40.276000,422.67833117665225,995
2024-09-20 09:38:40.294000,422.6816362938079,100
2024-09-20 09:38:40.303000,422.7190747394094,1001
2024-09-20 09:38:40.346000,422.7465604749257,995
2024-09-20 09:38:40.348000,422.6895713684584,12
2024-09-20 09:38:40.544000,422.7285432356889,13
2024-09-20 09:38:40.553000,422.728703631232,995
2024-09-20 09:38:40.571000,422.748443359729,1005
2024-09-20 09:38:40.699000,422.7248981562963,99
2024-09-20 09:38:40.746000,422.716105378101,15
2024-09-20 09:38:40.766000,422.7353412566321,99
2024-09-20 09:38:40.772000,422.71156913635286,103
2024-09-20 09:38:40.787000,422.7233039480059,10
2024-09-20 09:38:40.837000,422.69313671509735,13
2024-09-20 09:38:40.881000,422.7306273312806,1003
2024-09-20 09:38:41.071000,422.7421428126792,12
2024-09-20 09:38:41.084000,422.7387991485269,8
2024-09-20 09:38:41.112000,422.6955136426504,101
2024-09-20 09:38:41.202000,422.6978762469554,97
2024-09-20 09:38:41.245000,422.75384171149767,13
2024-09-20 09:38:41.330000,422.7158966724265,7
2024-09-20 09:38:41.433000,422.7594073433083,1005
2024-09-20 09:38:41.451000,422.7644685968573,14
2024-09-20 09:38:41.575000,422.7269954913433,100
2024-09-20 09:38:41.594000,422.7688701519679,998
2024-09-20 09:38:41.599000,422.7119358367487,96
2024-09-20 09:38:41.731000,422.7270245756882,1003
2024-09-20 09:38:41.739000,422.70860971237687,98
2024-09-20 09:38:41.745000,422.7478353275874,12
2024-09-20 09:38:41.747000,422.7245942898458,13
2024-09-20 09:38:41.763000,422.7559790069136,9
2024-09-20 09:38:41.776000,422.7403566065252,105
2024-09-20 09:38:41.798000,422.76915314168303,104
2024-09-20 09:38:41.800000,422.743230982204,999
2024-09-20 09:38:41.806000,422.74953213257845,7
2024-09-20 09:38:41.832000,422.7302955097866,104
2024-09-20 09:38:41.854000,422.7528146689157,996
2024-09-20 09:38:41.891000,422.7535006881242,13
2024-09-20 09:38:41.909000,422.6983059417829,13
2024-09-20 09:38:41.956000,422.73782616082,95
2024-09-20 09:38:42.011000,422.71051484233584,8
2024-09-20 09:38:42.206000,422.70924053673065,8
2024-09-20 09:38:42.221000,422.706205910197,8
2024-09-20 09:38:42.242000,422.721457877478,1005
2024-09-20 09:38:42.302000,422.6902128830155,1003
2024-09-20 09:38:42.304000,422.71099342270935,999
2024-09-20 09:38:42.346000,422.7186994031298,97
2024-09-20 09:38:42.374000,422.7111671479893,1003
2024-09-20 09:38:42.382000,422.6515774682048,100
2024-09-20 09:38:42.384000,422.71608668309466,1003
2024-09-20 09:38:42.454000,422.71190008296793,100
2024-09-20 09:38:42.463000,422.682801468851,8
2024-09-20 09:38:42.527000,422.71231769466783,999
2024-09-20 09:38:42.604000,422.7100315182098,1001
2024-09-20 09:38:42.736000,422.6988599373885,104
2024-09-20 09:38:42.854000,422.7129778791314,999
2024-09-20 09:38:43.355000,422.6647966492167,1000
2024-09-20 09:38:43.883000,422.6770349903567,998
2024-09-20 09:38:43.932000,422.6769167846613,95
2024-09-20 09:38:44.455000,422.7062716444671,103
2024-09-20 09:38:44.679000,422.6791304129274,1004
2024-09-20 09:38:44.923000,422.7056224784672,5
2024-09-20 09:38:45.130000,422.6652861258872,97
2024-09-20 09:38:45.150000,422.61092777798734,97
2024-09-20 09:38:45.199000,422.5662582635459,1004
2024-09-20 09:38:45.252000,422.6414950045743,1004
2024-09-20 09:38:45.303000,422.5765364272948,97
2024-09-20 09:38:45.323000,422.5804247152335,998
2024-09-20 09:38:45.343000,422.6119140720644,96
2024-09-20 09:38:45.451000,422.6200177806095,1005
2024-09-20 09:38:45.465000,422.6852065982879,98
2024-09-20 09:38:45.491000,422.5810937160144,10
2024-09-20 09:38:45.522000,422.6073475318056,101
2024-09-20 09:38:45.534000,422.576079417017,95
2024-09-20 09:38:45.623000,422.6310805336638,995
2024-09-20 09:38:45.654000,422.6397020225268,997
2024-09-20 09:38:45.733000,422.6410883975223,14
2024-09-20 09:38:45.778000,422.5756615983261,10
2024-09-20 09:38:45.780000,422.6196193188108,11
2024-09-20 09:38:45.786000,422.5679424800573,998
2024-09-20 09:38:45.793000,422.5743468797343,103
2024-09-20 09:38:45.815000,422.6410836908445,99
2024-09-20 09:38:45.839000,422.710712010268,14
2024-09-20 09:38:45.870000,422.6228801047296,11
2024-09-20 09:38:45.907000,422.58185915827113,9
2024-09-20 09:38:45.977000,422.70571699132114,95
2024-09-20 09:38:45.989000,422.6379019610968,14
2024-09-20 09:38:46.004000,422.5784255723713,13
2024-09-20 09:38:46.056000,422.6015088022772,995
2024-09-20 09:38:46.071000,422.59677474788754,104
2024-09-20 09:38:46.111000,422.5782298573963,998
2024-09-20 09:38:46.175000,422.60349800226,12
2024-09-20 09:38:46.240000,422.5764313906983,12
2024-09-20 09:38:46.255000,422.5985078691045,999
2024-09-20 09:38:46.264000,422.5697508239672,9
2024-09-20 09:38:46.289000,422.5491901231805,995
2024-09-20 09:38:46.376000,422.5611887674696,1005
2024-09-20 09:38:46.380000,422.5427948402454,12
2024-09-20 09:38:46.403000,422.5776049695007,97
2024-09-20 09:38:46.504000,422.54942822715,998
2024-09-20 09:38:46.538000,422.5359414011931,103
2024-09-20 09:38:46.561000,422.5804779280118,996
2024-09-20 09:38:46.601000,422.5762261819701,104
2024-09-20 09:38:46.767000,422.5741379892796,7
2024-09-20 09:38:46.797000,422.5459050336241,6
2024-09-20 09:38:46.860000,422.5770007042152,103
2024-09-20 09:38:46.894000,422.53853897551295,6
2024-09-20 09:38:46.941000,422.54374086354846,995
2024-09-20 09:38:46.984000,422.57713230070686,102
2024-09-20 09:38:47.054000,422.51137327072513,104
2024-09-20 09:38:47.066000,422.5066937266901,8
2024-09-20 09:38:47.078000,422.5282488385205,101
2024-09-20 09:38:47.133000,422.5046059976784,1004
2024-09-20 09:38:47.240000,422.5599303307712,97
2024-09-20 09:38:47.284000,422.52507632840144,101
2024-09-20 09:38:47.287000,422.51788480658297,999
2024-09-20 09:38:47.335000,422.5433281804357,11
2024-09-20 09:38:47.374000,422.5148203129616,1004
2024-09-20 09:38:47.524000,422.5362801424996,97
2024-09-20 09:38:47.546000,422.53939321727694,96
2024-09-20 09:38:47.641000,422.50236658112607,8
2024-09-20 09:38:47.793000,422.546158839777,1005
2024-09-20 09:38:47.816000,422.5204556088881,1003
2024-09-20 09:38:47.817000,422.5301804308112,97
2024-09-20 09:38:47.914000,422.52693358322,100
2024-09-20 09:38:47.968000,422.507484668387,9
2024-09-20 09:38:48.103000,422.5444585025315,7
2024-09-20 09:38:48.145000,422.5635034299437,96
2024-09-20 09:38:48.257000,422.54595434366456,11
2024-09-20 09:38:48.366000,422.5567129843897,9
2024-09-20 09:38:48.375000,422.52904825771685,6
2024-09-20 09:38:48.393000,422.5286562797967,15
2024-09-20 09:38:48.490000,422.53793959542367,11
2024-09-20 09:38:48.608000,422.5305877241476,1002
2024-09-20 09:38:48.734000,422.5673146212378,97
2024-09-20 09:38:48.793000,422.5322256391004,8
2024-09-20 09:38:48.831000,422.5502450305644,1005
2024-09-20 09:38:48.846000,422.5655485266911,104
2024-09-20 09:38:48.886000,422.5597921669654,9
2024-09-20 09:38:48.962000,422.5646763180545,102
2024-09-20 09:38:49.027000,422.5348553131696,1001
2024-09-20 09:38:49.035000,422.5227097973993,103
2024-09-20 09:38:49.040000,422.528653271394,1004
2024-09-20 09:38:49.109000,422.5477166237385,11
2024-09-20 09:38:49.132000,422.5326996882408,7
2024-09-20 09:38:49.174000,422.53283877002576,9
2024-09-20 09:38:49.192000,422.5530924030882,1001
2024-09-20 09:38:49.228000,422.5169901501952,1003
2024-09-20 09:38:49.243000,422.54675874159045,1001
2024-09-20 09:38:49.250000,422.52146669430834,999
2024-09-20 09:38:49.312000,422.5540168049898,95
2024-09-20 09:38:49.330000,422.550232439691,1004
2024-09-20 09:38:49.352000,422.53877299667056,7
2024-09-20 09:38:49.352000,422.5272317836869,15
2024-09-20 09:38:49.359000,422.5535603348821,8
2024-09-20 09:38:49.433000,422.5124096658208,1005
2024-09-20 09:38:49.503000,422.5363417984028,1004
2024-09-20 09:38:49.530000,422.5335080498733,8
2024-09-20 09:38:49.558000,422.51926259511526,1005
2024-09-20 09:38:49.586000,422.5293537132752,1001
2024-09-20 09:38:49.645000,422.5105262902593,98
2024-09-20 09:38:49.677000,422.54683002263823,15
2024-09-20 09:38:49.715000,422.5156289186022,101
2024-09-20 09:38:49.766000,422.51904091084486,8
2024-09-20 09:38:49.823000,422.54801945773,1002
2024-09-20 09:38:49.861000,422.5291557500792,15
2024-09-20 09:38:49.920000,422.5523932940405,9
2024-09-20 09:38:49.930000,422.5183101336393,998
2024-09-20 09:38:49.940000,422.5079972637371,102
2024-09-20 09:38:50.004000,422.5415082654168,1001
2024-09-20 09:38:50.062000,422.547294965686,1000
2024-09-20 09:38:50.073000,422.5512632200568,11
2024-09-20 09:38:50.117000,422.58213640271833,7
2024-09-20 09:38:50.125000,422.5438746566733,12
2024-09-20 09:38:50.127000,422.5701047625898,105
2024-09-20 09:38:50.258000,422.5415851514851,96
2024-09-20 09:38:50.288000,422.577647424511,1001
2024-09-20 09:38:50.327000,422.5825101310461,5
2024-09-20 09:38:50.417000,422.5817771635327,99
2024-09-20 09:38:50.423000,422.5848761382615,1001
2024-09-20 09:38:50.426000,422.58320989920384,5
2024-09-20 09:38:50.524000,422.5704724764415,997
2024-09-20 09:38:50.930000,422.5590724045591,95
2024-09-20 09:38:50.983000,422.5811356627089,14
2024-09-20 09:38:50.996000,422.5462516764788,98
2024-09-20 09:38:51.179000,422.58924417511736,1003
2024-09-20 09:38:51.908000,422.5766497336191,5
2024-09-20 09:38:52.100000,422.561612103301,1001
2024-09-20 09:38:52.225000,422.521213622774,102
2024-09-20 09:38:52.235000,422.5775382426174,1003
2024-09-20 09:38:52.275000,422.4725933066767,96
2024-09-20 09:38:52.399000,422.5852119072191,14
2024-09-20 09:38:52.413000,422.50079559907846,103
2024-09-20 09:38:52.463000,422.4732320493861,1003
2024-09-20 09:38:52.489000,422.492191317274,95
2024-09-20 09:38:52.517000,422.5723199439164,1003
2024-09-20 09:38:52.553000,422.571844607314,1001
2024-09-20 09:38:52.570000,422.5119458188588,999
2024-09-20 09:38:52.596000,422.4913918631463,104
2024-09-20 09:38:52.608000,422.5068792091522,15
2024-09-20 09:38:52.653000,422.51905124715904,99
2024-09-20 09:38:52.708000,422.5158382910206,10
2024-09-20 09:38:52.717000,422.496802353975,105
2024-09-20 09:38:52.735000,422.56214367223896,100
2024-09-20 09:38:52.837000,422.5314181851244,999
2024-09-20 09:38:52.893000,422.58932284733766,99
2024-09-20 09:38:52.912000,422.5665673928749,1002
2024-09-20 09:38:52.920000,422.5267786777487,999
2024-09-20 09:38:53.201000,422.4957385421353,1005
2024-09-20 09:38:53.202000,422.48733952699945,1004
2024-09-20 09:38:53.259000,422.5023233305373,8
2024-09-20 09:38:53.501000,422.50529707872914,1002
2024-09-20 09:38:53.598000,422.47429394793824,6
2024-09-20 09:38:53.807000,422.5079640187805,12
2024-09-20 09:38:54.078000,422.53475437088673,7
2024-09-20 09:38:54.126000,422.519517926124,15
2024-09-20 09:38:54.137000,422.513082512115,1004
2024-09-20 09:38:54.154000,422.5352816553977,13
2024-09-20 09:38:54.172000,422.5175681796735,99
2024-09-20 09:38:54.187000,422.5020752415682,99
2024-09-20 09:38:54.216000,422.5099523381476,10
2024-09-20 09:38:54.217000,422.5294692683615,96
2024-09-20 09:38:54.230000,422.52646116421056,105
2024-09-20 09:38:54.242000,422.5136140774674,998
2024-09-20 09:38:54.371000,422.5468519709225,6
2024-09-20 09:38:54.375000,422.5242233972023,8
2024-09-20 09:38:54.410000,422.5396257520025,997
2024-09-20 09:38:54.412000,422.5164192409833,14
2024-09-20 09:38:54.433000,422.5221706838257,104
2024-09-20 09:38:54.582000,422.5241077140089,104
2024-09-20 09:38:54.682000,422.5260894679352,995
2024-09-20 09:38:54.737000,422.51145716668606,96
2024-09-20 09:38:54.771000,422.5312222088954,1002
2024-09-20 09:38:54.806000,422.5039999712875,1003
2024-09-20 09:38:54.880000,422.541114433768,100
2024-09-20 09:38:54.976000,422.5344903276193,98
2024-09-20 09:38:54.988000,422.5306710615434,10
2024-09-20 09:38:54.989000,422.5021658082981,5
2024-09-20 09:38:55.091000,422.5609276850466,7
2024-09-20 09:38:55.242000,422.5764672003104,6
2024-09-20 09:38:55.498000,422.5369537488479,99
2024-09-20 09:38:55.754000,422.55400974967,101
2024-09-20 09:38:56.009000,422.5904424740016,997
2024-09-20 09:38:56.021000,422.556103112836,10
2024-09-20 09:38:56.137000,422.5757468107833,7
2024-09-20 09:38:56.201000,422.5565687488091,8
2024-09-20 09:38:56.247000,422.5688574356948,1000
2024-09-20 09:38:56.281000,422.5636236821687,9
2024-09-20 09:38:56.292000,422.55011022689297,6
2024-09-20 09:38:56.364000,422.5537291329572,997
2024-09-20 09:38:56.381000,422.5486835465588,15
2024-09-20 09:38:56.471000,422.5829297524654,95
2024-09-20 09:38:56.472000,422.56092941554914,97
2024-09-20 09:38:56.486000,422.6411130536311,102
2024-09-20 09:38:56.517000,422.5736449294136,11
2024-09-20 09:38:56.637000,422.6120555251988,103
2024-09-20 09:38:56.658000,422.5604249101227,105
2024-09-20 09:38:56.703000,422.57538926324287,11
2024-09-20 09:38:56.703000,422.5902743276344,1001
2024-09-20 09:38:56.815000,422.5470242212813,14
2024-09-20 09:38:56.835000,422.5563146251862,998
2024-09-20 09:38:56.925000,422.5900413166853,101
2024-09-20 09:38:57.668000,422.6257498120328,102
2024-09-20 09:38:57.813000,422.6429094421859,96
2024-09-20 09:38:58.035000,422.6498726399243,10
2024-09-20 09:38:58.128000,422.6648161776652,6
2024-09-20 09:38:58.186000,422.669321729339,1000
2024-09-20 09:38:58.282000,422.64861930534977,12
2024-09-20 09:38:58.380000,422.6109579429228,11
2024-09-20 09:38:58.418000,422.64941061583,6
2024-09-20 09:38:58.503000,422.6577751354753,8
2024-09-20 09:38:58.549000,422.6403658687653,1001
2024-09-20 09:38:58.570000,422.66757647342,100
2024-09-20 09:38:58.577000,422.6601990934993,1004
2024-09-20 09:38:58.838000,422.628469077752,95
2024-09-20 09:38:59.027000,422.6616363860831,999
2024-09-20 09:38:59.027000,422.5980899033504,996
2024-09-20 09:38:59.100000,422.66067472184886,97
2024-09-20 09:38:59.119000,422.6254170769614,99
2024-09-20 09:38:59.163000,422.6047998378856,15
2024-09-20 09:38:59.179000,422.6328803739925,1002
2024-09-20 09:38:59.189000,422.6640046208,99
2024-09-20 09:38:59.268000,422.5870314919353,8
2024-09-20 09:38:59.311000,422.6477519052533,10
2024-09-20 09:38:59.312000,422.6747473387021,10
2024-09-20 09:38:59.533000,422.63508823540514,1004
2024-09-20 09:38:59.555000,422.6529902399116,1001
2024-09-20 09:38:59.660000,422.67574343782906,1005
2024-09-20 09:38:59.760000,422.6757738250636,102
2024-09-20 09:38:59.788000,422.665108919851,1000
2024-09-20 09:38:59.796000,422.66248211810887,1001
2024-09-20 09:38:59.943000,422.6592454185904,97
2024-09-20 09:38:59.954000,422.6020778688108,15
