Timestamp,Price,Size
2024-09-16 12:52:00.116000,416.5778195335007,6
2024-09-16 12:52:00.188000,416.5849272209599,1002
2024-09-16 12:52:00.237000,416.588698769733,101
2024-09-16 12:52:00.280000,416.5950986392112,12
2024-09-16 12:52:00.297000,416.6037302202521,98
2024-09-16 12:52:00.346000,416.600005922204,1005
2024-09-16 12:52:00.471000,416.572601404094,8
2024-09-16 12:52:00.498000,416.5435606884215,1004
2024-09-16 12:52:00.509000,416.5643897821302,7
2024-09-16 12:52:00.524000,416.5950662674596,5
2024-09-16 12:52:00.557000,416.5644589766117,1001
2024-09-16 12:52:00.576000,416.5944003217472,15
2024-09-16 12:52:00.599000,416.5352796412855,97
2024-09-16 12:52:00.612000,416.5909417187031,8
2024-09-16 12:52:00.613000,416.60245867188826,996
2024-09-16 12:52:00.623000,416.5834240813869,8
2024-09-16 12:52:00.727000,416.5812427489396,998
2024-09-16 12:52:00.733000,416.5934680108136,998
2024-09-16 12:52:00.767000,416.5829049781192,1001
2024-09-16 12:52:00.778000,416.54183703954544,998
2024-09-16 12:52:00.795000,416.54408007371416,6
2024-09-16 12:52:00.860000,416.6075711937792,96
2024-09-16 12:52:00.877000,416.6152390871369,6
2024-09-16 12:52:00.914000,416.5977160806359,97
2024-09-16 12:52:00.956000,416.595301971112,103
2024-09-16 12:52:01.021000,416.5209614013976,10
2024-09-16 12:52:01.083000,416.5567413601461,997
2024-09-16 12:52:01.173000,416.5208011702225,995
2024-09-16 12:52:01.180000,416.50484711597534,97
2024-09-16 12:52:01.206000,416.51345770205535,103
2024-09-16 12:52:01.217000,416.561239554848,100
2024-09-16 12:52:01.282000,416.5019368401193,99
2024-09-16 12:52:01.415000,416.522833070779,6
2024-09-16 12:52:01.492000,416.5575261545554,96
2024-09-16 12:52:01.520000,416.5260226873925,6
2024-09-16 12:52:01.570000,416.5574296992234,995
2024-09-16 12:52:01.590000,416.5475606770297,98
2024-09-16 12:52:01.681000,416.4991987210623,999
2024-09-16 12:52:01.698000,416.516607995538,1002
2024-09-16 12:52:01.717000,416.5468214539675,15
2024-09-16 12:52:01.808000,416.50560531715536,995
2024-09-16 12:52:01.823000,416.5597147497728,14
2024-09-16 12:52:01.832000,416.55263538144055,102
2024-09-16 12:52:01.955000,416.5239718958868,104
2024-09-16 12:52:02.010000,416.51543112570414,98
2024-09-16 12:52:02.018000,416.5301747466233,997
2024-09-16 12:52:02.051000,416.5123678260634,1003
2024-09-16 12:52:02.170000,416.5106572328824,7
2024-09-16 12:52:02.190000,416.53376969894606,6
2024-09-16 12:52:02.213000,416.54045243062143,996
2024-09-16 12:52:02.221000,416.5125913645194,1001
2024-09-16 12:52:02.245000,416.5554702012284,10
2024-09-16 12:52:02.253000,416.57098780682895,103
2024-09-16 12:52:02.366000,416.5086846418526,995
2024-09-16 12:52:02.434000,416.4915888302677,1004
2024-09-16 12:52:02.437000,416.5471394651703,998
2024-09-16 12:52:02.457000,416.53196063289215,10
2024-09-16 12:52:02.473000,416.54987088606254,996
2024-09-16 12:52:02.484000,416.5201915636668,7
2024-09-16 12:52:02.486000,416.5223995644331,1004
2024-09-16 12:52:02.524000,416.492000406884,1005
2024-09-16 12:52:02.572000,416.529054291208,7
2024-09-16 12:52:02.692000,416.5125436700127,11
2024-09-16 12:52:02.707000,416.5358077081368,98
2024-09-16 12:52:02.720000,416.51940193397365,1005
2024-09-16 12:52:02.723000,416.496282426201,11
2024-09-16 12:52:02.737000,416.5691115864138,95
2024-09-16 12:52:02.830000,416.5419235038473,105
2024-09-16 12:52:02.905000,416.5115943228464,10
2024-09-16 12:52:03.033000,416.569668575543,105
2024-09-16 12:52:03.056000,416.56048328834027,104
2024-09-16 12:52:03.064000,416.5896073236667,15
2024-09-16 12:52:03.071000,416.5820846043076,103
2024-09-16 12:52:03.086000,416.56236873156223,101
2024-09-16 12:52:03.123000,416.6060168131682,101
2024-09-16 12:52:03.234000,416.5632073956607,11
2024-09-16 12:52:03.433000,416.5645414305154,101
2024-09-16 12:52:03.614000,416.61199096914737,14
2024-09-16 12:52:03.710000,416.5863095346226,96
2024-09-16 12:52:03.800000,416.57249461635104,12
2024-09-16 12:52:03.895000,416.580896458365,998
2024-09-16 12:52:03.954000,416.5839803929956,999
2024-09-16 12:52:03.978000,416.5964692796518,100
2024-09-16 12:52:04.089000,416.56437452224907,97
2024-09-16 12:52:04.295000,416.5848935599507,102
2024-09-16 12:52:04.361000,416.5849588289609,95
2024-09-16 12:52:04.380000,416.5240318484851,1000
2024-09-16 12:52:04.480000,416.5296707603326,97
2024-09-16 12:52:04.642000,416.5907007958614,996
2024-09-16 12:52:04.720000,416.5359409857707,998
2024-09-16 12:52:04.773000,416.5503360905418,5
2024-09-16 12:52:04.881000,416.5364981868986,999
2024-09-16 12:52:04.913000,416.53890406086,1001
2024-09-16 12:52:04.936000,416.5774355425056,105
2024-09-16 12:52:04.963000,416.5479652537788,10
2024-09-16 12:52:04.969000,416.5809315349278,995
2024-09-16 12:52:06.026000,416.5320616759816,995
2024-09-16 12:52:06.036000,416.5566122180925,105
2024-09-16 12:52:06.118000,416.5430389467029,99
2024-09-16 12:52:06.269000,416.5363416462601,6
2024-09-16 12:52:06.427000,416.5390144972735,1003
2024-09-16 12:52:06.517000,416.55121156530976,104
2024-09-16 12:52:06.546000,416.5436224237909,96
2024-09-16 12:52:06.557000,416.54196050894177,8
2024-09-16 12:52:06.645000,416.5410975471973,14
2024-09-16 12:52:06.797000,416.5412503654944,97
2024-09-16 12:52:06.893000,416.523875989333,998
2024-09-16 12:52:06.923000,416.5284136361937,1000
2024-09-16 12:52:07.210000,416.5262464658847,6
2024-09-16 12:52:07.379000,416.4982952273097,996
2024-09-16 12:52:07.548000,416.4843151605223,10
2024-09-16 12:52:07.553000,416.4726501956463,1003
2024-09-16 12:52:07.653000,416.48445748392623,103
2024-09-16 12:52:07.746000,416.5160684557261,15
2024-09-16 12:52:07.747000,416.4988314107083,1005
2024-09-16 12:52:07.917000,416.49302640290273,1005
2024-09-16 12:52:07.949000,416.5208213655421,95
2024-09-16 12:52:08.042000,416.41459426533584,8
2024-09-16 12:52:08.063000,416.47520749844,102
2024-09-16 12:52:08.150000,416.4427026444149,95
2024-09-16 12:52:08.211000,416.4302851074021,7
2024-09-16 12:52:08.216000,416.424568114455,10
2024-09-16 12:52:08.222000,416.425140433657,96
2024-09-16 12:52:08.278000,416.405339041065,95
2024-09-16 12:52:08.289000,416.4231709479799,1001
2024-09-16 12:52:08.320000,416.4161246183912,1001
2024-09-16 12:52:08.400000,416.439258753812,1000
2024-09-16 12:52:08.585000,416.4097307039382,104
2024-09-16 12:52:08.666000,416.4057190065976,995
2024-09-16 12:52:08.688000,416.427103234994,1002
2024-09-16 12:52:08.769000,416.4322221645443,96
2024-09-16 12:52:08.773000,416.4650317921224,1003
2024-09-16 12:52:08.881000,416.42397190233913,11
2024-09-16 12:52:08.899000,416.4226943669335,15
2024-09-16 12:52:09.020000,416.4993195914665,996
2024-09-16 12:52:09.031000,416.4837806572371,101
2024-09-16 12:52:09.032000,416.482423758076,102
2024-09-16 12:52:09.037000,416.4920976963464,11
2024-09-16 12:52:09.080000,416.47565439185576,998
2024-09-16 12:52:09.111000,416.45965265975417,1001
2024-09-16 12:52:09.144000,416.4720728480586,14
2024-09-16 12:52:09.149000,416.44858062306616,15
2024-09-16 12:52:09.314000,416.4913896526882,10
2024-09-16 12:52:09.319000,416.4805473725292,105
2024-09-16 12:52:09.387000,416.4961638906392,998
2024-09-16 12:52:09.452000,416.43399177669824,101
2024-09-16 12:52:09.486000,416.5006961694971,1002
2024-09-16 12:52:09.498000,416.4959919927491,7
2024-09-16 12:52:09.542000,416.485612087198,95
2024-09-16 12:52:09.560000,416.4770975206693,11
2024-09-16 12:52:09.577000,416.5009585759968,10
2024-09-16 12:52:09.582000,416.50670114170015,104
2024-09-16 12:52:09.607000,416.4295433376893,13
2024-09-16 12:52:09.659000,416.4231284791847,15
2024-09-16 12:52:09.687000,416.4545392475727,997
2024-09-16 12:52:09.696000,416.4631145032705,14
2024-09-16 12:52:09.716000,416.4570942927265,10
2024-09-16 12:52:09.813000,416.4605178583009,1004
2024-09-16 12:52:09.848000,416.4946747204913,14
2024-09-16 12:52:09.875000,416.4823144056136,96
2024-09-16 12:52:09.964000,416.4338488065361,11
2024-09-16 12:52:10.009000,416.4977900485024,7
2024-09-16 12:52:10.053000,416.48863432363993,101
2024-09-16 12:52:10.101000,416.5067054291342,105
2024-09-16 12:52:10.220000,416.51445089891257,7
2024-09-16 12:52:10.277000,416.46729249229406,1004
2024-09-16 12:52:10.333000,416.4617151614867,9
2024-09-16 12:52:10.455000,416.5242900294557,104
2024-09-16 12:52:10.492000,416.4977478028925,996
2024-09-16 12:52:10.497000,416.4926487477617,14
2024-09-16 12:52:10.498000,416.4734895239609,96
2024-09-16 12:52:10.499000,416.4576218127335,996
2024-09-16 12:52:10.542000,416.4786614526772,12
2024-09-16 12:52:10.659000,416.50623979296,15
2024-09-16 12:52:10.724000,416.5073418087731,13
2024-09-16 12:52:10.746000,416.52425944930513,1004
2024-09-16 12:52:10.761000,416.49863380032446,96
2024-09-16 12:52:10.765000,416.53083353690585,105
2024-09-16 12:52:10.882000,416.43926677052445,9
2024-09-16 12:52:10.892000,416.4680703917097,100
2024-09-16 12:52:10.910000,416.4796106839176,97
2024-09-16 12:52:10.919000,416.4907533425611,9
2024-09-16 12:52:11.604000,416.4804517962963,101
2024-09-16 12:52:11.888000,416.4765799971637,96
2024-09-16 12:52:12.017000,416.5052810434682,999
2024-09-16 12:52:12.060000,416.5427515484481,1004
2024-09-16 12:52:12.525000,416.4916018479644,12
2024-09-16 12:52:12.743000,416.5208540786261,13
2024-09-16 12:52:13.262000,416.5495674353074,14
2024-09-16 12:52:13.326000,416.4940500696259,95
2024-09-16 12:52:13.435000,416.53986393066833,10
2024-09-16 12:52:13.623000,416.5199538649809,104
2024-09-16 12:52:13.653000,416.5249894970166,11
2024-09-16 12:52:13.687000,416.5091398620975,15
2024-09-16 12:52:13.849000,416.5119349594531,105
2024-09-16 12:52:13.969000,416.4864692345221,1002
2024-09-16 12:52:14.042000,416.5028810231144,995
2024-09-16 12:52:14.065000,416.5177109143352,998
2024-09-16 12:52:14.118000,416.5049441256628,7
2024-09-16 12:52:14.246000,416.49657622412224,999
2024-09-16 12:52:14.255000,416.47662405943504,104
2024-09-16 12:52:14.279000,416.5148594108512,8
2024-09-16 12:52:14.369000,416.5082775836822,7
2024-09-16 12:52:14.370000,416.4945919883604,14
2024-09-16 12:52:14.371000,416.5249713332054,1003
2024-09-16 12:52:14.424000,416.49973308917976,102
2024-09-16 12:52:14.461000,416.5415753989204,1001
2024-09-16 12:52:14.658000,416.4979499640709,7
2024-09-16 12:52:14.676000,416.5160144076623,15
2024-09-16 12:52:14.733000,416.48056386718656,1001
2024-09-16 12:52:14.917000,416.5034674559202,101
2024-09-16 12:52:14.967000,416.5225494889023,998
2024-09-16 12:52:14.983000,416.5466997525182,100
2024-09-16 12:52:15.003000,416.51676068726624,100
2024-09-16 12:52:15.029000,416.5176796220502,104
2024-09-16 12:52:15.447000,416.5039415105017,11
2024-09-16 12:52:15.502000,416.5173717236817,10
2024-09-16 12:52:15.577000,416.5167876717159,998
2024-09-16 12:52:15.693000,416.5064060617943,995
2024-09-16 12:52:15.699000,416.4887644746083,104
2024-09-16 12:52:15.797000,416.5222570556795,995
2024-09-16 12:52:15.954000,416.54552291785336,99
2024-09-16 12:52:15.956000,416.5119848083277,96
2024-09-16 12:52:16.083000,416.4742641116087,1005
2024-09-16 12:52:16.174000,416.4900810453151,104
2024-09-16 12:52:16.227000,416.4832043893687,1004
2024-09-16 12:52:16.255000,416.4735259446176,5
2024-09-16 12:52:16.265000,416.4859404209572,1001
2024-09-16 12:52:16.406000,416.45676512691847,995
2024-09-16 12:52:16.414000,416.4883764390906,1000
2024-09-16 12:52:16.466000,416.49608578359226,998
2024-09-16 12:52:16.476000,416.4428030355341,1000
2024-09-16 12:52:16.623000,416.44712522825694,11
2024-09-16 12:52:16.695000,416.4574966378734,1003
2024-09-16 12:52:16.696000,416.4675155228605,11
2024-09-16 12:52:16.752000,416.4427462683426,95
2024-09-16 12:52:16.873000,416.49094769246295,1003
2024-09-16 12:52:17.930000,416.47408193826834,996
2024-09-16 12:52:18,416.4795836477707,1000
2024-09-16 12:52:18.002000,416.4950214703936,101
2024-09-16 12:52:18.043000,416.49139124162895,95
2024-09-16 12:52:18.044000,416.4814921992391,102
2024-09-16 12:52:18.114000,416.4943765904429,102
2024-09-16 12:52:18.341000,416.5012822740292,1001
2024-09-16 12:52:18.386000,416.4895676601964,9
2024-09-16 12:52:18.617000,416.47391390802665,995
2024-09-16 12:52:18.767000,416.4991331823763,105
2024-09-16 12:52:18.781000,416.5033275571146,10
2024-09-16 12:52:18.991000,416.48329305842606,998
2024-09-16 12:52:19.013000,416.4664260746896,102
2024-09-16 12:52:19.106000,416.4675775686388,1002
2024-09-16 12:52:19.160000,416.4613879819671,999
2024-09-16 12:52:19.289000,416.47466605790544,12
2024-09-16 12:52:19.329000,416.4927830285995,105
2024-09-16 12:52:19.405000,416.5251989481439,9
2024-09-16 12:52:19.482000,416.52225885779103,14
2024-09-16 12:52:19.533000,416.47310898763067,998
2024-09-16 12:52:19.573000,416.44805063358285,1002
2024-09-16 12:52:19.580000,416.4704588197243,5
2024-09-16 12:52:19.585000,416.5137306232724,1001
2024-09-16 12:52:19.618000,416.5433358652442,15
2024-09-16 12:52:19.659000,416.45667463798793,98
2024-09-16 12:52:19.669000,416.4898565324236,105
2024-09-16 12:52:19.680000,416.45842779508695,8
2024-09-16 12:52:19.718000,416.472976583417,100
2024-09-16 12:52:19.728000,416.5389004508049,1004
2024-09-16 12:52:19.751000,416.5459748868977,11
2024-09-16 12:52:19.921000,416.51817977507386,1000
2024-09-16 12:52:19.983000,416.527880191503,1005
2024-09-16 12:52:19.991000,416.52350098854026,9
2024-09-16 12:52:20.081000,416.46424698477074,95
2024-09-16 12:52:20.101000,416.4844015107757,996
2024-09-16 12:52:20.239000,416.48568589534096,103
2024-09-16 12:52:20.598000,416.44534382427537,8
2024-09-16 12:52:20.907000,416.4853713547093,97
2024-09-16 12:52:21.050000,416.4897377668005,10
2024-09-16 12:52:21.212000,416.4451737438228,5
2024-09-16 12:52:21.332000,416.45788398732464,95
2024-09-16 12:52:21.388000,416.4521185580319,996
2024-09-16 12:52:21.719000,416.4438058182597,5
2024-09-16 12:52:21.731000,416.44410173308427,995
2024-09-16 12:52:21.871000,416.4844281208046,1001
2024-09-16 12:52:21.995000,416.4481274399703,97
2024-09-16 12:52:21.998000,416.4301734276743,7
2024-09-16 12:52:22.071000,416.50667092381616,5
2024-09-16 12:52:22.112000,416.4186659522815,1003
2024-09-16 12:52:22.133000,416.4793825111802,13
2024-09-16 12:52:22.207000,416.474298504365,5
2024-09-16 12:52:22.219000,416.4356927137504,1005
2024-09-16 12:52:22.235000,416.5139984331383,10
2024-09-16 12:52:22.250000,416.44670452843496,996
2024-09-16 12:52:22.407000,416.49674778548587,8
2024-09-16 12:52:22.418000,416.5056863939824,996
2024-09-16 12:52:22.421000,416.5137505553333,15
2024-09-16 12:52:22.463000,416.4106942982918,12
2024-09-16 12:52:22.543000,416.4740966121747,98
2024-09-16 12:52:22.575000,416.4547489939874,6
2024-09-16 12:52:22.587000,416.4901753988467,6
2024-09-16 12:52:22.629000,416.524859529695,99
2024-09-16 12:52:22.650000,416.5099915731986,998
2024-09-16 12:52:22.710000,416.4370725695761,10
2024-09-16 12:52:22.717000,416.5033136580549,98
2024-09-16 12:52:22.748000,416.4888490197243,1001
2024-09-16 12:52:22.805000,416.444820190286,104
2024-09-16 12:52:22.830000,416.4685803700147,13
2024-09-16 12:52:22.861000,416.4357057642964,997
2024-09-16 12:52:22.879000,416.4324329583628,13
2024-09-16 12:52:22.947000,416.52073825356666,1004
2024-09-16 12:52:22.965000,416.4379077975969,95
2024-09-16 12:52:22.970000,416.4534323611928,1000
2024-09-16 12:52:23.049000,416.47843856050713,1005
2024-09-16 12:52:23.300000,416.5018405746267,1003
2024-09-16 12:52:23.437000,416.5302103909624,101
2024-09-16 12:52:23.486000,416.5153229988405,104
2024-09-16 12:52:23.624000,416.5200513932453,5
2024-09-16 12:52:23.888000,416.5010959923181,15
2024-09-16 12:52:23.897000,416.4912167183585,1003
2024-09-16 12:52:24.187000,416.5605055359357,13
2024-09-16 12:52:24.347000,416.5409664886554,1003
2024-09-16 12:52:24.453000,416.5463053342802,996
2024-09-16 12:52:24.484000,416.53962103228906,96
2024-09-16 12:52:24.604000,416.50994557921285,100
2024-09-16 12:52:24.678000,416.5471982269715,104
2024-09-16 12:52:24.686000,416.48896975110415,102
2024-09-16 12:52:24.828000,416.53194042464185,1004
2024-09-16 12:52:24.851000,416.53379459002167,103
2024-09-16 12:52:24.878000,416.5580868259361,1005
2024-09-16 12:52:25.061000,416.5012765686444,8
2024-09-16 12:52:25.110000,416.5208825569498,1005
2024-09-16 12:52:25.134000,416.4865891780224,9
2024-09-16 12:52:25.152000,416.47585163699415,995
2024-09-16 12:52:25.160000,416.5077336244647,98
2024-09-16 12:52:25.172000,416.4944765058623,15
2024-09-16 12:52:25.242000,416.49435351273166,102
2024-09-16 12:52:25.246000,416.5204106237948,95
2024-09-16 12:52:25.283000,416.5035276442321,11
2024-09-16 12:52:25.385000,416.4868317696686,7
2024-09-16 12:52:25.428000,416.51374743245566,1001
2024-09-16 12:52:25.462000,416.46928762094586,6
2024-09-16 12:52:25.473000,416.4886136226688,12
2024-09-16 12:52:25.501000,416.4761627974892,14
2024-09-16 12:52:25.536000,416.4675908942696,1005
2024-09-16 12:52:25.721000,416.5052679937843,104
2024-09-16 12:52:25.741000,416.4759267626093,105
2024-09-16 12:52:25.801000,416.523794776169,99
2024-09-16 12:52:25.811000,416.463165726934,98
2024-09-16 12:52:25.882000,416.487311317835,1005
2024-09-16 12:52:25.906000,416.48992707656015,1000
2024-09-16 12:52:25.948000,416.4969769064032,105
2024-09-16 12:52:25.970000,416.5050432526157,10
2024-09-16 12:52:25.980000,416.4715862150056,996
2024-09-16 12:52:25.987000,416.47363911286175,101
2024-09-16 12:52:25.991000,416.5169254519557,1002
2024-09-16 12:52:25.999000,416.5126951997754,103
2024-09-16 12:52:26.005000,416.5479822691957,998
2024-09-16 12:52:26.007000,416.5920166944797,105
2024-09-16 12:52:26.046000,416.5267357763845,6
2024-09-16 12:52:26.057000,416.5331154037355,9
2024-09-16 12:52:26.071000,416.5338683614517,1001
2024-09-16 12:52:26.213000,416.5317020522135,105
2024-09-16 12:52:26.248000,416.5223667790099,5
2024-09-16 12:52:26.255000,416.5207279321583,99
2024-09-16 12:52:26.331000,416.5380661745285,7
2024-09-16 12:52:26.416000,416.5229736745409,103
2024-09-16 12:52:26.423000,416.524175508482,98
2024-09-16 12:52:26.427000,416.52494714528086,997
2024-09-16 12:52:26.553000,416.6135758365429,7
2024-09-16 12:52:26.555000,416.5183647581391,105
2024-09-16 12:52:26.565000,416.5119388441153,12
2024-09-16 12:52:26.583000,416.5286864090066,102
2024-09-16 12:52:26.588000,416.50514790690886,15
2024-09-16 12:52:26.665000,416.5566461398604,13
2024-09-16 12:52:26.673000,416.522202132734,5
2024-09-16 12:52:26.727000,416.52585979016055,97
2024-09-16 12:52:26.743000,416.5204572049877,6
2024-09-16 12:52:26.762000,416.5087963218211,997
2024-09-16 12:52:26.878000,416.526862602786,5
2024-09-16 12:52:26.914000,416.5373661809878,14
2024-09-16 12:52:26.917000,416.53627647498377,1002
2024-09-16 12:52:27.092000,416.5422420821744,6
2024-09-16 12:52:27.158000,416.54461570323286,97
2024-09-16 12:52:27.166000,416.58692922341146,1002
2024-09-16 12:52:27.205000,416.5401991858397,1001
2024-09-16 12:52:27.236000,416.5721249549764,13
2024-09-16 12:52:27.258000,416.5461266491004,7
2024-09-16 12:52:27.282000,416.586860797125,95
2024-09-16 12:52:27.296000,416.578954225877,996
2024-09-16 12:52:27.346000,416.5343442197772,7
2024-09-16 12:52:27.424000,416.5403857153476,998
2024-09-16 12:52:27.449000,416.5396436917657,1001
2024-09-16 12:52:27.515000,416.5354603190924,97
2024-09-16 12:52:27.515000,416.5634642760129,99
2024-09-16 12:52:27.524000,416.598337452375,104
2024-09-16 12:52:27.564000,416.58637750450623,102
2024-09-16 12:52:27.565000,416.540273443638,104
2024-09-16 12:52:27.567000,416.5228475378934,997
2024-09-16 12:52:27.596000,416.5355693305698,1005
2024-09-16 12:52:27.610000,416.5355307855267,998
2024-09-16 12:52:27.732000,416.5974410681304,998
2024-09-16 12:52:27.749000,416.5736564382153,100
2024-09-16 12:52:27.755000,416.5302580580128,101
2024-09-16 12:52:27.840000,416.56571096977945,13
2024-09-16 12:52:27.897000,416.549647983408,13
2024-09-16 12:52:27.942000,416.5591747203749,11
2024-09-16 12:52:27.962000,416.5803682690423,5
2024-09-16 12:52:27.971000,416.5802355537985,12
2024-09-16 12:52:27.981000,416.5630393072191,100
2024-09-16 12:52:28.147000,416.5786441453778,1002
2024-09-16 12:52:29.399000,416.5582416242737,98
2024-09-16 12:52:29.631000,416.5912069428152,12
2024-09-16 12:52:29.648000,416.6065628233336,8
2024-09-16 12:52:29.670000,416.5692525852734,995
2024-09-16 12:52:29.797000,416.60998118496025,7
2024-09-16 12:52:29.899000,416.6029324362446,7
2024-09-16 12:52:29.941000,416.58173521596586,103
2024-09-16 12:52:30.029000,416.65116429032895,100
2024-09-16 12:52:30.202000,416.6435768686226,101
2024-09-16 12:52:30.219000,416.61021758665447,995
2024-09-16 12:52:30.290000,416.6525431179229,997
2024-09-16 12:52:30.303000,416.6425522489369,12
2024-09-16 12:52:30.360000,416.6462817043251,10
2024-09-16 12:52:30.496000,416.6505124284235,995
2024-09-16 12:52:30.526000,416.600202060546,12
2024-09-16 12:52:30.635000,416.6451310241302,14
2024-09-16 12:52:30.648000,416.6434095140347,999
2024-09-16 12:52:30.656000,416.6150509373213,9
2024-09-16 12:52:30.808000,416.6463669391082,14
2024-09-16 12:52:30.842000,416.63179270217466,97
2024-09-16 12:52:31.380000,416.6215861957282,102
2024-09-16 12:52:32.014000,416.59126416177145,95
2024-09-16 12:52:32.100000,416.6597677120944,105
2024-09-16 12:52:32.110000,416.6421440418706,5
2024-09-16 12:52:32.116000,416.645677855518,13
2024-09-16 12:52:32.187000,416.6939740692018,10
2024-09-16 12:52:32.192000,416.6465047882448,13
2024-09-16 12:52:32.207000,416.5879691044087,15
2024-09-16 12:52:32.229000,416.6981308346128,103
2024-09-16 12:52:32.241000,416.6148432046885,15
2024-09-16 12:52:32.260000,416.5880634174305,1005
2024-09-16 12:52:32.267000,416.6535020637021,1002
2024-09-16 12:52:32.291000,416.6587377359535,99
2024-09-16 12:52:32.292000,416.6161245513344,13
2024-09-16 12:52:32.311000,416.60493563363065,1001
2024-09-16 12:52:32.358000,416.58183473392006,1004
2024-09-16 12:52:32.384000,416.6550568252845,6
2024-09-16 12:52:32.434000,416.6296142997535,1003
2024-09-16 12:52:32.548000,416.6247909178831,99
2024-09-16 12:52:32.578000,416.6377391995801,1005
2024-09-16 12:52:32.632000,416.6500723123975,97
2024-09-16 12:52:32.640000,416.611362954704,1000
2024-09-16 12:52:32.654000,416.6086025063522,104
2024-09-16 12:52:32.658000,416.61835302270777,997
2024-09-16 12:52:32.753000,416.6167461853509,1004
2024-09-16 12:52:32.866000,416.6156438585438,97
2024-09-16 12:52:32.888000,416.6405433449216,10
2024-09-16 12:52:32.934000,416.6097629784376,8
2024-09-16 12:52:32.955000,416.63489043006,99
2024-09-16 12:52:34.021000,416.6943511767997,1004
2024-09-16 12:52:34.101000,416.6767553745874,1003
2024-09-16 12:52:34.130000,416.7041253525086,15
2024-09-16 12:52:34.174000,416.6878107928068,99
2024-09-16 12:52:34.471000,416.694827154484,5
2024-09-16 12:52:34.505000,416.7019595478303,6
2024-09-16 12:52:34.544000,416.6919945162037,15
2024-09-16 12:52:34.971000,416.6925183745128,998
2024-09-16 12:52:35.900000,416.70025803955394,97
2024-09-16 12:52:36.067000,416.6624170379122,95
2024-09-16 12:52:36.135000,416.65285471428376,97
2024-09-16 12:52:36.269000,416.6641293974784,5
2024-09-16 12:52:36.273000,416.66468961171296,9
2024-09-16 12:52:36.391000,416.67916732095136,999
2024-09-16 12:52:36.405000,416.6741901032791,1000
2024-09-16 12:52:36.437000,416.7145308259736,998
2024-09-16 12:52:36.518000,416.688004352479,999
2024-09-16 12:52:36.686000,416.6980195051596,103
2024-09-16 12:52:36.846000,416.7096872063788,1003
2024-09-16 12:52:36.995000,416.6956953576775,100
2024-09-16 12:52:37.018000,416.7772044813783,5
2024-09-16 12:52:37.020000,416.7158716327797,100
2024-09-16 12:52:37.083000,416.67805328748926,15
2024-09-16 12:52:37.093000,416.6931718102229,15
2024-09-16 12:52:37.097000,416.7107702258051,100
2024-09-16 12:52:37.155000,416.7689345711265,11
2024-09-16 12:52:37.239000,416.73726202452855,14
2024-09-16 12:52:37.277000,416.7669304852844,98
2024-09-16 12:52:37.331000,416.6736387862297,95
2024-09-16 12:52:37.355000,416.72186182555214,97
2024-09-16 12:52:37.379000,416.6727731582443,1005
2024-09-16 12:52:37.400000,416.6617280802755,97
2024-09-16 12:52:37.413000,416.7775648163875,102
2024-09-16 12:52:37.463000,416.7204268456393,1001
2024-09-16 12:52:37.505000,416.67166608495023,8
2024-09-16 12:52:37.685000,416.68249075686936,11
2024-09-16 12:52:37.808000,416.68718945130536,998
2024-09-16 12:52:37.834000,416.7068582442217,999
2024-09-16 12:52:37.890000,416.7654972479065,9
2024-09-16 12:52:37.902000,416.67316983997455,11
2024-09-16 12:52:37.982000,416.7543004885645,98
2024-09-16 12:52:38.183000,416.75443185221417,7
2024-09-16 12:52:38.213000,416.7719209511942,13
2024-09-16 12:52:38.514000,416.76518041606187,999
2024-09-16 12:52:38.630000,416.745790575309,100
2024-09-16 12:52:38.747000,416.7533134282821,1003
2024-09-16 12:52:38.799000,416.7603971643823,105
2024-09-16 12:52:38.909000,416.7723421176914,1004
2024-09-16 12:52:39.459000,416.7509232696201,103
2024-09-16 12:52:39.623000,416.772456512829,10
2024-09-16 12:52:39.942000,416.75287248419903,1005
2024-09-16 12:52:39.971000,416.7594607112188,997
2024-09-16 12:52:40.081000,416.7361361216477,5
2024-09-16 12:52:40.198000,416.72730151154826,6
2024-09-16 12:52:40.282000,416.72596078611656,105
2024-09-16 12:52:40.325000,416.7493656226858,11
2024-09-16 12:52:40.337000,416.7400184540144,996
2024-09-16 12:52:40.371000,416.75438343823015,14
2024-09-16 12:52:40.382000,416.7459302986656,10
2024-09-16 12:52:40.395000,416.7599393396655,15
2024-09-16 12:52:40.444000,416.76376696792926,9
2024-09-16 12:52:40.495000,416.72275423770185,14
2024-09-16 12:52:40.561000,416.75826085202,997
2024-09-16 12:52:40.567000,416.7428994600847,13
2024-09-16 12:52:40.619000,416.72718495616766,5
2024-09-16 12:52:40.693000,416.74728280711406,1004
2024-09-16 12:52:40.736000,416.7363972217801,102
2024-09-16 12:52:40.737000,416.7653194478176,8
2024-09-16 12:52:40.776000,416.7457460799956,1003
2024-09-16 12:52:40.778000,416.73198670935614,102
2024-09-16 12:52:40.829000,416.7639892926966,1002
2024-09-16 12:52:40.856000,416.75223983636687,97
2024-09-16 12:52:41,416.66947143301024,97
2024-09-16 12:52:41.004000,416.6843834537459,15
2024-09-16 12:52:41.079000,416.7260603984147,96
2024-09-16 12:52:41.188000,416.7339240364364,1003
2024-09-16 12:52:41.189000,416.71454336452535,996
2024-09-16 12:52:41.223000,416.7082833748491,103
2024-09-16 12:52:41.228000,416.72757559393045,102
2024-09-16 12:52:41.257000,416.702226577657,14
2024-09-16 12:52:41.333000,416.6838941677463,5
2024-09-16 12:52:41.361000,416.6676107849378,12
2024-09-16 12:52:41.429000,416.6754071479723,13
2024-09-16 12:52:41.469000,416.77349187793226,102
2024-09-16 12:52:41.511000,416.7310653139088,995
2024-09-16 12:52:41.528000,416.7824723599075,97
2024-09-16 12:52:41.583000,416.6776121778133,1002
2024-09-16 12:52:41.644000,416.71127770803616,99
2024-09-16 12:52:41.656000,416.7153936832683,995
2024-09-16 12:52:41.668000,416.7267026363992,11
2024-09-16 12:52:41.698000,416.7018502546128,102
2024-09-16 12:52:41.844000,416.6968262161983,10
2024-09-16 12:52:41.878000,416.7640002675529,5
2024-09-16 12:52:41.913000,416.7385603013087,99
2024-09-16 12:52:41.952000,416.7258048812433,103
2024-09-16 12:52:41.975000,416.7560081604999,1004
2024-09-16 12:52:41.992000,416.7320857965011,999
2024-09-16 12:52:41.993000,416.6976930955031,8
2024-09-16 12:52:43.079000,416.8109267425421,11
2024-09-16 12:52:43.177000,416.8074624469826,10
2024-09-16 12:52:43.190000,416.7933688426438,5
2024-09-16 12:52:43.247000,416.79698528559135,995
2024-09-16 12:52:43.320000,416.803639170175,1005
2024-09-16 12:52:43.329000,416.76965629935313,10
2024-09-16 12:52:43.569000,416.7767720207484,13
2024-09-16 12:52:43.635000,416.8231206549979,996
2024-09-16 12:52:43.731000,416.7921273305657,1002
2024-09-16 12:52:43.878000,416.8052282553011,105
2024-09-16 12:52:43.946000,416.7931085254512,13
2024-09-16 12:52:43.995000,416.79106840780247,8
2024-09-16 12:52:44.046000,416.7963353857565,96
2024-09-16 12:52:44.410000,416.7933123086104,98
2024-09-16 12:52:44.747000,416.78149366182896,102
2024-09-16 12:52:44.771000,416.7925488915025,99
2024-09-16 12:52:44.994000,416.7827259573506,95
2024-09-16 12:52:45.050000,416.7961357419565,11
2024-09-16 12:52:45.089000,416.7707925551008,10
2024-09-16 12:52:45.330000,416.7850052515906,6
2024-09-16 12:52:45.637000,416.7852188573864,998
2024-09-16 12:52:45.638000,416.7789715790236,999
2024-09-16 12:52:45.653000,416.7856780045948,1005
2024-09-16 12:52:45.678000,416.8043205506139,997
2024-09-16 12:52:45.704000,416.78072284419153,1000
2024-09-16 12:52:45.770000,416.79045059922026,14
2024-09-16 12:52:45.936000,416.7883542366795,96
2024-09-16 12:52:45.972000,416.7862492824641,1003
2024-09-16 12:52:46.015000,416.7535717136085,96
2024-09-16 12:52:46.070000,416.7513716472711,100
2024-09-16 12:52:46.075000,416.7655175840324,101
2024-09-16 12:52:46.084000,416.6917907977154,995
2024-09-16 12:52:46.107000,416.6823434070404,1004
2024-09-16 12:52:46.167000,416.7035409697833,1005
2024-09-16 12:52:46.213000,416.695352149849,102
2024-09-16 12:52:46.218000,416.7348634860668,96
2024-09-16 12:52:46.246000,416.71225886240506,101
2024-09-16 12:52:46.249000,416.69371552135726,999
2024-09-16 12:52:46.253000,416.7113157030501,1001
2024-09-16 12:52:46.296000,416.70792017938913,14
2024-09-16 12:52:46.317000,416.7306236546348,999
2024-09-16 12:52:46.338000,416.6815436954212,14
2024-09-16 12:52:46.341000,416.7591815478065,12
2024-09-16 12:52:46.347000,416.7250826708891,9
2024-09-16 12:52:46.396000,416.737192370216,96
2024-09-16 12:52:46.428000,416.709452172929,7
2024-09-16 12:52:46.550000,416.6970396395904,95
2024-09-16 12:52:46.561000,416.7497744051168,5
2024-09-16 12:52:46.587000,416.72766034994856,1004
2024-09-16 12:52:46.665000,416.69551161229424,14
2024-09-16 12:52:46.682000,416.7534487072256,12
2024-09-16 12:52:46.712000,416.7339601246273,102
2024-09-16 12:52:46.728000,416.7201168820471,104
2024-09-16 12:52:46.817000,416.7057385046484,97
2024-09-16 12:52:46.911000,416.7235230676784,98
2024-09-16 12:52:46.991000,416.73916487420473,6
2024-09-16 12:52:47.103000,416.709780182301,1000
2024-09-16 12:52:47.111000,416.7304089329188,1000
2024-09-16 12:52:47.154000,416.7280736743465,102
2024-09-16 12:52:47.178000,416.7230202141017,100
2024-09-16 12:52:47.571000,416.7243046225833,998
2024-09-16 12:52:47.615000,416.71172999025873,1000
2024-09-16 12:52:47.844000,416.712184987777,1005
2024-09-16 12:52:48.128000,416.6776582233335,1000
2024-09-16 12:52:48.218000,416.72872733262415,9
2024-09-16 12:52:48.306000,416.7364839148965,10
2024-09-16 12:52:48.318000,416.68750191171847,9
2024-09-16 12:52:48.368000,416.7086020600275,6
2024-09-16 12:52:48.381000,416.6770559161081,104
2024-09-16 12:52:48.493000,416.7226682247416,5
2024-09-16 12:52:48.695000,416.7203992833548,11
2024-09-16 12:52:48.841000,416.6968071613757,103
2024-09-16 12:52:48.853000,416.7383101755517,1001
2024-09-16 12:52:48.909000,416.6957930468995,5
2024-09-16 12:52:48.965000,416.7332884633586,15
2024-09-16 12:52:49.015000,416.71227734120174,1004
2024-09-16 12:52:49.063000,416.7233903491591,996
2024-09-16 12:52:49.069000,416.75704268148377,14
2024-09-16 12:52:49.082000,416.7012196421084,12
2024-09-16 12:52:49.142000,416.7300411074215,99
2024-09-16 12:52:49.147000,416.72023226195375,102
2024-09-16 12:52:49.159000,416.701036753993,97
2024-09-16 12:52:49.262000,416.7402220361592,8
2024-09-16 12:52:49.323000,416.7091317638286,998
2024-09-16 12:52:49.347000,416.7010030164937,8
2024-09-16 12:52:49.531000,416.741663474925,97
2024-09-16 12:52:49.638000,416.7533840504023,13
2024-09-16 12:52:49.687000,416.70675643246045,98
2024-09-16 12:52:49.696000,416.6865836989519,99
2024-09-16 12:52:49.724000,416.73211300202416,7
2024-09-16 12:52:49.820000,416.71751904273856,5
2024-09-16 12:52:49.854000,416.73587603947306,1001
2024-09-16 12:52:49.982000,416.7339785235856,97
2024-09-16 12:52:50.031000,416.7035908122447,100
2024-09-16 12:52:50.137000,416.7533714744739,99
2024-09-16 12:52:50.149000,416.7286384524968,7
2024-09-16 12:52:50.173000,416.75975293499135,1005
2024-09-16 12:52:50.183000,416.743706405276,9
2024-09-16 12:52:50.189000,416.6846914464636,8
2024-09-16 12:52:50.203000,416.724860908447,1003
2024-09-16 12:52:50.205000,416.7622462691768,998
2024-09-16 12:52:50.214000,416.74539441547984,14
2024-09-16 12:52:50.231000,416.6954043504356,996
2024-09-16 12:52:50.251000,416.6939261556385,14
2024-09-16 12:52:50.277000,416.7371976531252,1003
2024-09-16 12:52:50.358000,416.6937421150034,1000
2024-09-16 12:52:50.376000,416.6532050667989,99
2024-09-16 12:52:50.400000,416.7231111931173,995
2024-09-16 12:52:50.438000,416.6903523123618,103
2024-09-16 12:52:50.441000,416.70811902029874,103
2024-09-16 12:52:50.444000,416.7298251166526,9
2024-09-16 12:52:50.473000,416.7144841442778,103
2024-09-16 12:52:50.610000,416.694720924215,996
2024-09-16 12:52:50.624000,416.688712772746,12
2024-09-16 12:52:50.705000,416.731091192493,9
2024-09-16 12:52:50.719000,416.7064814993839,99
2024-09-16 12:52:50.725000,416.7476341633754,102
2024-09-16 12:52:50.838000,416.7446711140741,7
2024-09-16 12:52:50.988000,416.74989886102895,105
2024-09-16 12:52:52.009000,416.6027270236625,105
2024-09-16 12:52:52.083000,416.6264490114683,14
2024-09-16 12:52:52.113000,416.6226914156532,1004
2024-09-16 12:52:52.213000,416.61238081810393,998
2024-09-16 12:52:52.518000,416.6199956540815,1005
2024-09-16 12:52:52.552000,416.606093844418,5
2024-09-16 12:52:52.576000,416.6041498236559,104
2024-09-16 12:52:52.616000,416.6241042816631,7
2024-09-16 12:52:52.685000,416.6226435327444,98
2024-09-16 12:52:53.067000,416.58210091293336,100
2024-09-16 12:52:53.087000,416.5803502519289,103
2024-09-16 12:52:53.120000,416.6097892268633,13
2024-09-16 12:52:53.132000,416.5789984497185,998
2024-09-16 12:52:53.146000,416.5736469028886,95
2024-09-16 12:52:53.245000,416.5657374578482,8
2024-09-16 12:52:53.330000,416.5783245997448,1004
2024-09-16 12:52:53.352000,416.57734128199655,98
2024-09-16 12:52:53.364000,416.5595231250289,9
2024-09-16 12:52:53.415000,416.57249402498667,6
2024-09-16 12:52:53.464000,416.57121674217655,104
2024-09-16 12:52:53.559000,416.6076178934869,1003
2024-09-16 12:52:53.560000,416.5920125823396,10
2024-09-16 12:52:53.598000,416.60627614491386,99
2024-09-16 12:52:53.641000,416.5795064043265,8
2024-09-16 12:52:53.670000,416.5551202506978,1001
2024-09-16 12:52:53.776000,416.562389316521,105
2024-09-16 12:52:53.880000,416.5800104297487,7
2024-09-16 12:52:53.953000,416.5755108346255,13
2024-09-16 12:52:55.038000,416.5189141868078,1001
2024-09-16 12:52:55.080000,416.5367843643424,97
2024-09-16 12:52:55.091000,416.59589886175553,96
2024-09-16 12:52:55.106000,416.51448396549233,99
2024-09-16 12:52:55.106000,416.5705046804907,7
2024-09-16 12:52:55.162000,416.5833997479581,101
2024-09-16 12:52:55.213000,416.52510745729575,101
2024-09-16 12:52:55.214000,416.5894800143222,8
2024-09-16 12:52:55.218000,416.5223433233272,996
2024-09-16 12:52:55.221000,416.5553449499223,997
2024-09-16 12:52:55.237000,416.5267765955506,1005
2024-09-16 12:52:55.242000,416.6038809159709,95
2024-09-16 12:52:55.251000,416.5446398206004,103
2024-09-16 12:52:55.263000,416.5371195618988,1005
2024-09-16 12:52:55.323000,416.5979177024278,97
2024-09-16 12:52:55.448000,416.55857055381387,6
2024-09-16 12:52:55.569000,416.5958505104555,100
2024-09-16 12:52:55.580000,416.5836319941152,999
2024-09-16 12:52:55.591000,416.57103040051607,1000
2024-09-16 12:52:55.621000,416.5418192081663,14
2024-09-16 12:52:55.627000,416.5289399451342,100
2024-09-16 12:52:55.666000,416.5437075405096,8
2024-09-16 12:52:55.726000,416.5365661236869,1004
2024-09-16 12:52:55.732000,416.54880931124296,1003
2024-09-16 12:52:55.733000,416.5739478573249,1000
2024-09-16 12:52:55.829000,416.5858267019735,7
2024-09-16 12:52:55.846000,416.5403032463045,104
2024-09-16 12:52:55.898000,416.52343220310775,96
2024-09-16 12:52:55.973000,416.5936118508008,7
2024-09-16 12:52:56.284000,416.544336030574,8
2024-09-16 12:52:56.505000,416.5357601700556,1003
2024-09-16 12:52:56.673000,416.5365835409918,98
2024-09-16 12:52:56.702000,416.5548990727229,101
2024-09-16 12:52:56.738000,416.5439319511948,15
2024-09-16 12:52:56.792000,416.5546134381931,14
2024-09-16 12:52:56.937000,416.5436511918839,102
2024-09-16 12:52:57.037000,416.516822738672,9
2024-09-16 12:52:57.175000,416.5118589242408,100
2024-09-16 12:52:57.280000,416.5106755434276,1005
2024-09-16 12:52:57.909000,416.5114932835884,103
2024-09-16 12:52:58.033000,416.49706888015055,97
2024-09-16 12:52:58.062000,416.48278957458047,996
2024-09-16 12:52:58.251000,416.5174838210874,102
2024-09-16 12:52:58.271000,416.5245311196336,998
2024-09-16 12:52:58.272000,416.4984374905119,12
2024-09-16 12:52:58.389000,416.503427343805,105
2024-09-16 12:52:58.432000,416.4903504684108,1000
2024-09-16 12:52:58.452000,416.5032152530177,1001
2024-09-16 12:52:58.562000,416.5220948414087,99
2024-09-16 12:52:58.623000,416.474591737559,1001
2024-09-16 12:52:58.647000,416.5036025602938,102
2024-09-16 12:52:58.661000,416.5028436500925,996
2024-09-16 12:52:58.689000,416.5001314561419,13
2024-09-16 12:52:58.777000,416.4993822979576,1005
2024-09-16 12:52:58.969000,416.4652050584909,999
2024-09-16 12:52:58.972000,416.5136304641565,104
2024-09-16 12:52:59.004000,416.46752135432666,11
2024-09-16 12:52:59.054000,416.4023304173276,999
2024-09-16 12:52:59.116000,416.3934596648612,1004
2024-09-16 12:52:59.141000,416.3848445387732,998
2024-09-16 12:52:59.147000,416.450315990712,95
2024-09-16 12:52:59.155000,416.4021342559967,100
2024-09-16 12:52:59.161000,416.40990510212873,1004
2024-09-16 12:52:59.171000,416.4066049866596,9
2024-09-16 12:52:59.269000,416.45071359081095,100
2024-09-16 12:52:59.293000,416.4172660997381,15
2024-09-16 12:52:59.347000,416.4553899655623,13
2024-09-16 12:52:59.355000,416.3977203472641,1004
2024-09-16 12:52:59.419000,416.3957395331141,98
2024-09-16 12:52:59.453000,416.3696712393999,105
2024-09-16 12:52:59.546000,416.4002098743377,99
2024-09-16 12:52:59.579000,416.3956417982012,1003
2024-09-16 12:52:59.674000,416.40675241239273,1001
2024-09-16 12:52:59.762000,416.4041783582725,96
2024-09-16 12:52:59.771000,416.4255076054908,997
2024-09-16 12:52:59.807000,416.39672669288274,102
2024-09-16 12:52:59.825000,416.4060289595161,11
2024-09-16 12:52:59.840000,416.3852854911414,100
2024-09-16 12:52:59.882000,416.3803460137234,101
2024-09-16 12:52:59.948000,416.38761908329946,996
2024-09-16 12:52:59.981000,416.4100521324632,14
2024-09-16 12:52:59.985000,416.42808345655305,15
2024-09-16 12:52:59.989000,416.3959159110143,1002
