Timestamp,Price,Size
2024-09-16 13:10:00.017000,416.00615265141903,10
2024-09-16 13:10:00.019000,415.9756621397913,103
2024-09-16 13:10:00.021000,416.0216170381568,102
2024-09-16 13:10:00.052000,415.9971240658883,105
2024-09-16 13:10:00.128000,416.0132527320392,5
2024-09-16 13:10:00.131000,415.9993215404271,1000
2024-09-16 13:10:00.260000,416.042853113763,101
2024-09-16 13:10:00.310000,415.9705613008225,11
2024-09-16 13:10:00.394000,416.0133673705728,98
2024-09-16 13:10:00.399000,415.9516140777508,1001
2024-09-16 13:10:00.471000,416.02861514491815,14
2024-09-16 13:10:00.496000,415.99460682108446,101
2024-09-16 13:10:00.567000,416.0165369291326,104
2024-09-16 13:10:00.610000,415.9598569498898,1005
2024-09-16 13:10:00.612000,416.0641699535527,1000
2024-09-16 13:10:00.623000,415.9525133225541,99
2024-09-16 13:10:00.766000,416.0687848155931,10
2024-09-16 13:10:00.772000,416.03077758356994,8
2024-09-16 13:10:00.787000,416.0182910838373,13
2024-09-16 13:10:00.804000,416.0019734147947,13
2024-09-16 13:10:00.827000,415.96750638986447,97
2024-09-16 13:10:00.853000,415.9751068378214,1002
2024-09-16 13:10:00.865000,416.00170244011696,98
2024-09-16 13:10:00.910000,416.0038342155872,12
2024-09-16 13:10:00.911000,416.00344254493183,13
2024-09-16 13:10:00.921000,416.070110870519,999
2024-09-16 13:10:00.953000,415.98666014769583,999
2024-09-16 13:10:00.956000,415.9795866322421,1001
2024-09-16 13:10:00.958000,415.9879661742853,995
2024-09-16 13:10:01.012000,415.9615621258102,12
2024-09-16 13:10:01.018000,415.9511418409947,7
2024-09-16 13:10:01.084000,416.0148808848814,995
2024-09-16 13:10:01.120000,415.9699972590638,95
2024-09-16 13:10:01.160000,415.9473732023828,997
2024-09-16 13:10:01.187000,415.95449524537895,98
2024-09-16 13:10:01.193000,416.0404176056288,999
2024-09-16 13:10:01.201000,416.03281477553566,997
2024-09-16 13:10:01.207000,415.96013005290666,104
2024-09-16 13:10:01.220000,415.959812621922,104
2024-09-16 13:10:01.263000,415.9886253772432,996
2024-09-16 13:10:01.308000,415.9603318785937,103
2024-09-16 13:10:01.404000,415.9391354802796,97
2024-09-16 13:10:01.435000,415.9697519861235,12
2024-09-16 13:10:01.448000,415.9484065553695,105
2024-09-16 13:10:01.472000,416.0205090005273,10
2024-09-16 13:10:01.497000,415.9977222846482,1000
2024-09-16 13:10:01.510000,415.956003986604,14
2024-09-16 13:10:01.560000,416.0180074482569,997
2024-09-16 13:10:01.622000,416.0002644807609,12
2024-09-16 13:10:01.629000,415.96175700707465,1002
2024-09-16 13:10:01.685000,416.0245524403149,997
2024-09-16 13:10:01.709000,415.9561601208077,997
2024-09-16 13:10:01.729000,416.0172315670276,998
2024-09-16 13:10:01.835000,415.9555648279179,102
2024-09-16 13:10:01.905000,415.97780921281486,102
2024-09-16 13:10:01.906000,415.96537799927455,1003
2024-09-16 13:10:01.948000,416.006700152664,11
2024-09-16 13:10:01.973000,415.947451155838,15
2024-09-16 13:10:02.047000,415.9493475980107,1001
2024-09-16 13:10:02.081000,415.9342071735469,12
2024-09-16 13:10:02.150000,415.92642629236536,98
2024-09-16 13:10:02.231000,415.91765738816326,99
2024-09-16 13:10:02.245000,415.9433766224218,1005
2024-09-16 13:10:02.283000,415.93317495654,98
2024-09-16 13:10:02.322000,415.923140977789,1001
2024-09-16 13:10:02.335000,415.9331339768116,9
2024-09-16 13:10:02.404000,415.9146247187954,96
2024-09-16 13:10:02.542000,415.9335006122485,97
2024-09-16 13:10:02.584000,415.912742222444,99
2024-09-16 13:10:02.676000,415.904050548708,11
2024-09-16 13:10:02.773000,415.928594131141,1000
2024-09-16 13:10:02.777000,415.943469883996,1004
2024-09-16 13:10:02.857000,415.9425061458691,97
2024-09-16 13:10:03.296000,415.9169767919469,1002
2024-09-16 13:10:03.347000,415.94191201357546,95
2024-09-16 13:10:03.527000,415.9569407200311,104
2024-09-16 13:10:03.527000,415.92352152436695,97
2024-09-16 13:10:03.597000,415.9386753006361,97
2024-09-16 13:10:03.737000,415.9272463756667,997
2024-09-16 13:10:03.745000,415.92696411369934,13
2024-09-16 13:10:03.822000,415.92183573775696,15
2024-09-16 13:10:03.943000,415.9528486337307,1001
2024-09-16 13:10:03.976000,415.9495942557282,9
2024-09-16 13:10:04.112000,415.8872388127265,998
2024-09-16 13:10:04.214000,415.8954653338585,1000
2024-09-16 13:10:04.290000,415.8724184078219,9
2024-09-16 13:10:04.296000,415.8754051980384,103
2024-09-16 13:10:04.305000,415.8798453929818,100
2024-09-16 13:10:04.341000,415.9004548031052,99
2024-09-16 13:10:04.412000,415.8841107490949,10
2024-09-16 13:10:04.428000,415.8942977668619,998
2024-09-16 13:10:04.496000,415.8783933278536,9
2024-09-16 13:10:04.547000,415.8974670779082,1002
2024-09-16 13:10:04.562000,415.9065639276796,102
2024-09-16 13:10:04.593000,415.92077526524656,98
2024-09-16 13:10:04.623000,415.88044430813153,100
2024-09-16 13:10:04.705000,415.8953375039875,999
2024-09-16 13:10:04.737000,415.8731902349884,101
2024-09-16 13:10:04.741000,415.8886696268296,14
2024-09-16 13:10:04.795000,415.8943323830321,996
2024-09-16 13:10:04.866000,415.8807787318413,995
2024-09-16 13:10:04.934000,415.8907375114597,1002
2024-09-16 13:10:05.023000,415.8598216521626,102
2024-09-16 13:10:05.051000,415.85102114927366,998
2024-09-16 13:10:05.079000,415.8668008937877,996
2024-09-16 13:10:05.137000,415.87145266290526,103
2024-09-16 13:10:05.153000,415.8463293821804,6
2024-09-16 13:10:05.190000,415.84691139194535,5
2024-09-16 13:10:05.197000,415.85224836556966,104
2024-09-16 13:10:05.236000,415.8399758660957,9
2024-09-16 13:10:05.320000,415.8483056567725,97
2024-09-16 13:10:05.554000,415.8623718175803,95
2024-09-16 13:10:05.608000,415.8538373159148,1001
2024-09-16 13:10:05.741000,415.8581864972675,8
2024-09-16 13:10:05.779000,415.8751113675745,96
2024-09-16 13:10:05.848000,415.8553489980184,13
2024-09-16 13:10:06.158000,415.879198884097,14
2024-09-16 13:10:06.296000,415.8520496933039,13
2024-09-16 13:10:06.320000,415.8630588653946,13
2024-09-16 13:10:06.416000,415.8750664163707,105
2024-09-16 13:10:06.419000,415.86092392768353,105
2024-09-16 13:10:06.507000,415.8418287605748,998
2024-09-16 13:10:06.680000,415.8702168658993,1002
2024-09-16 13:10:06.889000,415.86393431687065,14
2024-09-16 13:10:08.035000,415.9091734334319,105
2024-09-16 13:10:08.175000,415.9061769990342,5
2024-09-16 13:10:08.761000,415.8990170968233,98
2024-09-16 13:10:08.851000,415.9158852640148,996
2024-09-16 13:10:10.282000,415.9253246098532,997
2024-09-16 13:10:10.422000,415.93875437490976,1005
2024-09-16 13:10:10.537000,415.9254413357184,999
2024-09-16 13:10:11.037000,415.9231603086421,98
2024-09-16 13:10:11.075000,415.9335950082889,97
2024-09-16 13:10:11.541000,415.930300620587,103
2024-09-16 13:10:12.073000,416.0265154001988,15
2024-09-16 13:10:12.075000,415.9473151193772,997
2024-09-16 13:10:12.156000,415.932179532314,998
2024-09-16 13:10:12.205000,416.0338454626403,100
2024-09-16 13:10:12.223000,416.0414522819468,7
2024-09-16 13:10:12.321000,415.9592782567222,8
2024-09-16 13:10:12.339000,416.0092598148984,996
2024-09-16 13:10:12.439000,415.9588676687288,999
2024-09-16 13:10:12.497000,415.9339687004835,7
2024-09-16 13:10:12.521000,416.0235928213563,1001
2024-09-16 13:10:12.597000,415.9737631701316,103
2024-09-16 13:10:12.663000,415.9434847544448,1001
2024-09-16 13:10:12.670000,415.9282791263768,5
2024-09-16 13:10:12.675000,415.9745189935386,96
2024-09-16 13:10:12.720000,416.0050247509868,13
2024-09-16 13:10:12.753000,415.9609938251656,95
2024-09-16 13:10:12.767000,415.9859395994287,995
2024-09-16 13:10:12.890000,416.046534480779,104
2024-09-16 13:10:12.892000,415.9546148500029,96
2024-09-16 13:10:12.935000,416.02870366092543,6
2024-09-16 13:10:13.069000,416.0563588324714,12
2024-09-16 13:10:13.085000,416.0398055359806,10
2024-09-16 13:10:13.098000,416.023092071204,12
2024-09-16 13:10:13.166000,416.0414272294806,1004
2024-09-16 13:10:13.186000,416.03212058580607,14
2024-09-16 13:10:13.230000,416.0798025796873,1003
2024-09-16 13:10:13.329000,416.05804556906384,102
2024-09-16 13:10:13.336000,416.0150181579788,102
2024-09-16 13:10:13.355000,416.0683109150268,6
2024-09-16 13:10:13.361000,416.0129180962642,105
2024-09-16 13:10:13.393000,416.0168577306712,96
2024-09-16 13:10:13.475000,416.0220965402211,9
2024-09-16 13:10:13.484000,416.05449692067833,7
2024-09-16 13:10:13.488000,416.0526906261034,997
2024-09-16 13:10:13.540000,416.0341669950608,997
2024-09-16 13:10:13.637000,416.0747940188782,5
2024-09-16 13:10:13.722000,416.05096364905023,1002
2024-09-16 13:10:13.753000,416.04264695333535,7
2024-09-16 13:10:13.753000,416.0611206209665,10
2024-09-16 13:10:13.784000,416.0184736366962,1004
2024-09-16 13:10:13.829000,416.0500445030273,997
2024-09-16 13:10:13.850000,416.0438323813145,105
2024-09-16 13:10:13.959000,416.04162581811937,97
2024-09-16 13:10:14.014000,416.0941154507758,1003
2024-09-16 13:10:14.017000,416.1035668675996,999
2024-09-16 13:10:14.097000,416.1005276870199,101
2024-09-16 13:10:14.195000,416.1112786456538,7
2024-09-16 13:10:14.204000,416.108506532236,999
2024-09-16 13:10:14.298000,416.0663113905524,15
2024-09-16 13:10:14.361000,416.086834130699,1002
2024-09-16 13:10:14.406000,416.0837643321298,15
2024-09-16 13:10:14.412000,416.1079085273309,101
2024-09-16 13:10:14.415000,416.0744752676061,995
2024-09-16 13:10:14.428000,416.1085856921823,12
2024-09-16 13:10:14.448000,416.0600747317239,10
2024-09-16 13:10:14.475000,416.05822515513313,7
2024-09-16 13:10:14.482000,416.1000615214455,105
2024-09-16 13:10:14.615000,416.0927721424872,996
2024-09-16 13:10:14.631000,416.1211149876187,102
2024-09-16 13:10:14.720000,416.122207271261,102
2024-09-16 13:10:14.731000,416.11113784665486,15
2024-09-16 13:10:14.759000,416.1082746144514,100
2024-09-16 13:10:14.762000,416.08372764404027,8
2024-09-16 13:10:14.891000,416.0808232481153,995
2024-09-16 13:10:14.968000,416.090365119738,10
2024-09-16 13:10:14.979000,416.1175391613485,996
2024-09-16 13:10:15.118000,416.1282586017797,996
2024-09-16 13:10:15.466000,416.1130832395542,995
2024-09-16 13:10:16.014000,416.1007079147005,998
2024-09-16 13:10:16.062000,416.12056994116176,15
2024-09-16 13:10:16.081000,416.1418025763246,100
2024-09-16 13:10:16.185000,416.1225239388589,998
2024-09-16 13:10:16.352000,416.1198757934776,9
2024-09-16 13:10:16.594000,416.10699362694254,11
2024-09-16 13:10:16.801000,416.1241343550919,11
2024-09-16 13:10:16.931000,416.1503883951638,96
2024-09-16 13:10:17.142000,416.1284387392824,101
2024-09-16 13:10:17.195000,416.1530673676255,98
2024-09-16 13:10:17.309000,416.145648944006,12
2024-09-16 13:10:17.334000,416.1316500671681,98
2024-09-16 13:10:17.366000,416.1255044850755,103
2024-09-16 13:10:17.403000,416.1256888228637,1004
2024-09-16 13:10:17.443000,416.13732980217605,997
2024-09-16 13:10:17.452000,416.1108107260929,15
2024-09-16 13:10:17.463000,416.1470097313032,997
2024-09-16 13:10:17.506000,416.1252300215859,995
2024-09-16 13:10:17.512000,416.0707884127023,99
2024-09-16 13:10:17.523000,416.0911290734344,13
2024-09-16 13:10:17.549000,416.10742884798174,1004
2024-09-16 13:10:17.585000,416.11777210273215,100
2024-09-16 13:10:17.592000,416.1317551273359,6
2024-09-16 13:10:17.603000,416.14378810705625,105
2024-09-16 13:10:17.713000,416.10532539524434,10
2024-09-16 13:10:17.741000,416.0770203280203,102
2024-09-16 13:10:17.814000,416.1076311365063,1003
2024-09-16 13:10:17.821000,416.13278418094194,102
2024-09-16 13:10:17.825000,416.11101667100326,6
2024-09-16 13:10:18.041000,416.039782257435,998
2024-09-16 13:10:18.044000,416.06750844168135,14
2024-09-16 13:10:18.061000,416.07217339726856,7
2024-09-16 13:10:18.099000,416.0165971793173,10
2024-09-16 13:10:18.121000,416.0439381665941,9
2024-09-16 13:10:18.187000,416.08207666310847,1004
2024-09-16 13:10:18.245000,416.04510896913166,13
2024-09-16 13:10:18.276000,416.03842131270375,999
2024-09-16 13:10:18.345000,416.0843974449896,103
2024-09-16 13:10:18.378000,416.0515272109482,1002
2024-09-16 13:10:18.382000,416.0807190888325,1005
2024-09-16 13:10:18.401000,416.0394121165063,12
2024-09-16 13:10:18.428000,416.0813474550817,7
2024-09-16 13:10:18.451000,416.0408050237048,105
2024-09-16 13:10:18.460000,416.0647577324742,101
2024-09-16 13:10:18.597000,416.0766699476703,995
2024-09-16 13:10:18.640000,416.04626461754833,1004
2024-09-16 13:10:18.744000,416.0342275621181,105
2024-09-16 13:10:18.764000,416.0202962455973,97
2024-09-16 13:10:18.842000,416.0098540966403,995
2024-09-16 13:10:18.898000,416.09041203431127,996
2024-09-16 13:10:18.977000,416.07544435970726,100
2024-09-16 13:10:19.143000,416.09108281919526,95
2024-09-16 13:10:19.147000,416.0834956527123,1003
2024-09-16 13:10:19.184000,416.0752303030264,97
2024-09-16 13:10:19.221000,416.0947166390412,1002
2024-09-16 13:10:19.312000,416.0710694868884,105
2024-09-16 13:10:19.447000,416.0873535455082,100
2024-09-16 13:10:19.648000,416.0966061768505,8
2024-09-16 13:10:19.694000,416.1120760658773,98
2024-09-16 13:10:19.773000,416.0693965037791,996
2024-09-16 13:10:19.910000,416.1197510134716,5
2024-09-16 13:10:19.960000,416.08015419199023,102
2024-09-16 13:10:20.072000,416.1272327540034,1003
2024-09-16 13:10:20.105000,416.0960348954517,1000
2024-09-16 13:10:20.109000,416.0959933073695,11
2024-09-16 13:10:20.524000,416.10380980299817,11
2024-09-16 13:10:20.556000,416.1208320644405,7
2024-09-16 13:10:20.750000,416.1323955249581,101
2024-09-16 13:10:20.786000,416.1363399582515,1000
2024-09-16 13:10:20.899000,416.1163511388344,1002
2024-09-16 13:10:20.960000,416.0958351551948,99
2024-09-16 13:10:21.191000,416.1234189036881,5
2024-09-16 13:10:22.054000,416.1438524848376,101
2024-09-16 13:10:22.332000,416.1069913651053,15
2024-09-16 13:10:22.409000,416.09921106722845,95
2024-09-16 13:10:22.663000,416.09660971741175,5
2024-09-16 13:10:22.700000,416.1526996244304,998
2024-09-16 13:10:22.720000,416.12608918211487,99
2024-09-16 13:10:22.848000,416.15074438521737,100
2024-09-16 13:10:22.904000,416.1042175740276,1002
2024-09-16 13:10:22.924000,416.1247868334469,1003
2024-09-16 13:10:22.994000,416.1340082762774,999
2024-09-16 13:10:23.009000,416.14025868404,998
2024-09-16 13:10:23.041000,416.1722038329896,1001
2024-09-16 13:10:23.053000,416.1864348220618,7
2024-09-16 13:10:23.167000,416.1433777686227,98
2024-09-16 13:10:23.486000,416.1863210061569,104
2024-09-16 13:10:23.590000,416.183324324624,13
2024-09-16 13:10:23.648000,416.1203263380854,995
2024-09-16 13:10:23.690000,416.1749568778336,15
2024-09-16 13:10:23.874000,416.12896538462553,996
2024-09-16 13:10:24.022000,416.2237821512393,101
2024-09-16 13:10:24.088000,416.2086716654868,100
2024-09-16 13:10:24.162000,416.2175114579117,96
2024-09-16 13:10:24.181000,416.2399916214353,14
2024-09-16 13:10:24.226000,416.170357304869,995
2024-09-16 13:10:24.311000,416.19428549694976,96
2024-09-16 13:10:24.312000,416.1895114838435,995
2024-09-16 13:10:24.314000,416.1545010055689,8
2024-09-16 13:10:24.321000,416.2234752412159,7
2024-09-16 13:10:24.352000,416.1547391307101,102
2024-09-16 13:10:24.363000,416.1579218226464,1002
2024-09-16 13:10:24.383000,416.2466450426657,98
2024-09-16 13:10:24.459000,416.1456630821056,97
2024-09-16 13:10:24.473000,416.252745667538,100
2024-09-16 13:10:24.482000,416.1592307322693,98
2024-09-16 13:10:24.516000,416.24983684950894,5
2024-09-16 13:10:24.546000,416.24211951070816,1001
2024-09-16 13:10:24.569000,416.2897790955609,96
2024-09-16 13:10:24.613000,416.2187767147315,996
2024-09-16 13:10:24.677000,416.1507783472468,101
2024-09-16 13:10:24.804000,416.2769865723896,9
2024-09-16 13:10:24.828000,416.24814085487714,995
2024-09-16 13:10:24.844000,416.1471859086748,97
2024-09-16 13:10:24.883000,416.22865402156793,96
2024-09-16 13:10:24.925000,416.1407446170241,6
2024-09-16 13:10:24.926000,416.22791950947664,1005
2024-09-16 13:10:24.947000,416.2521797132795,99
2024-09-16 13:10:24.949000,416.21219619626686,1001
2024-09-16 13:10:24.972000,416.2634559230536,7
2024-09-16 13:10:25.020000,416.1437615223445,996
2024-09-16 13:10:25.059000,416.15637498676494,104
2024-09-16 13:10:25.073000,416.2125086932384,100
2024-09-16 13:10:25.197000,416.2030835316588,10
2024-09-16 13:10:25.200000,416.2151261175022,101
2024-09-16 13:10:25.273000,416.225554872969,997
2024-09-16 13:10:25.343000,416.1757401544299,15
2024-09-16 13:10:25.355000,416.21339446202745,997
2024-09-16 13:10:25.412000,416.15835140275976,997
2024-09-16 13:10:25.442000,416.2073911999134,105
2024-09-16 13:10:25.544000,416.2297588855892,10
2024-09-16 13:10:25.592000,416.1985791866877,6
2024-09-16 13:10:25.596000,416.2034579310399,998
2024-09-16 13:10:25.610000,416.206893845525,1000
2024-09-16 13:10:25.745000,416.1740865963328,98
2024-09-16 13:10:25.759000,416.1952044152495,95
2024-09-16 13:10:25.851000,416.153691813394,98
2024-09-16 13:10:25.924000,416.1973108408208,999
2024-09-16 13:10:25.952000,416.2063702752429,96
2024-09-16 13:10:25.954000,416.1939762475294,101
2024-09-16 13:10:25.989000,416.2197186459785,95
2024-09-16 13:10:26.077000,416.2523268694908,100
2024-09-16 13:10:26.208000,416.20760359855205,95
2024-09-16 13:10:26.467000,416.2313337517939,99
2024-09-16 13:10:26.599000,416.2390680697425,98
2024-09-16 13:10:26.930000,416.24709182978097,101
2024-09-16 13:10:27.034000,416.2043956537561,15
2024-09-16 13:10:27.044000,416.2198931045885,104
2024-09-16 13:10:27.059000,416.2022522185689,96
2024-09-16 13:10:27.060000,416.2018928343506,1005
2024-09-16 13:10:27.169000,416.2073450746036,1004
2024-09-16 13:10:27.185000,416.2333036366204,105
2024-09-16 13:10:27.334000,416.1893903055668,1005
2024-09-16 13:10:27.387000,416.2082121387962,997
2024-09-16 13:10:27.514000,416.1601591862161,14
2024-09-16 13:10:27.571000,416.2049962379475,1004
2024-09-16 13:10:27.661000,416.15641302091495,99
2024-09-16 13:10:27.726000,416.1678466514692,11
2024-09-16 13:10:27.754000,416.2097276137296,97
2024-09-16 13:10:27.772000,416.2031124976932,1002
2024-09-16 13:10:27.815000,416.1824308011696,1003
2024-09-16 13:10:27.978000,416.1771891676594,1000
2024-09-16 13:10:27.988000,416.206184675214,999
2024-09-16 13:10:28.654000,416.145685062267,997
2024-09-16 13:10:29.065000,416.1846097622423,995
2024-09-16 13:10:29.073000,416.1876552581485,1001
2024-09-16 13:10:29.081000,416.1886967806704,5
2024-09-16 13:10:29.157000,416.1827299324813,12
2024-09-16 13:10:29.162000,416.1746740666565,1002
2024-09-16 13:10:29.203000,416.1572461198433,15
2024-09-16 13:10:29.216000,416.1814922766627,98
2024-09-16 13:10:29.217000,416.1751907060601,997
2024-09-16 13:10:29.219000,416.17828815307007,1002
2024-09-16 13:10:29.390000,416.1966201087016,1001
2024-09-16 13:10:29.532000,416.1855870624101,15
2024-09-16 13:10:29.551000,416.1851465507521,14
2024-09-16 13:10:29.578000,416.16741728248167,102
2024-09-16 13:10:29.590000,416.1578714625481,1003
2024-09-16 13:10:29.631000,416.1986683791861,7
2024-09-16 13:10:29.664000,416.18230398563264,102
2024-09-16 13:10:29.677000,416.1579495340649,105
2024-09-16 13:10:29.691000,416.2175598604487,96
2024-09-16 13:10:29.697000,416.1760101584764,10
2024-09-16 13:10:29.711000,416.159301328478,98
2024-09-16 13:10:29.717000,416.1944762329428,998
2024-09-16 13:10:29.784000,416.1548395299764,95
2024-09-16 13:10:29.797000,416.1594416552227,1003
2024-09-16 13:10:29.839000,416.153647973252,1004
2024-09-16 13:10:29.861000,416.174333009258,5
2024-09-16 13:10:29.880000,416.1791225352511,9
2024-09-16 13:10:29.887000,416.15866283017135,1004
2024-09-16 13:10:29.939000,416.1765875475602,1005
2024-09-16 13:10:30.080000,416.1681858246593,98
2024-09-16 13:10:31.041000,416.1601786903655,13
2024-09-16 13:10:31.125000,416.1601480730885,1003
2024-09-16 13:10:31.131000,416.1800399668841,996
2024-09-16 13:10:31.225000,416.1651819250034,13
2024-09-16 13:10:31.249000,416.1588390237141,995
2024-09-16 13:10:31.552000,416.151241732003,1002
2024-09-16 13:10:31.816000,416.1574450999481,99
2024-09-16 13:10:31.829000,416.1690759693005,103
2024-09-16 13:10:31.992000,416.168369915687,103
2024-09-16 13:10:32.061000,416.1815074689727,102
2024-09-16 13:10:32.176000,416.1793346122433,12
2024-09-16 13:10:32.200000,416.17825056518063,7
2024-09-16 13:10:32.215000,416.163669278609,1004
2024-09-16 13:10:32.296000,416.1865261651836,996
2024-09-16 13:10:32.329000,416.18222790509446,999
2024-09-16 13:10:32.380000,416.173001057745,96
2024-09-16 13:10:32.424000,416.1771183201208,15
2024-09-16 13:10:32.468000,416.1926508929195,996
2024-09-16 13:10:32.545000,416.1746728170554,6
2024-09-16 13:10:32.580000,416.1685802329025,1001
2024-09-16 13:10:32.763000,416.1883757198461,998
2024-09-16 13:10:32.873000,416.1832498439003,101
2024-09-16 13:10:32.926000,416.1674288243033,1005
2024-09-16 13:10:33.021000,416.208091980046,104
2024-09-16 13:10:33.076000,416.2036956045823,9
2024-09-16 13:10:33.135000,416.2123363361253,103
2024-09-16 13:10:33.163000,416.2260149964559,11
2024-09-16 13:10:33.388000,416.21138550086886,1005
2024-09-16 13:10:33.543000,416.223082444889,1003
2024-09-16 13:10:33.574000,416.228654988846,14
2024-09-16 13:10:33.621000,416.2174013384844,12
2024-09-16 13:10:33.641000,416.23908793756783,103
2024-09-16 13:10:33.751000,416.21226063815226,103
2024-09-16 13:10:33.772000,416.2100062061024,1003
2024-09-16 13:10:35.093000,416.2642912886489,1005
2024-09-16 13:10:35.159000,416.2401528368045,103
2024-09-16 13:10:35.189000,416.2801888628868,105
2024-09-16 13:10:35.223000,416.23875811182666,9
2024-09-16 13:10:35.300000,416.24392632763073,12
2024-09-16 13:10:35.306000,416.276745190503,12
2024-09-16 13:10:35.424000,416.2273243814776,9
2024-09-16 13:10:35.493000,416.2865862685919,15
2024-09-16 13:10:35.507000,416.2312453590183,101
2024-09-16 13:10:35.533000,416.2894758337652,997
2024-09-16 13:10:35.539000,416.24752935391496,11
2024-09-16 13:10:35.563000,416.2805688594842,999
2024-09-16 13:10:35.574000,416.2161978395051,102
2024-09-16 13:10:35.630000,416.230698233218,100
2024-09-16 13:10:35.744000,416.3077226753032,997
2024-09-16 13:10:35.763000,416.22080057452,8
2024-09-16 13:10:35.798000,416.2531585042619,1002
2024-09-16 13:10:35.836000,416.2950136268502,1001
2024-09-16 13:10:35.837000,416.207037204432,12
2024-09-16 13:10:35.879000,416.3209234505091,997
2024-09-16 13:10:36.012000,416.29967767605206,6
2024-09-16 13:10:36.053000,416.32919587944775,10
2024-09-16 13:10:36.338000,416.3496215824517,13
2024-09-16 13:10:36.440000,416.3230301372462,99
2024-09-16 13:10:36.713000,416.3454933291188,104
2024-09-16 13:10:36.787000,416.3305704478619,8
2024-09-16 13:10:37.108000,416.3171361242281,99
2024-09-16 13:10:37.142000,416.3138604197858,10
2024-09-16 13:10:37.156000,416.3264342295979,1003
2024-09-16 13:10:37.176000,416.3625858815719,9
2024-09-16 13:10:37.248000,416.3274927261716,999
2024-09-16 13:10:37.293000,416.3031039487608,1002
2024-09-16 13:10:37.495000,416.3169511375801,998
2024-09-16 13:10:37.552000,416.33652390195937,1002
2024-09-16 13:10:37.572000,416.3768996349319,98
2024-09-16 13:10:37.612000,416.3285329783944,1000
2024-09-16 13:10:37.631000,416.3500675080766,5
2024-09-16 13:10:37.656000,416.350775350166,102
2024-09-16 13:10:37.893000,416.3310635586402,995
2024-09-16 13:10:37.932000,416.32783309464656,105
2024-09-16 13:10:37.962000,416.3044505806219,999
2024-09-16 13:10:38.071000,416.3686210505909,95
2024-09-16 13:10:38.156000,416.3330387204408,8
2024-09-16 13:10:38.178000,416.3560335612042,99
2024-09-16 13:10:38.209000,416.3528538194125,99
2024-09-16 13:10:38.235000,416.3646399590805,7
2024-09-16 13:10:38.355000,416.3427101049589,7
2024-09-16 13:10:38.390000,416.3374447633564,5
2024-09-16 13:10:38.420000,416.354795637786,995
2024-09-16 13:10:38.424000,416.3390244184584,1003
2024-09-16 13:10:38.446000,416.3292750339571,12
2024-09-16 13:10:38.482000,416.3365518555776,1000
2024-09-16 13:10:38.515000,416.33959140185306,14
2024-09-16 13:10:38.623000,416.3132935401363,1004
2024-09-16 13:10:38.685000,416.3563550361664,101
2024-09-16 13:10:38.810000,416.3147812259808,13
2024-09-16 13:10:38.873000,416.3542423316691,105
2024-09-16 13:10:38.971000,416.3351482601021,995
2024-09-16 13:10:39.018000,416.3230617560061,97
2024-09-16 13:10:39.115000,416.3495492061605,998
2024-09-16 13:10:39.345000,416.3106798557627,13
2024-09-16 13:10:39.347000,416.3416127410693,1001
2024-09-16 13:10:39.362000,416.3345130222186,8
2024-09-16 13:10:39.364000,416.32698761104473,1004
2024-09-16 13:10:39.486000,416.3116260021402,97
2024-09-16 13:10:39.603000,416.3354550152901,1005
2024-09-16 13:10:39.842000,416.3193350142062,9
2024-09-16 13:10:39.882000,416.33023118963575,998
2024-09-16 13:10:39.884000,416.3139275520598,7
2024-09-16 13:10:39.932000,416.32039819116494,96
2024-09-16 13:10:40.076000,416.3376447150373,6
2024-09-16 13:10:40.208000,416.30882201150456,105
2024-09-16 13:10:40.213000,416.31594824899855,104
2024-09-16 13:10:40.228000,416.3347011006042,9
2024-09-16 13:10:40.336000,416.352487180201,996
2024-09-16 13:10:40.395000,416.3287813715239,1001
2024-09-16 13:10:40.400000,416.3158579137313,103
2024-09-16 13:10:40.493000,416.3586243619735,97
2024-09-16 13:10:40.550000,416.3220210758315,9
2024-09-16 13:10:40.633000,416.3024100485397,102
2024-09-16 13:10:40.716000,416.34056547149,14
2024-09-16 13:10:40.777000,416.34628284085136,103
2024-09-16 13:10:40.937000,416.33715696634886,995
2024-09-16 13:10:40.959000,416.3174809306567,5
2024-09-16 13:10:41.052000,416.3253773157289,104
2024-09-16 13:10:41.088000,416.357451603466,8
2024-09-16 13:10:41.128000,416.3504205322453,104
2024-09-16 13:10:41.133000,416.3281532062185,1003
2024-09-16 13:10:41.133000,416.2880981837055,97
2024-09-16 13:10:41.242000,416.336974039198,103
2024-09-16 13:10:41.417000,416.3642699135012,10
2024-09-16 13:10:41.510000,416.32748519624215,104
2024-09-16 13:10:41.546000,416.3266352009419,998
2024-09-16 13:10:41.557000,416.32399985185634,5
2024-09-16 13:10:41.597000,416.3268935589957,9
2024-09-16 13:10:41.603000,416.32003156773607,99
2024-09-16 13:10:41.727000,416.3111696621373,101
2024-09-16 13:10:41.760000,416.3646806297581,10
2024-09-16 13:10:41.824000,416.3621091972849,1000
2024-09-16 13:10:41.885000,416.298952340212,8
2024-09-16 13:10:41.957000,416.31664169292617,102
2024-09-16 13:10:41.964000,416.35641660189503,99
2024-09-16 13:10:41.974000,416.2998103549498,10
2024-09-16 13:10:42.023000,416.3154022708741,100
2024-09-16 13:10:42.075000,416.3066739437987,99
2024-09-16 13:10:42.251000,416.32793930376033,1004
2024-09-16 13:10:42.308000,416.3228239912676,98
2024-09-16 13:10:42.448000,416.3030246675544,98
2024-09-16 13:10:42.602000,416.3144242044405,1002
2024-09-16 13:10:42.622000,416.3075595999626,1001
2024-09-16 13:10:42.741000,416.3009199190296,13
2024-09-16 13:10:42.854000,416.3320795678901,10
2024-09-16 13:10:42.857000,416.3219670775604,101
2024-09-16 13:10:42.894000,416.3187125197548,100
2024-09-16 13:10:43.079000,416.351783714425,11
2024-09-16 13:10:43.165000,416.3168701151086,97
2024-09-16 13:10:43.305000,416.3249877481121,6
2024-09-16 13:10:43.541000,416.3166904900762,95
2024-09-16 13:10:43.700000,416.3299636927397,104
2024-09-16 13:10:43.728000,416.3223053385805,103
2024-09-16 13:10:43.875000,416.3396147374016,13
2024-09-16 13:10:44.095000,416.3341076708103,1000
2024-09-16 13:10:44.100000,416.3425336557693,104
2024-09-16 13:10:44.245000,416.3491065356492,96
2024-09-16 13:10:44.522000,416.3501356968091,10
2024-09-16 13:10:44.558000,416.3128463188491,1003
2024-09-16 13:10:44.575000,416.3476151907152,95
2024-09-16 13:10:44.579000,416.3578549576062,8
2024-09-16 13:10:44.748000,416.3635488354437,995
2024-09-16 13:10:44.792000,416.3414290149752,13
2024-09-16 13:10:45.059000,416.3485935795399,8
2024-09-16 13:10:45.137000,416.3742744930214,104
2024-09-16 13:10:45.197000,416.3484318905284,95
2024-09-16 13:10:45.250000,416.3362387429517,1001
2024-09-16 13:10:45.293000,416.372783698576,7
2024-09-16 13:10:45.405000,416.3204616882696,98
2024-09-16 13:10:45.449000,416.36691550329846,100
2024-09-16 13:10:45.623000,416.3411416532079,11
2024-09-16 13:10:45.646000,416.3749454350149,97
2024-09-16 13:10:45.737000,416.34614078753657,995
2024-09-16 13:10:45.779000,416.34868403782207,999
2024-09-16 13:10:45.952000,416.3321448089473,101
2024-09-16 13:10:45.988000,416.35501921678815,12
2024-09-16 13:10:46.064000,416.35995458394905,96
2024-09-16 13:10:46.149000,416.3750940730127,11
2024-09-16 13:10:46.206000,416.36378813650254,11
2024-09-16 13:10:46.568000,416.35951794476654,105
2024-09-16 13:10:47.010000,416.39033210940096,1001
2024-09-16 13:10:47.074000,416.3990305894872,999
2024-09-16 13:10:47.074000,416.3656022958179,96
2024-09-16 13:10:47.127000,416.3950247067209,103
2024-09-16 13:10:47.153000,416.39172027089546,9
2024-09-16 13:10:47.184000,416.3550912249568,9
2024-09-16 13:10:47.225000,416.40046897112745,15
2024-09-16 13:10:47.231000,416.3845901185771,1001
2024-09-16 13:10:47.242000,416.3776976593146,1005
2024-09-16 13:10:47.297000,416.3583664304159,13
2024-09-16 13:10:47.414000,416.3678549522873,11
2024-09-16 13:10:47.431000,416.38600918246,1000
2024-09-16 13:10:47.711000,416.3539084304943,13
2024-09-16 13:10:47.862000,416.3991411514612,100
2024-09-16 13:10:47.884000,416.40505935313246,11
2024-09-16 13:10:47.923000,416.3632186973563,97
2024-09-16 13:10:47.969000,416.4109467342561,99
2024-09-16 13:10:48.007000,416.3803424368732,996
2024-09-16 13:10:48.007000,416.422511842988,100
2024-09-16 13:10:48.049000,416.3759075283453,1002
2024-09-16 13:10:48.050000,416.4171238565543,7
2024-09-16 13:10:48.063000,416.4547651100027,97
2024-09-16 13:10:48.114000,416.4577844502008,999
2024-09-16 13:10:48.254000,416.4437892136887,6
2024-09-16 13:10:48.390000,416.46514939600297,998
2024-09-16 13:10:48.540000,416.397150414433,1005
2024-09-16 13:10:48.546000,416.4379704875736,1005
2024-09-16 13:10:48.578000,416.4572288825999,105
2024-09-16 13:10:48.631000,416.4451186917494,96
2024-09-16 13:10:48.673000,416.4491143781042,8
2024-09-16 13:10:48.728000,416.3809108777466,5
2024-09-16 13:10:48.759000,416.4381348111309,100
2024-09-16 13:10:48.796000,416.4436722079441,98
2024-09-16 13:10:48.872000,416.4148698500207,1003
2024-09-16 13:10:48.959000,416.4450129566621,1005
2024-09-16 13:10:49.112000,416.4320178001983,97
2024-09-16 13:10:49.167000,416.5024448354872,7
2024-09-16 13:10:49.192000,416.4563335757183,13
2024-09-16 13:10:49.254000,416.460262146449,101
2024-09-16 13:10:49.274000,416.48224971780655,998
2024-09-16 13:10:49.343000,416.4498883818756,98
2024-09-16 13:10:49.548000,416.45938008853045,100
2024-09-16 13:10:49.614000,416.4498079913187,996
2024-09-16 13:10:49.644000,416.4843094059047,10
2024-09-16 13:10:49.705000,416.4614421339783,5
2024-09-16 13:10:49.720000,416.4505044210727,999
2024-09-16 13:10:49.896000,416.4674090847468,1002
2024-09-16 13:10:49.912000,416.4619184755243,95
2024-09-16 13:10:49.947000,416.50248660249787,100
2024-09-16 13:10:50.589000,416.5791946354015,12
2024-09-16 13:10:50.598000,416.5537649314903,1002
2024-09-16 13:10:50.643000,416.5139017598618,102
2024-09-16 13:10:50.820000,416.52677248573127,1000
2024-09-16 13:10:50.988000,416.51707547907137,98
2024-09-16 13:10:51.015000,416.5352646730299,5
2024-09-16 13:10:51.068000,416.55966270189225,1001
2024-09-16 13:10:51.143000,416.5250588594252,100
2024-09-16 13:10:51.265000,416.5427310612733,999
2024-09-16 13:10:51.266000,416.5185653413053,10
2024-09-16 13:10:51.294000,416.5556923458593,15
2024-09-16 13:10:51.367000,416.5705769834882,7
2024-09-16 13:10:51.456000,416.5576288491628,99
2024-09-16 13:10:51.460000,416.5278763679038,9
2024-09-16 13:10:51.487000,416.5398884297398,998
2024-09-16 13:10:51.541000,416.57057242793,999
2024-09-16 13:10:51.569000,416.55343763774783,1005
2024-09-16 13:10:51.624000,416.5385593266699,98
2024-09-16 13:10:51.696000,416.557440559621,999
2024-09-16 13:10:51.719000,416.5280088315078,5
2024-09-16 13:10:51.736000,416.5372456711943,996
2024-09-16 13:10:51.771000,416.550758686513,97
2024-09-16 13:10:51.830000,416.534783007685,14
2024-09-16 13:10:51.862000,416.5586465111916,1001
2024-09-16 13:10:51.870000,416.53249905621175,6
2024-09-16 13:10:51.911000,416.5610960454057,997
2024-09-16 13:10:51.945000,416.55644503290017,1004
2024-09-16 13:10:51.977000,416.5742812233407,1002
2024-09-16 13:10:51.979000,416.5035923569833,6
2024-09-16 13:10:51.979000,416.5243279197052,1000
2024-09-16 13:10:51.994000,416.5164596442438,6
2024-09-16 13:10:52.047000,416.5222431805227,95
2024-09-16 13:10:52.070000,416.534403926691,105
2024-09-16 13:10:52.079000,416.5361575914038,96
2024-09-16 13:10:52.209000,416.52787981035823,101
2024-09-16 13:10:52.484000,416.5439401655351,99
2024-09-16 13:10:52.697000,416.5423825831776,11
2024-09-16 13:10:52.770000,416.524932005021,97
2024-09-16 13:10:52.803000,416.5449205126836,1003
2024-09-16 13:10:52.807000,416.5298119741376,998
2024-09-16 13:10:53.042000,416.5103108472535,1005
2024-09-16 13:10:53.115000,416.46901730394114,995
2024-09-16 13:10:53.149000,416.5178130932591,997
2024-09-16 13:10:53.160000,416.4635578566235,1005
2024-09-16 13:10:53.268000,416.500646128526,1003
2024-09-16 13:10:53.319000,416.4941234543424,102
2024-09-16 13:10:53.367000,416.4510000005005,998
2024-09-16 13:10:53.441000,416.49676348962817,997
2024-09-16 13:10:53.645000,416.48514020427,99
2024-09-16 13:10:53.701000,416.5072234405976,100
2024-09-16 13:10:53.768000,416.4634019576261,15
2024-09-16 13:10:53.838000,416.5064849190368,15
2024-09-16 13:10:53.845000,416.5044808625694,997
2024-09-16 13:10:53.848000,416.5057330080715,9
2024-09-16 13:10:53.888000,416.51141955728224,1000
2024-09-16 13:10:53.895000,416.45503043794656,999
2024-09-16 13:10:53.928000,416.50910130218944,1002
2024-09-16 13:10:53.961000,416.5216280005547,12
2024-09-16 13:10:53.964000,416.5016836845742,5
2024-09-16 13:10:54.078000,416.40870321590165,996
2024-09-16 13:10:54.108000,416.46180206317314,995
2024-09-16 13:10:54.175000,416.4569506812287,98
2024-09-16 13:10:54.189000,416.4001841194808,1001
2024-09-16 13:10:54.294000,416.4344907713688,14
2024-09-16 13:10:54.393000,416.4172068875311,1003
2024-09-16 13:10:54.428000,416.43313189685887,98
2024-09-16 13:10:54.511000,416.42845681296507,97
2024-09-16 13:10:54.870000,416.45841064560784,104
2024-09-16 13:10:54.884000,416.4461571726823,95
2024-09-16 13:10:55.124000,416.3817888837735,1001
2024-09-16 13:10:55.165000,416.399061383287,996
2024-09-16 13:10:55.196000,416.3985572774266,1000
2024-09-16 13:10:55.215000,416.4027000055246,102
2024-09-16 13:10:55.262000,416.3876034434032,98
2024-09-16 13:10:55.379000,416.4053759559964,6
2024-09-16 13:10:55.397000,416.4006876458332,15
2024-09-16 13:10:55.461000,416.3961695854659,14
2024-09-16 13:10:55.512000,416.4199924805539,6
2024-09-16 13:10:55.538000,416.41074521425526,1002
2024-09-16 13:10:55.686000,416.37042353902007,9
2024-09-16 13:10:55.739000,416.3974953492241,104
2024-09-16 13:10:55.747000,416.4102795705912,998
2024-09-16 13:10:55.748000,416.3994818678064,12
2024-09-16 13:10:55.772000,416.419949776113,1002
2024-09-16 13:10:55.799000,416.37813492700514,104
2024-09-16 13:10:55.876000,416.4084104300697,998
2024-09-16 13:10:55.889000,416.41843471728095,10
2024-09-16 13:10:55.974000,416.3884371740165,102
2024-09-16 13:10:56.020000,416.3936776482117,97
2024-09-16 13:10:56.048000,416.3730904140332,95
2024-09-16 13:10:56.067000,416.4115566659295,999
2024-09-16 13:10:56.117000,416.36327617262174,15
2024-09-16 13:10:56.203000,416.4131971148096,1001
2024-09-16 13:10:56.366000,416.3926604754925,998
2024-09-16 13:10:56.440000,416.3976351125893,1003
2024-09-16 13:10:56.471000,416.3932161364852,98
2024-09-16 13:10:56.486000,416.380919723318,1004
2024-09-16 13:10:56.490000,416.3754269106146,15
2024-09-16 13:10:56.605000,416.37909925962106,8
2024-09-16 13:10:56.660000,416.39088901188137,1000
2024-09-16 13:10:56.702000,416.3930293875677,97
2024-09-16 13:10:56.729000,416.3632989748806,1003
2024-09-16 13:10:56.737000,416.40380790364793,105
2024-09-16 13:10:56.779000,416.3710321449928,1005
2024-09-16 13:10:56.814000,416.3843343110783,15
2024-09-16 13:10:56.902000,416.4028044898213,9
2024-09-16 13:10:56.945000,416.3993274874764,101
2024-09-16 13:10:57.012000,416.3615988823014,9
2024-09-16 13:10:57.113000,416.3604882769251,5
2024-09-16 13:10:57.113000,416.3377027596528,95
2024-09-16 13:10:57.124000,416.3577718605735,998
2024-09-16 13:10:57.147000,416.3699562890173,95
2024-09-16 13:10:57.169000,416.3519445363745,11
2024-09-16 13:10:57.412000,416.3471366744316,104
2024-09-16 13:10:57.602000,416.33420451976747,998
2024-09-16 13:10:57.608000,416.3356988516019,998
2024-09-16 13:10:57.611000,416.3350354907997,99
2024-09-16 13:10:57.616000,416.334779978319,15
2024-09-16 13:10:57.630000,416.3707837595247,13
2024-09-16 13:10:57.676000,416.33633579733566,995
2024-09-16 13:10:57.772000,416.3356646527973,98
2024-09-16 13:10:57.777000,416.325665701146,11
2024-09-16 13:10:57.781000,416.3489113855327,1004
2024-09-16 13:10:57.875000,416.3446708776947,102
2024-09-16 13:10:57.938000,416.3374257444025,1003
2024-09-16 13:10:57.988000,416.34002805222417,105
2024-09-16 13:10:58.078000,416.3600205217634,96
2024-09-16 13:10:58.200000,416.3919837625905,105
2024-09-16 13:10:58.218000,416.3468874537456,15
2024-09-16 13:10:58.283000,416.3366258763826,7
2024-09-16 13:10:58.319000,416.3555387473598,5
2024-09-16 13:10:58.396000,416.3535890271129,95
2024-09-16 13:10:58.408000,416.3889022335401,997
2024-09-16 13:10:58.435000,416.3585592452371,998
2024-09-16 13:10:58.589000,416.3789255519049,7
2024-09-16 13:10:58.685000,416.3330564213723,1002
2024-09-16 13:10:58.696000,416.3420505267816,1004
2024-09-16 13:10:58.883000,416.3955334172352,103
2024-09-16 13:10:58.884000,416.3520429995392,11
2024-09-16 13:10:58.950000,416.34363185801686,5
2024-09-16 13:10:58.973000,416.37421442854094,999
2024-09-16 13:10:59.038000,416.397807032506,96
2024-09-16 13:10:59.041000,416.3958863596606,10
2024-09-16 13:10:59.065000,416.4002321700683,997
2024-09-16 13:10:59.135000,416.400545083008,1003
2024-09-16 13:10:59.164000,416.37504160936857,997
2024-09-16 13:10:59.250000,416.3850060330168,998
2024-09-16 13:10:59.251000,416.3755455704055,1005
2024-09-16 13:10:59.253000,416.38093337488914,100
2024-09-16 13:10:59.272000,416.39859049905954,98
2024-09-16 13:10:59.303000,416.37160055483815,101
2024-09-16 13:10:59.343000,416.3888561526747,14
2024-09-16 13:10:59.407000,416.3823955456281,101
2024-09-16 13:10:59.484000,416.3754075981445,13
2024-09-16 13:10:59.552000,416.3739978863194,6
2024-09-16 13:10:59.667000,416.3695862716848,98
2024-09-16 13:10:59.715000,416.3939158955719,998
2024-09-16 13:10:59.758000,416.4020170694173,15
2024-09-16 13:10:59.764000,416.3824552905093,14
2024-09-16 13:10:59.835000,416.4011466643894,11
2024-09-16 13:10:59.860000,416.4236605105655,102
2024-09-16 13:10:59.941000,416.3924078209787,1001
2024-09-16 13:10:59.947000,416.3875772733274,99
2024-09-16 13:10:59.952000,416.3992240300762,1003
2024-09-16 13:10:59.989000,416.3941001259287,10
