Timestamp,Price,Size
2024-09-17 13:12:00.045000,403.6698354870956,97
2024-09-17 13:12:00.075000,403.6636992169489,996
2024-09-17 13:12:00.093000,403.6731482804517,97
2024-09-17 13:12:00.106000,403.6710758777462,99
2024-09-17 13:12:00.185000,403.69970022055867,15
2024-09-17 13:12:00.218000,403.7039903853524,1005
2024-09-17 13:12:00.255000,403.7004863416276,6
2024-09-17 13:12:00.282000,403.6648207199785,96
2024-09-17 13:12:00.322000,403.6566425411615,98
2024-09-17 13:12:00.336000,403.6802315687457,13
2024-09-17 13:12:00.375000,403.6999008592136,14
2024-09-17 13:12:00.428000,403.674771138154,1005
2024-09-17 13:12:00.463000,403.67062899834383,1000
2024-09-17 13:12:00.569000,403.6815009612987,105
2024-09-17 13:12:00.601000,403.6808569216078,6
2024-09-17 13:12:00.758000,403.6650652469856,97
2024-09-17 13:12:00.817000,403.66004676823206,13
2024-09-17 13:12:00.850000,403.6892165075044,999
2024-09-17 13:12:00.994000,403.7042119661232,999
2024-09-17 13:12:01.055000,403.6797712191996,96
2024-09-17 13:12:01.059000,403.680498802205,11
2024-09-17 13:12:01.108000,403.6930439763792,9
2024-09-17 13:12:01.114000,403.70701489861983,996
2024-09-17 13:12:01.129000,403.7070328876479,8
2024-09-17 13:12:01.181000,403.6625813144732,999
2024-09-17 13:12:01.198000,403.6934009712768,99
2024-09-17 13:12:01.201000,403.6945074837025,11
2024-09-17 13:12:01.242000,403.68132749283245,96
2024-09-17 13:12:01.259000,403.6379751427251,7
2024-09-17 13:12:01.301000,403.6917589085763,997
2024-09-17 13:12:01.521000,403.6849902368718,1004
2024-09-17 13:12:01.543000,403.6925687156352,8
2024-09-17 13:12:01.739000,403.6872355105462,1003
2024-09-17 13:12:01.835000,403.6640513587147,101
2024-09-17 13:12:01.848000,403.686046530539,100
2024-09-17 13:12:01.865000,403.7073761447522,9
2024-09-17 13:12:01.899000,403.7115984505481,12
2024-09-17 13:12:02.099000,403.6801271903491,1005
2024-09-17 13:12:03.365000,403.6647808009545,100
2024-09-17 13:12:03.735000,403.66967935382326,100
2024-09-17 13:12:04.026000,403.6667404175428,103
2024-09-17 13:12:04.031000,403.6711852014879,9
2024-09-17 13:12:04.060000,403.655534945784,105
2024-09-17 13:12:04.073000,403.6597376894679,7
2024-09-17 13:12:04.101000,403.657788554044,103
2024-09-17 13:12:04.113000,403.6795794009527,8
2024-09-17 13:12:04.123000,403.6571104768551,1002
2024-09-17 13:12:04.209000,403.673129827054,98
2024-09-17 13:12:04.451000,403.6727697754018,1004
2024-09-17 13:12:04.702000,403.6717904806558,1003
2024-09-17 13:12:04.788000,403.6644450107325,98
2024-09-17 13:12:04.788000,403.64421964468767,15
2024-09-17 13:12:04.943000,403.6729532070224,1002
2024-09-17 13:12:05.118000,403.7226149877336,104
2024-09-17 13:12:05.168000,403.6855729142888,7
2024-09-17 13:12:05.189000,403.6693468199836,1004
2024-09-17 13:12:05.294000,403.7073494247322,997
2024-09-17 13:12:05.339000,403.7482135640841,96
2024-09-17 13:12:05.385000,403.6819746059084,12
2024-09-17 13:12:05.418000,403.6658440074625,1001
2024-09-17 13:12:05.470000,403.66359227027,1001
2024-09-17 13:12:05.491000,403.6782757690156,1005
2024-09-17 13:12:05.526000,403.64598818729655,1000
2024-09-17 13:12:05.599000,403.7141053719965,10
2024-09-17 13:12:05.743000,403.6644736449393,5
2024-09-17 13:12:05.758000,403.656817564888,102
2024-09-17 13:12:05.781000,403.6523729584324,95
2024-09-17 13:12:05.796000,403.66417417831855,7
2024-09-17 13:12:05.805000,403.73904515929416,1003
2024-09-17 13:12:05.834000,403.7129053943144,1005
2024-09-17 13:12:05.966000,403.6711832670069,103
2024-09-17 13:12:05.966000,403.6941036979375,101
2024-09-17 13:12:05.978000,403.7123686939697,100
2024-09-17 13:12:06.040000,403.8172518690323,5
2024-09-17 13:12:06.083000,403.77266978872194,5
2024-09-17 13:12:06.144000,403.8272933104948,95
2024-09-17 13:12:06.146000,403.77485361070217,995
2024-09-17 13:12:06.163000,403.7857263348921,1005
2024-09-17 13:12:06.230000,403.7672674574276,6
2024-09-17 13:12:06.258000,403.7784439686617,996
2024-09-17 13:12:06.322000,403.7854216666757,97
2024-09-17 13:12:06.358000,403.8149918646194,10
2024-09-17 13:12:06.376000,403.7652005694754,95
2024-09-17 13:12:06.394000,403.7756392304249,6
2024-09-17 13:12:06.412000,403.8194642118619,97
2024-09-17 13:12:06.495000,403.75698522963336,96
2024-09-17 13:12:06.497000,403.7715261280834,15
2024-09-17 13:12:06.509000,403.7666241478984,1004
2024-09-17 13:12:06.592000,403.7508283149372,10
2024-09-17 13:12:06.595000,403.7588725771463,996
2024-09-17 13:12:06.658000,403.78009392217945,11
2024-09-17 13:12:06.658000,403.7660674434868,999
2024-09-17 13:12:06.714000,403.7923480052768,13
2024-09-17 13:12:06.934000,403.8255817066756,105
2024-09-17 13:12:06.960000,403.7614922468202,13
2024-09-17 13:12:06.970000,403.77895096734346,100
2024-09-17 13:12:06.993000,403.767120455504,95
2024-09-17 13:12:07.175000,403.8474015891655,12
2024-09-17 13:12:07.213000,403.8500504993892,5
2024-09-17 13:12:07.252000,403.83547352887626,996
2024-09-17 13:12:08.021000,403.85261291825407,105
2024-09-17 13:12:08.067000,403.8859206560319,105
2024-09-17 13:12:08.083000,403.8395022879064,95
2024-09-17 13:12:08.148000,403.86221583335015,11
2024-09-17 13:12:08.285000,403.8682480931375,96
2024-09-17 13:12:08.513000,403.8784912955837,10
2024-09-17 13:12:08.553000,403.85852309452105,98
2024-09-17 13:12:08.582000,403.8476475788488,13
2024-09-17 13:12:08.600000,403.8381208999149,9
2024-09-17 13:12:08.687000,403.8013151698186,99
2024-09-17 13:12:08.692000,403.8501115693771,995
2024-09-17 13:12:08.698000,403.86182644226574,6
2024-09-17 13:12:08.765000,403.84425595796887,7
2024-09-17 13:12:08.784000,403.8938237293739,995
2024-09-17 13:12:08.793000,403.83895926988407,101
2024-09-17 13:12:08.796000,403.838298761203,995
2024-09-17 13:12:08.815000,403.83017266602656,998
2024-09-17 13:12:08.825000,403.81542942850297,102
2024-09-17 13:12:08.861000,403.8327005821033,15
2024-09-17 13:12:08.874000,403.8604475652535,999
2024-09-17 13:12:08.875000,403.8487354841817,12
2024-09-17 13:12:09,403.9299724106637,11
2024-09-17 13:12:09.088000,403.9098130709577,97
2024-09-17 13:12:09.169000,403.8893061185349,7
2024-09-17 13:12:09.244000,403.9267028064522,98
2024-09-17 13:12:09.307000,403.9255712934417,102
2024-09-17 13:12:09.352000,403.8904248132624,97
2024-09-17 13:12:09.378000,403.9151110459784,100
2024-09-17 13:12:09.478000,403.894032914563,5
2024-09-17 13:12:09.617000,403.9274604570698,5
2024-09-17 13:12:09.704000,403.898761663292,103
2024-09-17 13:12:09.774000,403.8816701617136,5
2024-09-17 13:12:09.831000,403.91364023211,105
2024-09-17 13:12:09.909000,403.8740198119687,15
2024-09-17 13:12:09.957000,403.9327552024658,7
2024-09-17 13:12:09.959000,403.8848183581937,96
2024-09-17 13:12:09.961000,403.89920900455405,102
2024-09-17 13:12:10.017000,403.8907435631371,1000
2024-09-17 13:12:10.097000,403.8639641806303,997
2024-09-17 13:12:10.098000,403.8734234448641,101
2024-09-17 13:12:10.188000,403.874812245896,97
2024-09-17 13:12:10.213000,403.85163661488747,105
2024-09-17 13:12:10.267000,403.85383040521504,8
2024-09-17 13:12:10.277000,403.8355324990523,97
2024-09-17 13:12:10.302000,403.8564609112248,6
2024-09-17 13:12:10.332000,403.8653506740893,14
2024-09-17 13:12:10.337000,403.8722791396255,1002
2024-09-17 13:12:10.383000,403.8810335946815,14
2024-09-17 13:12:10.391000,403.880701695934,999
2024-09-17 13:12:10.402000,403.8331189914686,997
2024-09-17 13:12:10.409000,403.8688941907182,11
2024-09-17 13:12:10.438000,403.8651291412274,99
2024-09-17 13:12:10.507000,403.8932844626504,9
2024-09-17 13:12:10.583000,403.8329200010053,8
2024-09-17 13:12:10.584000,403.8730763526781,7
2024-09-17 13:12:10.609000,403.8825699712991,7
2024-09-17 13:12:10.684000,403.8630609663903,105
2024-09-17 13:12:10.700000,403.8418759366168,1001
2024-09-17 13:12:10.727000,403.859402742907,12
2024-09-17 13:12:10.730000,403.8837591851019,6
2024-09-17 13:12:10.758000,403.8662454458955,104
2024-09-17 13:12:10.857000,403.8456938484702,1001
2024-09-17 13:12:10.877000,403.8683651296371,103
2024-09-17 13:12:10.888000,403.89451397796967,1002
2024-09-17 13:12:11.167000,403.8482606688987,5
2024-09-17 13:12:11.308000,403.8651849585507,995
2024-09-17 13:12:11.365000,403.88659148413313,103
2024-09-17 13:12:11.402000,403.877762288191,1005
2024-09-17 13:12:11.789000,403.87789584096174,11
2024-09-17 13:12:12.058000,403.8126972841015,1003
2024-09-17 13:12:12.082000,403.7685045710328,1001
2024-09-17 13:12:12.115000,403.85437671669246,9
2024-09-17 13:12:12.125000,403.8434271721448,100
2024-09-17 13:12:12.179000,403.8106993055201,12
2024-09-17 13:12:12.221000,403.7831198949368,997
2024-09-17 13:12:12.224000,403.780291981306,15
2024-09-17 13:12:12.292000,403.8652052890158,96
2024-09-17 13:12:12.372000,403.8267495296192,95
2024-09-17 13:12:12.391000,403.8087207752755,8
2024-09-17 13:12:12.458000,403.7676233382133,1002
2024-09-17 13:12:12.473000,403.8436424793991,105
2024-09-17 13:12:12.497000,403.8323216970013,98
2024-09-17 13:12:12.533000,403.767749017285,997
2024-09-17 13:12:12.540000,403.839356605703,97
2024-09-17 13:12:12.659000,403.8251016171646,10
2024-09-17 13:12:12.729000,403.7705317634464,997
2024-09-17 13:12:12.781000,403.80265386276966,9
2024-09-17 13:12:12.820000,403.8687534392447,14
2024-09-17 13:12:12.827000,403.7750587998772,15
2024-09-17 13:12:12.838000,403.8853797776247,998
2024-09-17 13:12:12.911000,403.7742019619124,102
2024-09-17 13:12:12.923000,403.8276903757083,105
2024-09-17 13:12:12.978000,403.7433404635776,1005
2024-09-17 13:12:12.998000,403.75924604525727,7
2024-09-17 13:12:13.022000,403.7359948211642,14
2024-09-17 13:12:13.032000,403.7734765086345,13
2024-09-17 13:12:13.041000,403.73277806120353,998
2024-09-17 13:12:13.048000,403.79647985297584,1005
2024-09-17 13:12:13.052000,403.7833831921475,97
2024-09-17 13:12:13.079000,403.7864714237052,95
2024-09-17 13:12:13.082000,403.8052497850626,999
2024-09-17 13:12:13.090000,403.75779001907785,1005
2024-09-17 13:12:13.170000,403.77371981998186,5
2024-09-17 13:12:13.228000,403.7582386200832,1004
2024-09-17 13:12:13.402000,403.7352216884266,996
2024-09-17 13:12:13.454000,403.7985926927341,8
2024-09-17 13:12:13.471000,403.8099257645341,100
2024-09-17 13:12:13.497000,403.8115271832614,1004
2024-09-17 13:12:13.756000,403.76754830262416,15
2024-09-17 13:12:13.885000,403.723945534627,99
2024-09-17 13:12:13.916000,403.7185166470248,1005
2024-09-17 13:12:13.986000,403.8128287401879,99
2024-09-17 13:12:14.011000,403.6733566881664,998
2024-09-17 13:12:14.115000,403.70929210829473,999
2024-09-17 13:12:14.204000,403.7046327240848,98
2024-09-17 13:12:14.207000,403.68582597055183,98
2024-09-17 13:12:14.450000,403.6778229595508,997
2024-09-17 13:12:14.703000,403.66029226322695,10
2024-09-17 13:12:14.806000,403.6699741607903,8
2024-09-17 13:12:15,403.67047104148577,105
2024-09-17 13:12:15.214000,403.6957278850706,1001
2024-09-17 13:12:15.900000,403.68552966005626,1000
2024-09-17 13:12:16.267000,403.64847613667337,12
2024-09-17 13:12:16.328000,403.63641661155617,998
2024-09-17 13:12:16.435000,403.66498853840335,15
2024-09-17 13:12:16.609000,403.6464206960079,95
2024-09-17 13:12:16.781000,403.6303923145777,1002
2024-09-17 13:12:16.815000,403.6249074782328,999
2024-09-17 13:12:17.067000,403.6251887271839,1004
2024-09-17 13:12:17.212000,403.6103293016224,97
2024-09-17 13:12:17.636000,403.6167480929288,1001
2024-09-17 13:12:18.018000,403.6062304314452,14
2024-09-17 13:12:18.033000,403.6489641319544,1005
2024-09-17 13:12:18.359000,403.64563943150273,5
2024-09-17 13:12:18.433000,403.6195985934211,15
2024-09-17 13:12:18.543000,403.6506683523575,997
2024-09-17 13:12:18.749000,403.60947730763513,13
2024-09-17 13:12:18.884000,403.6488219725352,12
2024-09-17 13:12:18.886000,403.6102531437044,14
2024-09-17 13:12:18.890000,403.6242372465039,14
2024-09-17 13:12:18.951000,403.608892089842,95
2024-09-17 13:12:19.126000,403.5892475097089,11
2024-09-17 13:12:19.137000,403.5745268419184,97
2024-09-17 13:12:19.144000,403.6011296437674,103
2024-09-17 13:12:19.180000,403.57205220125735,1001
2024-09-17 13:12:19.232000,403.5778459951255,8
2024-09-17 13:12:19.275000,403.6111739208672,96
2024-09-17 13:12:19.351000,403.5414483001385,1001
2024-09-17 13:12:19.357000,403.55554593797,999
2024-09-17 13:12:19.406000,403.58211576585046,1001
2024-09-17 13:12:19.439000,403.5604128567267,9
2024-09-17 13:12:19.464000,403.60528183874334,5
2024-09-17 13:12:19.477000,403.5586848834175,5
2024-09-17 13:12:19.543000,403.56085843252487,105
2024-09-17 13:12:19.602000,403.5519383414701,998
2024-09-17 13:12:19.631000,403.5535277857784,5
2024-09-17 13:12:19.666000,403.5853929434408,14
2024-09-17 13:12:19.744000,403.5510256889532,997
2024-09-17 13:12:19.788000,403.56682113092415,11
2024-09-17 13:12:19.850000,403.564819488052,1002
2024-09-17 13:12:19.982000,403.5318614634759,99
2024-09-17 13:12:20.036000,403.5830047958664,7
2024-09-17 13:12:20.049000,403.56236969931496,15
2024-09-17 13:12:20.081000,403.6110451591512,98
2024-09-17 13:12:20.082000,403.5339382420243,10
2024-09-17 13:12:20.098000,403.5915075180592,8
2024-09-17 13:12:20.120000,403.604405766638,97
2024-09-17 13:12:20.202000,403.5799807143672,1001
2024-09-17 13:12:20.233000,403.5557178717118,1002
2024-09-17 13:12:20.254000,403.599914077454,15
2024-09-17 13:12:20.258000,403.6018399759589,995
2024-09-17 13:12:20.354000,403.5725808637105,14
2024-09-17 13:12:20.396000,403.5550664006004,102
2024-09-17 13:12:20.400000,403.598946175935,999
2024-09-17 13:12:20.434000,403.569322914202,14
2024-09-17 13:12:20.473000,403.5744923092497,102
2024-09-17 13:12:20.568000,403.59590034652985,10
2024-09-17 13:12:20.591000,403.5957575093903,997
2024-09-17 13:12:20.597000,403.59278947206747,97
2024-09-17 13:12:20.684000,403.5992920623791,1002
2024-09-17 13:12:20.702000,403.61386293066977,997
2024-09-17 13:12:20.717000,403.5384183629207,99
2024-09-17 13:12:20.792000,403.554787308412,1005
2024-09-17 13:12:20.794000,403.5912785265623,9
2024-09-17 13:12:20.811000,403.58226202043465,102
2024-09-17 13:12:20.817000,403.5913021633776,104
2024-09-17 13:12:20.839000,403.5716920694714,999
2024-09-17 13:12:20.883000,403.60337409248734,15
2024-09-17 13:12:20.905000,403.5856959981312,101
2024-09-17 13:12:21.058000,403.52764927307805,1004
2024-09-17 13:12:21.108000,403.5963470577036,104
2024-09-17 13:12:21.124000,403.5315701943344,11
2024-09-17 13:12:21.124000,403.5551552465071,105
2024-09-17 13:12:21.164000,403.5427141386262,15
2024-09-17 13:12:21.260000,403.5294294306098,1004
2024-09-17 13:12:21.261000,403.6080682432087,102
2024-09-17 13:12:21.406000,403.540949737675,1000
2024-09-17 13:12:21.408000,403.6244449402378,101
2024-09-17 13:12:21.410000,403.5473508938064,100
2024-09-17 13:12:21.436000,403.605908692026,103
2024-09-17 13:12:21.526000,403.6275317892664,101
2024-09-17 13:12:21.565000,403.5467320856727,1002
2024-09-17 13:12:21.787000,403.6126934709103,5
2024-09-17 13:12:21.803000,403.54033644479335,998
2024-09-17 13:12:21.862000,403.56206645166185,11
2024-09-17 13:12:21.867000,403.55789896709297,9
2024-09-17 13:12:21.909000,403.5623988629605,995
2024-09-17 13:12:21.922000,403.5837589649842,998
2024-09-17 13:12:21.990000,403.58796129237146,1002
2024-09-17 13:12:22.246000,403.5413467916188,997
2024-09-17 13:12:23.076000,403.4979250278338,1002
2024-09-17 13:12:23.105000,403.4978951563046,13
2024-09-17 13:12:23.343000,403.4918883541173,14
2024-09-17 13:12:23.357000,403.51605396324726,104
2024-09-17 13:12:23.438000,403.4688452247717,99
2024-09-17 13:12:23.574000,403.5271314065656,1001
2024-09-17 13:12:23.665000,403.5251685619935,1005
2024-09-17 13:12:23.697000,403.51265468618647,9
2024-09-17 13:12:23.918000,403.5091708923634,14
2024-09-17 13:12:24.266000,403.477877921734,97
2024-09-17 13:12:24.466000,403.469433177884,997
2024-09-17 13:12:24.678000,403.4581031538983,5
2024-09-17 13:12:24.728000,403.48137526208825,1000
2024-09-17 13:12:24.915000,403.4781810733813,5
2024-09-17 13:12:25.453000,403.44239255227615,11
2024-09-17 13:12:25.458000,403.4667981613612,101
2024-09-17 13:12:25.627000,403.4603953940621,1001
2024-09-17 13:12:25.665000,403.447437939512,95
2024-09-17 13:12:25.679000,403.460850577476,1004
2024-09-17 13:12:25.687000,403.4680986841221,1000
2024-09-17 13:12:25.975000,403.4618802054192,9
2024-09-17 13:12:26.018000,403.4855528846201,101
2024-09-17 13:12:26.191000,403.4614131363475,5
2024-09-17 13:12:26.261000,403.4330387048847,98
2024-09-17 13:12:26.394000,403.4813691073187,1003
2024-09-17 13:12:26.458000,403.46670627372606,96
2024-09-17 13:12:26.580000,403.474897610086,102
2024-09-17 13:12:26.584000,403.5091892522397,5
2024-09-17 13:12:26.604000,403.4541055608746,95
2024-09-17 13:12:26.620000,403.4999107531253,1004
2024-09-17 13:12:26.645000,403.4347581422882,8
2024-09-17 13:12:26.662000,403.4773601157502,5
2024-09-17 13:12:26.722000,403.4920056750177,5
2024-09-17 13:12:26.745000,403.4467627783959,1003
2024-09-17 13:12:26.918000,403.49623901061847,14
2024-09-17 13:12:27.086000,403.48175419896575,104
2024-09-17 13:12:27.237000,403.508822521901,996
2024-09-17 13:12:27.350000,403.5029986078125,104
2024-09-17 13:12:27.428000,403.5271972471711,95
2024-09-17 13:12:27.511000,403.4850813421096,998
2024-09-17 13:12:27.563000,403.4858449500749,10
2024-09-17 13:12:27.649000,403.5265049272606,15
2024-09-17 13:12:27.673000,403.50467147380186,15
2024-09-17 13:12:27.741000,403.5034149645462,99
2024-09-17 13:12:27.747000,403.4926400608565,105
2024-09-17 13:12:27.773000,403.5009904160655,10
2024-09-17 13:12:27.820000,403.4974279958421,11
2024-09-17 13:12:28.020000,403.4612794875168,96
2024-09-17 13:12:28.063000,403.4794851734783,8
2024-09-17 13:12:28.125000,403.4907323464124,104
2024-09-17 13:12:28.139000,403.47936048429113,8
2024-09-17 13:12:28.206000,403.484661616353,997
2024-09-17 13:12:28.217000,403.5027469347414,104
2024-09-17 13:12:28.364000,403.4499301378702,12
2024-09-17 13:12:28.403000,403.50606513698426,1003
2024-09-17 13:12:28.414000,403.4398858757783,96
2024-09-17 13:12:28.485000,403.50614197133694,998
2024-09-17 13:12:28.594000,403.5161234886281,11
2024-09-17 13:12:28.669000,403.4680250790322,9
2024-09-17 13:12:28.677000,403.48563706006223,1004
2024-09-17 13:12:28.681000,403.4258050080081,6
2024-09-17 13:12:28.684000,403.4853496145129,998
2024-09-17 13:12:28.687000,403.4766845927592,1001
2024-09-17 13:12:28.704000,403.51062937225095,11
2024-09-17 13:12:28.718000,403.48097072914015,97
2024-09-17 13:12:28.788000,403.4913101278436,98
2024-09-17 13:12:28.790000,403.5152944425093,995
2024-09-17 13:12:28.794000,403.5030050586268,5
2024-09-17 13:12:28.822000,403.450038897226,15
2024-09-17 13:12:28.822000,403.4834375962719,103
2024-09-17 13:12:28.850000,403.4340904306316,95
2024-09-17 13:12:28.904000,403.4926285961529,100
2024-09-17 13:12:28.947000,403.4626542323755,12
2024-09-17 13:12:28.997000,403.4634595198124,98
2024-09-17 13:12:29.015000,403.3538300686546,997
2024-09-17 13:12:29.022000,403.3489902512372,104
2024-09-17 13:12:29.062000,403.3788550698571,98
2024-09-17 13:12:29.085000,403.41278194686447,8
2024-09-17 13:12:29.108000,403.35796749493227,9
2024-09-17 13:12:29.113000,403.4094815758528,104
2024-09-17 13:12:29.125000,403.3899542376902,9
2024-09-17 13:12:29.139000,403.3972075482705,99
2024-09-17 13:12:29.294000,403.3583576018205,5
2024-09-17 13:12:29.299000,403.36033568540086,102
2024-09-17 13:12:29.312000,403.4126884198211,1003
2024-09-17 13:12:29.355000,403.40209668761753,98
2024-09-17 13:12:29.379000,403.3435789282663,101
2024-09-17 13:12:29.388000,403.412266284034,10
2024-09-17 13:12:29.432000,403.3806177865552,6
2024-09-17 13:12:29.490000,403.3268112577394,104
2024-09-17 13:12:29.494000,403.3960687964621,15
2024-09-17 13:12:29.527000,403.4179465171452,1002
2024-09-17 13:12:29.529000,403.41784333470935,995
2024-09-17 13:12:29.574000,403.33602626219937,1005
2024-09-17 13:12:29.668000,403.3588145707867,6
2024-09-17 13:12:29.690000,403.369474580337,11
2024-09-17 13:12:29.707000,403.4042859449156,14
2024-09-17 13:12:29.808000,403.36145491883,995
2024-09-17 13:12:29.822000,403.377958839246,14
2024-09-17 13:12:29.905000,403.4078022159737,7
2024-09-17 13:12:29.947000,403.3876711194091,999
2024-09-17 13:12:29.986000,403.34328017792393,15
2024-09-17 13:12:29.991000,403.3887931343809,12
2024-09-17 13:12:30,403.3486925118602,96
2024-09-17 13:12:30.021000,403.3604837632384,95
2024-09-17 13:12:30.026000,403.4414435453494,101
2024-09-17 13:12:30.042000,403.4190486220796,10
2024-09-17 13:12:30.052000,403.45518708743936,100
2024-09-17 13:12:30.070000,403.46387739344914,101
2024-09-17 13:12:30.082000,403.4604812962021,6
2024-09-17 13:12:30.087000,403.3601069593584,14
2024-09-17 13:12:30.141000,403.3887035131524,96
2024-09-17 13:12:30.215000,403.4891918431316,1002
2024-09-17 13:12:30.273000,403.4887325984064,1005
2024-09-17 13:12:30.333000,403.45307112254415,7
2024-09-17 13:12:30.387000,403.48183524913566,999
2024-09-17 13:12:30.408000,403.4449871387618,96
2024-09-17 13:12:30.481000,403.4466809892507,998
2024-09-17 13:12:30.508000,403.4613900665415,10
2024-09-17 13:12:30.513000,403.4581820257748,102
2024-09-17 13:12:30.551000,403.4273644423701,6
2024-09-17 13:12:30.596000,403.4524187561491,97
2024-09-17 13:12:30.606000,403.49922887937,97
2024-09-17 13:12:30.627000,403.3863863260413,1000
2024-09-17 13:12:30.682000,403.3751697732297,97
2024-09-17 13:12:30.819000,403.4469434821799,95
2024-09-17 13:12:30.836000,403.4804396530455,105
2024-09-17 13:12:30.841000,403.4140432780537,8
2024-09-17 13:12:30.851000,403.4203913468518,98
2024-09-17 13:12:30.964000,403.4455624134125,999
2024-09-17 13:12:31.019000,403.4358843327764,15
2024-09-17 13:12:31.221000,403.4337954140824,96
2024-09-17 13:12:31.253000,403.4509002386471,102
2024-09-17 13:12:31.305000,403.4462832424864,5
2024-09-17 13:12:31.327000,403.4449949512405,98
2024-09-17 13:12:31.344000,403.4393190635295,98
2024-09-17 13:12:31.345000,403.4442050746216,103
2024-09-17 13:12:31.359000,403.4318127539195,102
2024-09-17 13:12:31.485000,403.4269995785372,104
2024-09-17 13:12:31.568000,403.43981568841934,97
2024-09-17 13:12:31.582000,403.42372896824673,1005
2024-09-17 13:12:31.698000,403.4179431271227,96
2024-09-17 13:12:31.740000,403.4474116395383,1003
2024-09-17 13:12:31.789000,403.4505631834275,996
2024-09-17 13:12:31.791000,403.4681345772284,14
2024-09-17 13:12:31.875000,403.45242626215065,1002
2024-09-17 13:12:31.919000,403.4614807089398,103
2024-09-17 13:12:31.934000,403.43893686954135,103
2024-09-17 13:12:31.937000,403.4510738562747,15
2024-09-17 13:12:31.958000,403.4231409279921,100
2024-09-17 13:12:31.987000,403.434392010693,996
2024-09-17 13:12:32.575000,403.42945731640623,12
2024-09-17 13:12:33.049000,403.4902610808741,99
2024-09-17 13:12:33.063000,403.43758999108496,6
2024-09-17 13:12:33.297000,403.4263917684083,8
2024-09-17 13:12:33.332000,403.44671678950255,99
2024-09-17 13:12:33.338000,403.5295427572843,104
2024-09-17 13:12:33.350000,403.43070124424855,995
2024-09-17 13:12:33.392000,403.4280038666943,997
2024-09-17 13:12:33.470000,403.5189133540309,999
2024-09-17 13:12:33.502000,403.43227506958567,8
2024-09-17 13:12:33.561000,403.4790069342605,96
2024-09-17 13:12:33.582000,403.4120880429172,103
2024-09-17 13:12:33.651000,403.43744437706,11
2024-09-17 13:12:33.691000,403.51816006694895,95
2024-09-17 13:12:33.769000,403.4937332404888,101
2024-09-17 13:12:33.770000,403.46177265942686,104
2024-09-17 13:12:33.883000,403.5176756377559,9
2024-09-17 13:12:33.885000,403.4994075241876,1005
2024-09-17 13:12:35.022000,403.4519376855334,103
2024-09-17 13:12:35.031000,403.5227888543618,1001
2024-09-17 13:12:35.142000,403.4948318569097,12
2024-09-17 13:12:35.143000,403.4910428113537,13
2024-09-17 13:12:35.145000,403.5031203153504,10
2024-09-17 13:12:35.171000,403.48642063016655,1003
2024-09-17 13:12:35.314000,403.507689639542,100
2024-09-17 13:12:35.335000,403.51913676288905,999
2024-09-17 13:12:35.361000,403.4855627040917,11
2024-09-17 13:12:35.446000,403.4886184839736,1001
2024-09-17 13:12:35.498000,403.4948330548328,1000
2024-09-17 13:12:35.506000,403.4603069721372,996
2024-09-17 13:12:35.728000,403.4575497602647,95
2024-09-17 13:12:35.909000,403.45436469969474,14
2024-09-17 13:12:36.149000,403.48328024169984,101
2024-09-17 13:12:36.220000,403.4786861761872,14
2024-09-17 13:12:36.321000,403.4748404904896,15
2024-09-17 13:12:36.403000,403.4726731951829,1003
2024-09-17 13:12:36.766000,403.48374873554747,997
2024-09-17 13:12:36.781000,403.46169936106105,104
2024-09-17 13:12:37.023000,403.4194195701733,999
2024-09-17 13:12:37.040000,403.3895952030715,105
2024-09-17 13:12:37.049000,403.4061773146087,10
2024-09-17 13:12:37.163000,403.4618345535274,6
2024-09-17 13:12:37.168000,403.4079493148915,997
2024-09-17 13:12:37.176000,403.3845148005389,12
2024-09-17 13:12:37.212000,403.4488941110163,98
2024-09-17 13:12:37.286000,403.3987751550503,101
2024-09-17 13:12:37.352000,403.47853244470485,5
2024-09-17 13:12:37.380000,403.3789765292452,104
2024-09-17 13:12:37.464000,403.4201647223184,97
2024-09-17 13:12:37.513000,403.4193647817869,100
2024-09-17 13:12:37.577000,403.4027290774893,6
2024-09-17 13:12:37.598000,403.4441092810853,15
2024-09-17 13:12:37.725000,403.399101200688,1004
2024-09-17 13:12:37.740000,403.4705401908774,1004
2024-09-17 13:12:37.777000,403.3914776661799,1000
2024-09-17 13:12:37.785000,403.39824825443895,101
2024-09-17 13:12:37.846000,403.38450948963447,96
2024-09-17 13:12:37.857000,403.39941603714607,96
2024-09-17 13:12:37.883000,403.4050730398929,9
2024-09-17 13:12:37.951000,403.38267231062014,103
2024-09-17 13:12:37.963000,403.3962570975906,105
2024-09-17 13:12:38.029000,403.4438736116506,996
2024-09-17 13:12:38.040000,403.4835385982952,96
2024-09-17 13:12:38.069000,403.38605110557353,14
2024-09-17 13:12:38.104000,403.4053873717711,1003
2024-09-17 13:12:38.104000,403.4502883408179,101
2024-09-17 13:12:38.108000,403.4729007890954,12
2024-09-17 13:12:38.113000,403.4436496578929,98
2024-09-17 13:12:38.282000,403.43141440539534,5
2024-09-17 13:12:38.303000,403.4082308481756,104
2024-09-17 13:12:38.382000,403.4292695318754,15
2024-09-17 13:12:38.403000,403.4049789977715,9
2024-09-17 13:12:38.421000,403.4727804137908,998
2024-09-17 13:12:38.483000,403.47377851924216,96
2024-09-17 13:12:38.488000,403.4753203559784,1002
2024-09-17 13:12:38.492000,403.41892012045423,996
2024-09-17 13:12:38.499000,403.4492412470434,12
2024-09-17 13:12:38.529000,403.4283502584241,98
2024-09-17 13:12:38.588000,403.4225206883438,11
2024-09-17 13:12:38.676000,403.4112101761643,13
2024-09-17 13:12:38.687000,403.427230397018,7
2024-09-17 13:12:38.844000,403.4687177115654,99
2024-09-17 13:12:38.857000,403.4590271945033,1001
2024-09-17 13:12:38.899000,403.44507549251375,105
2024-09-17 13:12:38.905000,403.4783788105228,14
2024-09-17 13:12:39.045000,403.4025005175242,11
2024-09-17 13:12:39.055000,403.3961789012825,99
2024-09-17 13:12:39.089000,403.397170938612,104
2024-09-17 13:12:39.097000,403.4055452287765,1005
2024-09-17 13:12:39.253000,403.4166095219151,1004
2024-09-17 13:12:39.312000,403.4129364493206,15
2024-09-17 13:12:39.404000,403.4038881512263,100
2024-09-17 13:12:39.496000,403.3996619508816,6
2024-09-17 13:12:39.571000,403.4026929349602,101
2024-09-17 13:12:39.592000,403.4051742384935,99
2024-09-17 13:12:39.680000,403.4150366820606,7
2024-09-17 13:12:39.699000,403.4052517248176,14
2024-09-17 13:12:39.769000,403.39525013495,10
2024-09-17 13:12:39.795000,403.3886765720612,13
2024-09-17 13:12:39.809000,403.3972523593312,999
2024-09-17 13:12:39.868000,403.4127436134885,7
2024-09-17 13:12:39.883000,403.40283481980055,1001
2024-09-17 13:12:40.089000,403.4565377100978,1002
2024-09-17 13:12:40.122000,403.3992604172722,997
2024-09-17 13:12:40.250000,403.4484961790976,104
2024-09-17 13:12:40.313000,403.49094938346815,15
2024-09-17 13:12:40.600000,403.4118029902614,105
2024-09-17 13:12:40.655000,403.4744233109285,999
2024-09-17 13:12:40.823000,403.49117695750857,1003
2024-09-17 13:12:40.854000,403.4157443039708,102
2024-09-17 13:12:40.870000,403.474020987721,7
2024-09-17 13:12:41.008000,403.4611434327903,100
2024-09-17 13:12:41.075000,403.44462065906833,7
2024-09-17 13:12:41.082000,403.49818802899176,12
2024-09-17 13:12:41.120000,403.44350972914873,1000
2024-09-17 13:12:41.163000,403.4665365031052,10
2024-09-17 13:12:41.216000,403.5077381598264,997
2024-09-17 13:12:41.216000,403.4545593100507,8
2024-09-17 13:12:41.529000,403.466202035935,102
2024-09-17 13:12:41.627000,403.43648503905575,97
2024-09-17 13:12:41.634000,403.4600126369192,1004
2024-09-17 13:12:41.745000,403.4466086229422,999
2024-09-17 13:12:41.796000,403.4457871397185,1002
2024-09-17 13:12:41.800000,403.4523160118707,95
2024-09-17 13:12:41.826000,403.48094749334496,1002
2024-09-17 13:12:42.021000,403.5404606902367,100
2024-09-17 13:12:42.171000,403.52831603917815,999
2024-09-17 13:12:42.394000,403.5134178954159,96
2024-09-17 13:12:42.693000,403.5133994304457,995
2024-09-17 13:12:43.008000,403.5366760066208,996
2024-09-17 13:12:43.081000,403.5137623009544,12
2024-09-17 13:12:43.105000,403.4949631210426,995
2024-09-17 13:12:43.222000,403.4673181578661,8
2024-09-17 13:12:43.291000,403.5032042248295,14
2024-09-17 13:12:43.346000,403.5166158403506,1003
2024-09-17 13:12:43.402000,403.48869458001286,102
2024-09-17 13:12:43.489000,403.4952368944092,104
2024-09-17 13:12:43.497000,403.4921845970063,14
2024-09-17 13:12:43.572000,403.49716626986736,14
2024-09-17 13:12:43.600000,403.5006267220329,95
2024-09-17 13:12:43.623000,403.4871501304333,15
2024-09-17 13:12:43.665000,403.5343923041685,5
2024-09-17 13:12:43.696000,403.48306244197113,13
2024-09-17 13:12:43.715000,403.5106813905047,1005
2024-09-17 13:12:43.732000,403.5013377238223,98
2024-09-17 13:12:43.757000,403.49188423714617,95
2024-09-17 13:12:43.856000,403.4962862008785,1004
2024-09-17 13:12:43.882000,403.49285275766215,9
2024-09-17 13:12:43.893000,403.49115734294537,98
2024-09-17 13:12:43.895000,403.4808830669076,13
2024-09-17 13:12:43.896000,403.481965245401,95
2024-09-17 13:12:43.925000,403.4774937020088,97
2024-09-17 13:12:43.960000,403.4972554318395,998
2024-09-17 13:12:43.968000,403.49819899633,95
2024-09-17 13:12:44.021000,403.4740134703241,1003
2024-09-17 13:12:44.068000,403.532315618128,999
2024-09-17 13:12:44.076000,403.5063825543408,101
2024-09-17 13:12:44.076000,403.4713434647573,15
2024-09-17 13:12:44.152000,403.522827174644,5
2024-09-17 13:12:44.166000,403.4773021413042,1003
2024-09-17 13:12:44.206000,403.4677116036478,8
2024-09-17 13:12:44.214000,403.4650420121114,9
2024-09-17 13:12:44.384000,403.4884249739272,6
2024-09-17 13:12:44.496000,403.4754789679429,105
2024-09-17 13:12:44.498000,403.5056912003345,1003
2024-09-17 13:12:44.507000,403.5104148719623,96
2024-09-17 13:12:44.532000,403.52409589631066,15
2024-09-17 13:12:44.551000,403.52643159047193,101
2024-09-17 13:12:44.688000,403.4847851071557,1005
2024-09-17 13:12:44.692000,403.4594555522872,6
2024-09-17 13:12:44.717000,403.46573499899154,999
2024-09-17 13:12:44.806000,403.5116037419462,10
2024-09-17 13:12:44.841000,403.4891382888475,995
2024-09-17 13:12:44.858000,403.5195992678608,998
2024-09-17 13:12:44.929000,403.47301069606704,14
2024-09-17 13:12:44.966000,403.49633243649816,8
2024-09-17 13:12:45.192000,403.5471972138709,5
2024-09-17 13:12:45.259000,403.61049132242266,5
2024-09-17 13:12:45.274000,403.5793489485301,1001
2024-09-17 13:12:45.315000,403.5833510573164,996
2024-09-17 13:12:45.426000,403.5961692270552,995
2024-09-17 13:12:45.449000,403.6009334631341,101
2024-09-17 13:12:45.478000,403.594416491177,100
2024-09-17 13:12:45.865000,403.52961743276114,5
2024-09-17 13:12:45.935000,403.5233140682136,1003
2024-09-17 13:12:45.951000,403.5399410258765,11
2024-09-17 13:12:46.286000,403.6267772936405,10
2024-09-17 13:12:46.453000,403.63266737866553,104
2024-09-17 13:12:46.497000,403.61939757447306,102
2024-09-17 13:12:46.633000,403.6174389906807,5
2024-09-17 13:12:46.736000,403.6056555565093,996
2024-09-17 13:12:46.850000,403.6211849950264,95
2024-09-17 13:12:46.891000,403.6159351619598,97
2024-09-17 13:12:47.007000,403.611333865573,105
2024-09-17 13:12:47.046000,403.6009627763541,1002
2024-09-17 13:12:47.105000,403.6141281069171,998
2024-09-17 13:12:47.210000,403.6054525392373,998
2024-09-17 13:12:47.254000,403.587441508804,10
2024-09-17 13:12:47.340000,403.6102711632175,15
2024-09-17 13:12:47.374000,403.5810565938246,9
2024-09-17 13:12:47.398000,403.5849793525344,10
2024-09-17 13:12:47.404000,403.5881499019066,103
2024-09-17 13:12:47.404000,403.6039021189191,11
2024-09-17 13:12:47.412000,403.6315655536175,999
2024-09-17 13:12:47.430000,403.61813665127926,997
2024-09-17 13:12:47.476000,403.6041472279098,998
2024-09-17 13:12:47.486000,403.6134169468522,5
2024-09-17 13:12:47.533000,403.6378452145497,11
2024-09-17 13:12:47.584000,403.5973529500511,105
2024-09-17 13:12:47.634000,403.5978259037556,1000
2024-09-17 13:12:47.647000,403.6684964162521,96
2024-09-17 13:12:47.673000,403.6465152138279,103
2024-09-17 13:12:47.699000,403.6117914402669,8
2024-09-17 13:12:47.741000,403.6448788134549,95
2024-09-17 13:12:47.786000,403.6044592353662,96
2024-09-17 13:12:47.871000,403.63567743270784,101
2024-09-17 13:12:47.886000,403.607984283338,6
2024-09-17 13:12:47.901000,403.61130634510704,105
2024-09-17 13:12:47.956000,403.5957664616117,995
2024-09-17 13:12:47.967000,403.6029517957786,97
2024-09-17 13:12:48.047000,403.7335801775739,1004
2024-09-17 13:12:48.054000,403.70110637999295,100
2024-09-17 13:12:48.113000,403.70572283123073,96
2024-09-17 13:12:48.181000,403.7289244942036,996
2024-09-17 13:12:48.195000,403.68824045237193,14
2024-09-17 13:12:48.260000,403.6704028433,996
2024-09-17 13:12:48.326000,403.7196346412633,95
2024-09-17 13:12:48.379000,403.6606779337442,996
2024-09-17 13:12:48.467000,403.6765434952951,995
2024-09-17 13:12:48.519000,403.6873950122074,5
2024-09-17 13:12:48.562000,403.67353095262536,8
2024-09-17 13:12:48.594000,403.7289866027585,100
2024-09-17 13:12:48.618000,403.678429079682,1005
2024-09-17 13:12:48.690000,403.6628723473656,104
2024-09-17 13:12:48.701000,403.72185869510594,11
2024-09-17 13:12:48.734000,403.68955640022153,1004
2024-09-17 13:12:48.748000,403.6956613736749,1000
2024-09-17 13:12:48.751000,403.72164980060086,998
2024-09-17 13:12:48.863000,403.66998617435286,1005
2024-09-17 13:12:48.924000,403.7185667235135,97
2024-09-17 13:12:49.046000,403.65324265008655,100
2024-09-17 13:12:49.182000,403.6427419827964,11
2024-09-17 13:12:49.378000,403.62600123859465,1002
2024-09-17 13:12:49.550000,403.6433814849133,1005
2024-09-17 13:12:49.598000,403.64979976015314,102
2024-09-17 13:12:49.700000,403.6380428801148,5
2024-09-17 13:12:49.735000,403.6347282290028,101
2024-09-17 13:12:50.059000,403.5993131625809,100
2024-09-17 13:12:50.152000,403.6216174736071,12
2024-09-17 13:12:50.206000,403.6454804231466,1002
2024-09-17 13:12:50.227000,403.6593812923989,1003
2024-09-17 13:12:50.227000,403.6037389288598,97
2024-09-17 13:12:50.256000,403.6285402447988,1004
2024-09-17 13:12:50.266000,403.6006071238276,13
2024-09-17 13:12:50.284000,403.6253432144664,11
2024-09-17 13:12:50.291000,403.6224762683363,7
2024-09-17 13:12:50.313000,403.62471907050025,997
2024-09-17 13:12:50.348000,403.655251892917,96
2024-09-17 13:12:50.351000,403.6134943892752,96
2024-09-17 13:12:50.363000,403.6474344796154,999
2024-09-17 13:12:50.378000,403.6592939058168,102
2024-09-17 13:12:50.484000,403.6112592921613,14
2024-09-17 13:12:50.485000,403.6360574871389,105
2024-09-17 13:12:50.524000,403.63004280812,10
2024-09-17 13:12:50.586000,403.6250587058936,101
2024-09-17 13:12:50.688000,403.6455476458181,96
2024-09-17 13:12:50.731000,403.64606864100864,8
2024-09-17 13:12:50.772000,403.63451092459616,5
2024-09-17 13:12:50.786000,403.59947538256887,101
2024-09-17 13:12:50.801000,403.5995927298829,1001
2024-09-17 13:12:50.808000,403.6475614254884,1004
2024-09-17 13:12:50.836000,403.6725696967765,1001
2024-09-17 13:12:50.872000,403.62722908277897,995
2024-09-17 13:12:50.877000,403.5992762738639,97
2024-09-17 13:12:50.882000,403.65852927374607,14
2024-09-17 13:12:50.923000,403.6288793837084,996
2024-09-17 13:12:51.088000,403.6216101351207,1002
2024-09-17 13:12:51.224000,403.6372319772457,997
2024-09-17 13:12:51.459000,403.6332765107724,5
2024-09-17 13:12:51.630000,403.61917496747714,98
2024-09-17 13:12:51.966000,403.6220478777557,999
2024-09-17 13:12:52,403.6760718101649,6
2024-09-17 13:12:52.091000,403.67710487589096,95
2024-09-17 13:12:52.187000,403.667810123091,96
2024-09-17 13:12:52.196000,403.6650591217513,15
2024-09-17 13:12:52.286000,403.6773320618755,10
2024-09-17 13:12:52.287000,403.656258986059,5
2024-09-17 13:12:52.405000,403.6466915698951,11
2024-09-17 13:12:52.419000,403.6258334791936,997
2024-09-17 13:12:52.660000,403.65098940406415,102
2024-09-17 13:12:52.820000,403.6903928166658,103
2024-09-17 13:12:52.859000,403.6863700229732,103
2024-09-17 13:12:52.883000,403.67937216640206,10
2024-09-17 13:12:52.984000,403.6482889252093,11
2024-09-17 13:12:53.141000,403.67039883643497,9
2024-09-17 13:12:53.174000,403.6370353047069,12
2024-09-17 13:12:53.181000,403.6448867619594,11
2024-09-17 13:12:53.307000,403.64195183768175,1004
2024-09-17 13:12:53.395000,403.63324247701,15
2024-09-17 13:12:53.437000,403.6389370158118,1003
2024-09-17 13:12:53.469000,403.6468169597777,1004
2024-09-17 13:12:53.604000,403.6332267744332,13
2024-09-17 13:12:53.623000,403.6559179433645,12
2024-09-17 13:12:53.650000,403.6379338191149,99
2024-09-17 13:12:53.899000,403.64623804757264,1000
2024-09-17 13:12:53.920000,403.6503040617936,995
2024-09-17 13:12:53.979000,403.6557783173634,998
2024-09-17 13:12:53.995000,403.62828301152587,96
2024-09-17 13:12:54.085000,403.6712497404928,7
2024-09-17 13:12:54.309000,403.66705836850906,997
2024-09-17 13:12:54.502000,403.6680583951284,96
2024-09-17 13:12:54.872000,403.6717072526004,999
2024-09-17 13:12:55.143000,403.6635130593675,98
2024-09-17 13:12:55.165000,403.672375540728,98
2024-09-17 13:12:55.224000,403.6601837407355,12
2024-09-17 13:12:55.240000,403.64074601845886,14
2024-09-17 13:12:55.269000,403.6508970331191,12
2024-09-17 13:12:55.274000,403.68505524279885,102
2024-09-17 13:12:55.286000,403.67087804602255,9
2024-09-17 13:12:55.663000,403.66631532979017,101
2024-09-17 13:12:55.812000,403.6577360091269,1004
2024-09-17 13:12:55.854000,403.6468147795636,5
2024-09-17 13:12:55.855000,403.6546997084438,105
2024-09-17 13:12:55.947000,403.6589657989786,998
2024-09-17 13:12:56.123000,403.6386271768026,99
2024-09-17 13:12:56.142000,403.6443779239708,12
2024-09-17 13:12:56.185000,403.6386130925548,1005
2024-09-17 13:12:56.301000,403.6443837765348,15
2024-09-17 13:12:56.439000,403.6590291790688,98
2024-09-17 13:12:56.475000,403.6592260416393,102
2024-09-17 13:12:56.593000,403.63165175982607,6
2024-09-17 13:12:56.829000,403.6235927258859,8
2024-09-17 13:12:56.848000,403.63997854083135,1002
2024-09-17 13:12:56.881000,403.6648415328503,14
2024-09-17 13:12:56.909000,403.6336388673352,12
2024-09-17 13:12:56.920000,403.6608362094549,8
2024-09-17 13:12:56.965000,403.6390379971512,15
2024-09-17 13:12:57.146000,403.65631821904543,100
2024-09-17 13:12:57.152000,403.6174836535302,97
2024-09-17 13:12:57.265000,403.6145269109153,999
2024-09-17 13:12:57.418000,403.63145626863,8
2024-09-17 13:12:57.503000,403.6196019711441,15
2024-09-17 13:12:57.655000,403.6162790753618,995
2024-09-17 13:12:57.662000,403.6228717266827,995
2024-09-17 13:12:57.913000,403.639166003995,14
2024-09-17 13:12:57.956000,403.6200883723293,1005
2024-09-17 13:12:57.995000,403.6313853956944,13
2024-09-17 13:12:58.024000,403.6238853152529,15
2024-09-17 13:12:58.100000,403.6057758447422,7
2024-09-17 13:12:58.183000,403.6358213231496,996
2024-09-17 13:12:58.187000,403.5988699169623,12
2024-09-17 13:12:58.329000,403.6077099701593,996
2024-09-17 13:12:58.393000,403.6144835719063,5
2024-09-17 13:12:58.528000,403.60627629814456,15
2024-09-17 13:12:58.529000,403.6023407902765,100
2024-09-17 13:12:58.574000,403.65384640825465,104
2024-09-17 13:12:58.585000,403.6495150930112,13
2024-09-17 13:12:58.591000,403.6305365465164,97
2024-09-17 13:12:58.625000,403.5953692235962,15
2024-09-17 13:12:58.765000,403.6436368322465,96
2024-09-17 13:12:58.775000,403.6048360034008,1002
2024-09-17 13:12:58.775000,403.65143478886193,1001
2024-09-17 13:12:58.787000,403.6286259463346,996
2024-09-17 13:12:58.797000,403.6338443082632,15
2024-09-17 13:12:58.935000,403.601886999642,996
2024-09-17 13:12:59.009000,403.6364452829184,101
2024-09-17 13:12:59.035000,403.6332815238715,12
2024-09-17 13:12:59.059000,403.6555362182078,998
2024-09-17 13:12:59.081000,403.62124182050815,95
2024-09-17 13:12:59.146000,403.6381794129593,104
2024-09-17 13:12:59.164000,403.61708068596033,8
2024-09-17 13:12:59.191000,403.6345487254514,996
2024-09-17 13:12:59.276000,403.643799155377,10
2024-09-17 13:12:59.285000,403.631739571876,1002
2024-09-17 13:12:59.288000,403.6411879690731,10
2024-09-17 13:12:59.425000,403.6528332714136,1000
2024-09-17 13:12:59.461000,403.6303886145796,995
2024-09-17 13:12:59.470000,403.6503029895159,998
2024-09-17 13:12:59.538000,403.6308381023508,101
2024-09-17 13:12:59.611000,403.6273675064988,8
2024-09-17 13:12:59.648000,403.6462640983309,8
2024-09-17 13:12:59.656000,403.6491235998921,13
2024-09-17 13:12:59.789000,403.6179399181685,12
2024-09-17 13:12:59.901000,403.6252288583776,104
2024-09-17 13:12:59.982000,403.64373298386624,102
