Timestamp,Price,Size
2024-09-18 14:19:00.086000,413.8717753408119,1000
2024-09-18 14:19:00.285000,413.8583429490965,97
2024-09-18 14:19:00.357000,413.8713687972998,996
2024-09-18 14:19:00.428000,413.8356146664392,103
2024-09-18 14:19:00.432000,413.87849664673104,13
2024-09-18 14:19:00.441000,413.8667555969466,1004
2024-09-18 14:19:00.516000,413.8640748133722,11
2024-09-18 14:19:00.541000,413.8434825314795,998
2024-09-18 14:19:00.594000,413.8685142174504,1003
2024-09-18 14:19:00.625000,413.8360935028594,105
2024-09-18 14:19:00.708000,413.8179027221699,104
2024-09-18 14:19:00.715000,413.8894531809684,15
2024-09-18 14:19:00.772000,413.8225780556346,100
2024-09-18 14:19:01.153000,413.8692632619265,105
2024-09-18 14:19:01.190000,413.8402198091744,998
2024-09-18 14:19:01.225000,413.83606304724736,101
2024-09-18 14:19:01.328000,413.8687868838576,6
2024-09-18 14:19:01.494000,413.8699625217136,9
2024-09-18 14:19:01.544000,413.8620615553373,7
2024-09-18 14:19:01.632000,413.8786108969696,15
2024-09-18 14:19:01.832000,413.8486356028984,998
2024-09-18 14:19:02.435000,413.8569150239873,104
2024-09-18 14:19:02.811000,413.84210996260754,101
2024-09-18 14:19:03.004000,413.8330577128533,10
2024-09-18 14:19:03.028000,413.8615088465929,6
2024-09-18 14:19:03.068000,413.8472971089216,99
2024-09-18 14:19:03.238000,413.8349724313455,14
2024-09-18 14:19:03.317000,413.8465200239461,103
2024-09-18 14:19:03.392000,413.874832476864,1005
2024-09-18 14:19:03.524000,413.8417158643261,10
2024-09-18 14:19:03.531000,413.83085887649634,13
2024-09-18 14:19:03.589000,413.84402698740337,995
2024-09-18 14:19:03.680000,413.824762555231,97
2024-09-18 14:19:03.790000,413.84362502204897,14
2024-09-18 14:19:03.986000,413.8412987154686,99
2024-09-18 14:19:03.990000,413.83911533454096,103
2024-09-18 14:19:04.138000,413.863401035118,998
2024-09-18 14:19:04.583000,413.8662122497325,998
2024-09-18 14:19:04.872000,413.86114859067646,97
2024-09-18 14:19:05.160000,413.908434814506,996
2024-09-18 14:19:05.186000,413.8847369243939,97
2024-09-18 14:19:05.226000,413.8777759535152,1001
2024-09-18 14:19:05.240000,413.8940493091301,999
2024-09-18 14:19:05.249000,413.8736751145751,1004
2024-09-18 14:19:05.298000,413.9637303100479,997
2024-09-18 14:19:05.354000,413.9613507116749,5
2024-09-18 14:19:05.398000,413.93169870122176,104
2024-09-18 14:19:05.417000,413.95031233536207,102
2024-09-18 14:19:05.455000,413.891709586612,14
2024-09-18 14:19:05.568000,413.8796497251156,998
2024-09-18 14:19:05.604000,413.9033105115556,13
2024-09-18 14:19:05.833000,413.9189417940982,10
2024-09-18 14:19:05.893000,413.94050328492926,100
2024-09-18 14:19:05.896000,413.9259876943937,12
2024-09-18 14:19:05.905000,413.95233200225016,7
2024-09-18 14:19:06.010000,413.9124849306764,96
2024-09-18 14:19:06.020000,413.90789767563206,1002
2024-09-18 14:19:06.063000,413.9365681604857,998
2024-09-18 14:19:06.389000,413.91631574857854,98
2024-09-18 14:19:06.394000,413.9591023691953,101
2024-09-18 14:19:06.423000,413.95286695826,101
2024-09-18 14:19:06.472000,413.9402836296419,9
2024-09-18 14:19:06.677000,413.9197876557376,1004
2024-09-18 14:19:06.823000,413.9142475122188,6
2024-09-18 14:19:06.945000,413.941313694132,12
2024-09-18 14:19:06.954000,413.9205243174348,995
2024-09-18 14:19:06.976000,413.9160536376685,7
2024-09-18 14:19:07.132000,413.9323097040311,8
2024-09-18 14:19:07.135000,413.92498355424567,95
2024-09-18 14:19:07.179000,413.9445376360299,96
2024-09-18 14:19:07.453000,413.93947475461897,6
2024-09-18 14:19:07.477000,413.9374644327756,8
2024-09-18 14:19:07.505000,413.9050995063108,995
2024-09-18 14:19:07.515000,413.9311690086536,98
2024-09-18 14:19:07.700000,413.9133715474556,6
2024-09-18 14:19:07.803000,413.9234125728857,98
2024-09-18 14:19:07.917000,413.9467986655577,12
2024-09-18 14:19:08.124000,413.9075905102964,104
2024-09-18 14:19:08.499000,413.9311178338538,14
2024-09-18 14:19:08.521000,413.8878198606973,1003
2024-09-18 14:19:08.530000,413.8806718494968,9
2024-09-18 14:19:08.551000,413.8929490614515,12
2024-09-18 14:19:08.603000,413.8996740037357,1003
2024-09-18 14:19:08.710000,413.9389451027924,100
2024-09-18 14:19:08.725000,413.9346378890605,97
2024-09-18 14:19:08.773000,413.9104262719479,11
2024-09-18 14:19:08.816000,413.8881302812322,998
2024-09-18 14:19:08.817000,413.9354289539104,1005
2024-09-18 14:19:08.824000,413.8942432644072,102
2024-09-18 14:19:08.988000,413.93888599378505,13
2024-09-18 14:19:09.046000,413.92336169560167,99
2024-09-18 14:19:09.239000,413.90821699592,103
2024-09-18 14:19:09.240000,413.9071877008555,995
2024-09-18 14:19:09.266000,413.90254458201423,14
2024-09-18 14:19:09.292000,413.9468358124547,7
2024-09-18 14:19:09.340000,413.91485657517137,14
2024-09-18 14:19:09.490000,413.8788282742997,97
2024-09-18 14:19:09.532000,413.9236409604662,96
2024-09-18 14:19:09.543000,413.8794825436297,999
2024-09-18 14:19:09.716000,413.8840792524949,1003
2024-09-18 14:19:09.722000,413.9098810534337,9
2024-09-18 14:19:09.748000,413.9362940402712,1003
2024-09-18 14:19:09.765000,413.9230285879608,998
2024-09-18 14:19:09.792000,413.9137158816336,103
2024-09-18 14:19:09.975000,413.9427885240862,14
2024-09-18 14:19:09.985000,413.9076983440111,105
2024-09-18 14:19:09.991000,413.9322920415705,104
2024-09-18 14:19:10.393000,413.8833128833854,10
2024-09-18 14:19:10.467000,413.8838026228371,10
2024-09-18 14:19:10.547000,413.8992343524484,102
2024-09-18 14:19:10.644000,413.89267489208993,104
2024-09-18 14:19:10.674000,413.8860306368442,996
2024-09-18 14:19:10.712000,413.8762268270352,99
2024-09-18 14:19:10.900000,413.9064603152268,1005
2024-09-18 14:19:10.941000,413.9006305477131,1000
2024-09-18 14:19:10.945000,413.8890945759308,996
2024-09-18 14:19:11.248000,413.94010468722576,104
2024-09-18 14:19:11.685000,413.9290792938529,6
2024-09-18 14:19:11.686000,413.8962897321141,14
2024-09-18 14:19:11.783000,413.9549725326772,1003
2024-09-18 14:19:12.046000,413.8976088281945,101
2024-09-18 14:19:12.065000,413.9071077267994,96
2024-09-18 14:19:12.133000,413.9056400002829,11
2024-09-18 14:19:12.161000,413.9096457844738,95
2024-09-18 14:19:12.260000,413.922102476208,95
2024-09-18 14:19:12.394000,413.9122995881599,1001
2024-09-18 14:19:12.422000,413.9320176611273,101
2024-09-18 14:19:12.427000,413.90635244773176,1001
2024-09-18 14:19:12.444000,413.908620037062,1004
2024-09-18 14:19:12.455000,413.9350256309054,6
2024-09-18 14:19:12.470000,413.9185424437866,15
2024-09-18 14:19:12.477000,413.9037566751277,1003
2024-09-18 14:19:12.482000,413.9264764047689,10
2024-09-18 14:19:12.495000,413.8995816523114,102
2024-09-18 14:19:12.524000,413.9033077124313,104
2024-09-18 14:19:12.535000,413.911345019368,13
2024-09-18 14:19:12.537000,413.9175815231805,100
2024-09-18 14:19:12.544000,413.9161706490016,996
2024-09-18 14:19:12.635000,413.923855843152,1004
2024-09-18 14:19:12.658000,413.9283901978069,10
2024-09-18 14:19:12.696000,413.938246910748,1001
2024-09-18 14:19:12.741000,413.9262931551229,1000
2024-09-18 14:19:12.748000,413.9143375395882,5
2024-09-18 14:19:12.780000,413.9168894933606,105
2024-09-18 14:19:12.840000,413.9265050575576,102
2024-09-18 14:19:12.903000,413.9187169987793,102
2024-09-18 14:19:12.927000,413.92466731068015,5
2024-09-18 14:19:12.930000,413.9287457892073,8
2024-09-18 14:19:12.941000,413.9225587715858,96
2024-09-18 14:19:12.968000,413.92607633960864,996
2024-09-18 14:19:13.049000,413.9151995960943,96
2024-09-18 14:19:13.057000,413.8938264787658,104
2024-09-18 14:19:13.067000,413.8959877430668,14
2024-09-18 14:19:13.099000,413.9019278983866,13
2024-09-18 14:19:13.121000,413.8549507726243,10
2024-09-18 14:19:13.140000,413.8830342863573,996
2024-09-18 14:19:13.146000,413.7754847433235,102
2024-09-18 14:19:13.148000,413.8308135966297,1001
2024-09-18 14:19:13.220000,413.9216971377217,997
2024-09-18 14:19:13.236000,413.8553351188985,103
2024-09-18 14:19:13.252000,413.8938236137806,13
2024-09-18 14:19:13.267000,413.9041782550853,105
2024-09-18 14:19:13.281000,413.9205258948275,995
2024-09-18 14:19:13.301000,413.8910641847368,1003
2024-09-18 14:19:13.320000,413.9165964181707,100
2024-09-18 14:19:13.324000,413.90388196046007,95
2024-09-18 14:19:13.424000,413.90429504503663,1004
2024-09-18 14:19:13.432000,413.9294577545656,1000
2024-09-18 14:19:13.528000,413.8476764894373,6
2024-09-18 14:19:13.530000,413.8668223829837,102
2024-09-18 14:19:13.561000,413.7867790719998,12
2024-09-18 14:19:13.654000,413.9039308683852,99
2024-09-18 14:19:13.731000,413.8752150987663,1005
2024-09-18 14:19:13.886000,413.8970667618114,1001
2024-09-18 14:19:13.912000,413.8259497769481,101
2024-09-18 14:19:13.960000,413.8151135708715,15
2024-09-18 14:19:13.985000,413.9011578092401,104
2024-09-18 14:19:14.010000,413.7792705179304,14
2024-09-18 14:19:14.037000,413.7730348055772,96
2024-09-18 14:19:14.080000,413.75378781002246,15
2024-09-18 14:19:14.171000,413.8017069955509,95
2024-09-18 14:19:14.218000,413.76953520125033,1002
2024-09-18 14:19:14.223000,413.770783213854,1003
2024-09-18 14:19:14.226000,413.7642877609611,10
2024-09-18 14:19:14.291000,413.7674021877375,13
2024-09-18 14:19:14.308000,413.77583669969033,997
2024-09-18 14:19:14.356000,413.771619311096,9
2024-09-18 14:19:14.487000,413.7881168219251,97
2024-09-18 14:19:14.554000,413.7763089841371,104
2024-09-18 14:19:14.651000,413.7723591916231,1005
2024-09-18 14:19:14.764000,413.7872361525102,105
2024-09-18 14:19:14.775000,413.7611212890809,999
2024-09-18 14:19:14.802000,413.7717901494834,97
2024-09-18 14:19:14.843000,413.7991387140722,995
2024-09-18 14:19:14.903000,413.7847230748085,1001
2024-09-18 14:19:14.940000,413.7835287578844,1000
2024-09-18 14:19:14.941000,413.7681332918088,1001
2024-09-18 14:19:14.944000,413.76752466297,101
2024-09-18 14:19:14.952000,413.7912032736101,10
2024-09-18 14:19:15.019000,413.74636678559057,1004
2024-09-18 14:19:15.022000,413.7900346036295,14
2024-09-18 14:19:15.064000,413.7739476442563,101
2024-09-18 14:19:15.118000,413.8035852864949,97
2024-09-18 14:19:15.191000,413.7770386637156,9
2024-09-18 14:19:15.242000,413.8337962885968,1004
2024-09-18 14:19:15.339000,413.7835327574721,103
2024-09-18 14:19:15.343000,413.7778014400899,102
2024-09-18 14:19:15.374000,413.7520230431907,10
2024-09-18 14:19:15.381000,413.7741799836692,1000
2024-09-18 14:19:15.396000,413.7849872496172,96
2024-09-18 14:19:15.430000,413.760017233046,1003
2024-09-18 14:19:15.487000,413.8206626035711,1003
2024-09-18 14:19:15.491000,413.7777491015447,101
2024-09-18 14:19:15.492000,413.8122528499381,96
2024-09-18 14:19:15.575000,413.7694395198962,9
2024-09-18 14:19:15.579000,413.7834037729684,997
2024-09-18 14:19:15.618000,413.766643763342,98
2024-09-18 14:19:15.661000,413.8255884022933,996
2024-09-18 14:19:15.685000,413.8229872009711,14
2024-09-18 14:19:15.714000,413.7828716934958,1001
2024-09-18 14:19:15.722000,413.7592640696381,996
2024-09-18 14:19:15.763000,413.7773044778617,11
2024-09-18 14:19:15.817000,413.7859555149445,100
2024-09-18 14:19:15.871000,413.7765293137148,1002
2024-09-18 14:19:15.902000,413.7398064251055,12
2024-09-18 14:19:15.908000,413.7564945464649,1003
2024-09-18 14:19:15.921000,413.7439807242847,14
2024-09-18 14:19:15.971000,413.7688504335167,995
2024-09-18 14:19:16.107000,413.833839097735,8
2024-09-18 14:19:16.122000,413.8185427620091,95
2024-09-18 14:19:16.205000,413.8265568118212,98
2024-09-18 14:19:16.306000,413.8514661763383,1004
2024-09-18 14:19:16.321000,413.8678634712076,1001
2024-09-18 14:19:16.442000,413.8380515018285,104
2024-09-18 14:19:16.506000,413.8196090243911,1001
2024-09-18 14:19:16.555000,413.8374585003744,11
2024-09-18 14:19:16.642000,413.8167153790143,996
2024-09-18 14:19:16.651000,413.83820656065006,100
2024-09-18 14:19:16.670000,413.8835469116503,104
2024-09-18 14:19:16.704000,413.8324161570104,100
2024-09-18 14:19:16.820000,413.8221174899949,1001
2024-09-18 14:19:16.844000,413.8912640540858,9
2024-09-18 14:19:16.844000,413.8589274367509,97
2024-09-18 14:19:16.929000,413.8830244356295,95
2024-09-18 14:19:17.005000,413.9093385770845,100
2024-09-18 14:19:17.072000,413.90107336759297,95
2024-09-18 14:19:17.235000,413.8976871659963,14
2024-09-18 14:19:17.250000,413.8994592164606,6
2024-09-18 14:19:17.323000,413.8528609959475,998
2024-09-18 14:19:17.383000,413.8405498288101,1001
2024-09-18 14:19:17.448000,413.8892905653934,999
2024-09-18 14:19:17.530000,413.8690572129175,998
2024-09-18 14:19:17.603000,413.8985412238183,1002
2024-09-18 14:19:17.655000,413.90430627321655,5
2024-09-18 14:19:17.687000,413.8427595354913,1000
2024-09-18 14:19:17.691000,413.8991932945769,8
2024-09-18 14:19:17.792000,413.8597844738693,103
2024-09-18 14:19:17.949000,413.8534450023467,98
2024-09-18 14:19:17.963000,413.8923891774575,99
2024-09-18 14:19:17.992000,413.85328012429983,997
2024-09-18 14:19:18.827000,413.8637745179149,1004
2024-09-18 14:19:18.846000,413.843455403227,104
2024-09-18 14:19:19.101000,413.8301662250903,1004
2024-09-18 14:19:19.345000,413.8623673293506,100
2024-09-18 14:19:19.386000,413.8106733077394,98
2024-09-18 14:19:19.388000,413.8453354916969,1001
2024-09-18 14:19:19.415000,413.8351783365921,9
2024-09-18 14:19:19.429000,413.8527901597385,104
2024-09-18 14:19:19.485000,413.7982500057421,998
2024-09-18 14:19:19.561000,413.8313445804086,104
2024-09-18 14:19:19.623000,413.8224425154335,1003
2024-09-18 14:19:19.803000,413.8677779684023,104
2024-09-18 14:19:19.845000,413.80363306220056,1003
2024-09-18 14:19:19.872000,413.8493947803208,7
2024-09-18 14:19:19.885000,413.80968988707457,1003
2024-09-18 14:19:19.972000,413.82617199488766,14
2024-09-18 14:19:20.317000,413.7902468657365,13
2024-09-18 14:19:20.375000,413.8021014171675,5
2024-09-18 14:19:20.449000,413.841142018217,95
2024-09-18 14:19:20.453000,413.7946773442095,100
2024-09-18 14:19:20.503000,413.792398646628,1003
2024-09-18 14:19:20.521000,413.8078341320072,97
2024-09-18 14:19:20.532000,413.79919430385513,105
2024-09-18 14:19:20.597000,413.8026029467045,998
2024-09-18 14:19:20.637000,413.8325277940757,997
2024-09-18 14:19:20.651000,413.8418083109012,104
2024-09-18 14:19:20.662000,413.8161971516235,14
2024-09-18 14:19:20.735000,413.777009660742,103
2024-09-18 14:19:20.758000,413.7903685500546,11
2024-09-18 14:19:20.790000,413.8029297879451,102
2024-09-18 14:19:20.820000,413.8572638671031,10
2024-09-18 14:19:20.833000,413.7952971567059,102
2024-09-18 14:19:20.835000,413.8131643046449,104
2024-09-18 14:19:20.851000,413.7905748122257,1003
2024-09-18 14:19:20.889000,413.83038722242577,1003
2024-09-18 14:19:20.914000,413.79353198361696,13
2024-09-18 14:19:20.940000,413.7928052179819,7
2024-09-18 14:19:20.951000,413.811408285768,5
2024-09-18 14:19:21.597000,413.7702498374175,97
2024-09-18 14:19:21.625000,413.7739956230348,11
2024-09-18 14:19:21.645000,413.7929315510875,9
2024-09-18 14:19:21.664000,413.76927143060254,102
2024-09-18 14:19:21.782000,413.7981164216653,14
2024-09-18 14:19:21.785000,413.7724637155662,10
2024-09-18 14:19:21.849000,413.7632214098439,96
2024-09-18 14:19:21.994000,413.7643043514044,996
2024-09-18 14:19:22.006000,413.7556180477361,104
2024-09-18 14:19:22.058000,413.786333020482,97
2024-09-18 14:19:22.064000,413.8115348825165,1004
2024-09-18 14:19:22.147000,413.8126585466133,95
2024-09-18 14:19:22.275000,413.804998694033,103
2024-09-18 14:19:22.275000,413.8142508489394,15
2024-09-18 14:19:22.346000,413.807907421918,1002
2024-09-18 14:19:22.349000,413.816392689238,98
2024-09-18 14:19:22.374000,413.819736419762,996
2024-09-18 14:19:22.378000,413.80005340393865,996
2024-09-18 14:19:22.649000,413.80078127548205,11
2024-09-18 14:19:22.836000,413.80601173363294,995
2024-09-18 14:19:22.903000,413.8161329073538,1002
2024-09-18 14:19:22.976000,413.75416220421374,104
2024-09-18 14:19:22.987000,413.8112696398116,7
2024-09-18 14:19:23.016000,413.88664150210593,105
2024-09-18 14:19:23.029000,413.8614327230013,98
2024-09-18 14:19:23.059000,413.8707217016026,105
2024-09-18 14:19:23.200000,413.8911422830864,999
2024-09-18 14:19:23.330000,413.8299461840752,12
2024-09-18 14:19:23.599000,413.8049926086807,10
2024-09-18 14:19:23.609000,413.8769243864172,13
2024-09-18 14:19:23.622000,413.8104598186017,103
2024-09-18 14:19:23.650000,413.8482040614286,7
2024-09-18 14:19:23.693000,413.88063778789007,996
2024-09-18 14:19:23.708000,413.8780675813734,997
2024-09-18 14:19:23.819000,413.87299941059337,12
2024-09-18 14:19:23.821000,413.8908648427007,9
2024-09-18 14:19:23.914000,413.815543129681,97
2024-09-18 14:19:23.947000,413.8412285374027,1002
2024-09-18 14:19:23.971000,413.84115120189625,15
2024-09-18 14:19:23.990000,413.8136058138337,1002
2024-09-18 14:19:24.311000,413.8768417857048,102
2024-09-18 14:19:24.369000,413.877941923942,103
2024-09-18 14:19:24.383000,413.8773371235422,13
2024-09-18 14:19:24.425000,413.8789949450464,102
2024-09-18 14:19:24.489000,413.859395804494,995
2024-09-18 14:19:24.815000,413.8850218435777,8
2024-09-18 14:19:24.944000,413.87994506696526,10
2024-09-18 14:19:24.986000,413.8597716722979,97
2024-09-18 14:19:24.991000,413.866175448203,1002
2024-09-18 14:19:24.999000,413.8820470568086,14
2024-09-18 14:19:25.022000,413.8826194078721,999
2024-09-18 14:19:25.041000,413.8511752968572,998
2024-09-18 14:19:25.045000,413.883745446496,996
2024-09-18 14:19:25.068000,413.8550008775911,1001
2024-09-18 14:19:25.097000,413.87291012880326,1005
2024-09-18 14:19:25.127000,413.8471746301332,8
2024-09-18 14:19:25.132000,413.8684710298718,10
2024-09-18 14:19:25.168000,413.8479174045981,1002
2024-09-18 14:19:25.204000,413.85701487101073,6
2024-09-18 14:19:25.236000,413.8719631253628,1000
2024-09-18 14:19:25.281000,413.8603212801815,6
2024-09-18 14:19:25.300000,413.839104003666,10
2024-09-18 14:19:25.303000,413.8635791246432,99
2024-09-18 14:19:25.306000,413.8936384270849,1004
2024-09-18 14:19:25.495000,413.8660363118109,11
2024-09-18 14:19:25.516000,413.8512088397116,999
2024-09-18 14:19:25.559000,413.8591089708376,105
2024-09-18 14:19:25.594000,413.8742396813049,100
2024-09-18 14:19:25.726000,413.8847241486345,99
2024-09-18 14:19:25.923000,413.88503951361815,101
2024-09-18 14:19:25.929000,413.8537347441362,999
2024-09-18 14:19:25.990000,413.8621414371217,97
2024-09-18 14:19:26.153000,413.9031775316466,95
2024-09-18 14:19:27.121000,413.8694502796236,13
2024-09-18 14:19:27.129000,413.8704549223437,101
2024-09-18 14:19:27.132000,413.8997161339184,8
2024-09-18 14:19:27.239000,413.8657520170791,6
2024-09-18 14:19:27.321000,413.8719191762031,1003
2024-09-18 14:19:27.415000,413.8733064193935,1002
2024-09-18 14:19:27.429000,413.8665654125744,11
2024-09-18 14:19:27.451000,413.8919418691359,105
2024-09-18 14:19:27.524000,413.876629047699,1001
2024-09-18 14:19:27.531000,413.8758538591617,11
2024-09-18 14:19:27.565000,413.8745369041177,1004
2024-09-18 14:19:27.608000,413.8908412247452,1005
2024-09-18 14:19:27.611000,413.8723619799674,104
2024-09-18 14:19:27.711000,413.8743408833072,103
2024-09-18 14:19:27.763000,413.8605197719981,995
2024-09-18 14:19:27.815000,413.88890757045647,1003
2024-09-18 14:19:27.817000,413.8826420713794,5
2024-09-18 14:19:27.830000,413.87345269024246,95
2024-09-18 14:19:27.867000,413.87419668980255,997
2024-09-18 14:19:28.092000,413.8545148777603,7
2024-09-18 14:19:28.136000,413.8310589755114,1004
2024-09-18 14:19:28.173000,413.84172661556096,100
2024-09-18 14:19:28.244000,413.8477254207097,7
2024-09-18 14:19:28.267000,413.8173833271673,999
2024-09-18 14:19:28.314000,413.87664191698906,101
2024-09-18 14:19:28.334000,413.8275740144787,1002
2024-09-18 14:19:28.500000,413.83605552366265,998
2024-09-18 14:19:28.517000,413.83854174781305,1001
2024-09-18 14:19:28.565000,413.84049930352415,1004
2024-09-18 14:19:28.589000,413.8641683900306,8
2024-09-18 14:19:28.836000,413.8346113233183,13
2024-09-18 14:19:28.945000,413.8151280285204,96
2024-09-18 14:19:28.974000,413.8211289177539,12
2024-09-18 14:19:28.979000,413.8352590435184,1004
2024-09-18 14:19:29.038000,413.7837256447757,102
2024-09-18 14:19:29.066000,413.8007395923622,97
2024-09-18 14:19:29.212000,413.8322729979271,97
2024-09-18 14:19:29.261000,413.7734875756663,1000
2024-09-18 14:19:29.343000,413.782374389666,101
2024-09-18 14:19:29.353000,413.8050113455973,103
2024-09-18 14:19:29.401000,413.8276593777375,104
2024-09-18 14:19:29.468000,413.7845239322329,10
2024-09-18 14:19:29.473000,413.8234428958282,1004
2024-09-18 14:19:29.484000,413.769495906882,9
2024-09-18 14:19:29.522000,413.76219358575656,101
2024-09-18 14:19:29.532000,413.7751744730615,10
2024-09-18 14:19:29.581000,413.7638066395589,9
2024-09-18 14:19:29.595000,413.7731760625357,96
2024-09-18 14:19:29.599000,413.829012901415,13
2024-09-18 14:19:29.674000,413.773176992544,5
2024-09-18 14:19:29.680000,413.7743926745322,99
2024-09-18 14:19:29.700000,413.7756860920886,98
2024-09-18 14:19:29.718000,413.7816836809139,7
2024-09-18 14:19:29.760000,413.8020939535638,14
2024-09-18 14:19:29.899000,413.7779798366608,14
2024-09-18 14:19:29.915000,413.8055484476942,1004
2024-09-18 14:19:30.016000,413.7051196394148,1004
2024-09-18 14:19:30.022000,413.71575365160186,996
2024-09-18 14:19:30.113000,413.7328619155338,997
2024-09-18 14:19:30.115000,413.7393897659094,100
2024-09-18 14:19:30.142000,413.6962504069036,998
2024-09-18 14:19:30.206000,413.7302464663351,999
2024-09-18 14:19:30.210000,413.7135738093043,9
2024-09-18 14:19:30.236000,413.75380267126354,97
2024-09-18 14:19:30.345000,413.77007672000417,14
2024-09-18 14:19:30.474000,413.7459206060476,7
2024-09-18 14:19:30.506000,413.74458995262455,100
2024-09-18 14:19:30.627000,413.7430038797391,105
2024-09-18 14:19:30.738000,413.6977740308882,996
2024-09-18 14:19:30.741000,413.7649352496776,1004
2024-09-18 14:19:30.743000,413.7417768733333,996
2024-09-18 14:19:30.844000,413.7497743443976,14
2024-09-18 14:19:30.888000,413.7396801793231,104
2024-09-18 14:19:30.907000,413.7320345865591,101
2024-09-18 14:19:30.944000,413.727722753712,1003
2024-09-18 14:19:30.968000,413.74402208229634,96
2024-09-18 14:19:30.990000,413.7409856370582,104
2024-09-18 14:19:31.123000,413.63463991342775,11
2024-09-18 14:19:31.182000,413.73550517818745,1001
2024-09-18 14:19:31.338000,413.6163198394353,100
2024-09-18 14:19:31.348000,413.61443554562095,95
2024-09-18 14:19:31.365000,413.6315966711476,12
2024-09-18 14:19:31.492000,413.69161001826166,9
2024-09-18 14:19:31.607000,413.72854035539547,103
2024-09-18 14:19:31.620000,413.6864620602425,1002
2024-09-18 14:19:31.649000,413.7479469452069,105
2024-09-18 14:19:31.709000,413.7288869427507,5
2024-09-18 14:19:31.711000,413.6373051091331,100
2024-09-18 14:19:31.742000,413.67354438929874,99
2024-09-18 14:19:31.749000,413.6791625249666,999
2024-09-18 14:19:31.827000,413.7008550182628,8
2024-09-18 14:19:31.833000,413.7094098738549,1005
2024-09-18 14:19:31.868000,413.7300814077341,103
2024-09-18 14:19:31.880000,413.6626728539601,11
2024-09-18 14:19:31.880000,413.7267692903373,995
2024-09-18 14:19:31.922000,413.6660413961309,998
2024-09-18 14:19:31.933000,413.641877646743,97
2024-09-18 14:19:32.077000,413.6970297097451,996
2024-09-18 14:19:32.088000,413.6497777200843,13
2024-09-18 14:19:32.088000,413.6548681758596,15
2024-09-18 14:19:32.170000,413.6712175424269,101
2024-09-18 14:19:32.220000,413.6100301161793,5
2024-09-18 14:19:32.235000,413.6818797115367,6
2024-09-18 14:19:32.248000,413.6385252124741,14
2024-09-18 14:19:32.249000,413.66113587909103,96
2024-09-18 14:19:32.392000,413.6661538817267,999
2024-09-18 14:19:32.544000,413.6777043394712,1000
2024-09-18 14:19:32.593000,413.62734273981016,9
2024-09-18 14:19:32.608000,413.6739555302685,7
2024-09-18 14:19:32.662000,413.6761626345928,999
2024-09-18 14:19:32.691000,413.6807702156704,995
2024-09-18 14:19:32.712000,413.6477408986281,14
2024-09-18 14:19:32.733000,413.692476198802,996
2024-09-18 14:19:32.753000,413.60422363256527,14
2024-09-18 14:19:32.804000,413.6311626059188,995
2024-09-18 14:19:32.866000,413.6674851193532,1003
2024-09-18 14:19:32.877000,413.636419789687,13
2024-09-18 14:19:32.963000,413.6808967937853,6
2024-09-18 14:19:32.968000,413.6695883397104,6
2024-09-18 14:19:33.086000,413.63559734435535,97
2024-09-18 14:19:33.274000,413.6372920905547,98
2024-09-18 14:19:33.275000,413.6495338245506,96
2024-09-18 14:19:33.647000,413.6451420254644,1000
2024-09-18 14:19:34.161000,413.6462148639089,998
2024-09-18 14:19:35.117000,413.6395475333272,5
2024-09-18 14:19:35.155000,413.6696232962148,1003
2024-09-18 14:19:35.158000,413.6138861742536,1002
2024-09-18 14:19:35.350000,413.63459401460574,95
2024-09-18 14:19:35.574000,413.6392787231928,103
2024-09-18 14:19:35.609000,413.63678175178,1002
2024-09-18 14:19:35.763000,413.6614164285514,995
2024-09-18 14:19:35.876000,413.6531343360418,1005
2024-09-18 14:19:36.135000,413.6767908554616,95
2024-09-18 14:19:36.565000,413.6800043467177,95
2024-09-18 14:19:36.739000,413.67404745545934,12
2024-09-18 14:19:36.743000,413.6670767863639,12
2024-09-18 14:19:37.096000,413.6340650095578,9
2024-09-18 14:19:37.147000,413.6972167124711,1000
2024-09-18 14:19:37.337000,413.6386617104936,7
2024-09-18 14:19:37.425000,413.6547811644983,102
2024-09-18 14:19:37.434000,413.6854477297694,997
2024-09-18 14:19:37.502000,413.6820764081594,15
2024-09-18 14:19:37.523000,413.6830959148525,1003
2024-09-18 14:19:37.666000,413.70027410990457,1002
2024-09-18 14:19:37.781000,413.6634850302197,1001
2024-09-18 14:19:37.793000,413.6548897303889,12
2024-09-18 14:19:37.806000,413.6756162877144,13
2024-09-18 14:19:37.812000,413.6854376995535,997
2024-09-18 14:19:37.821000,413.6848031941698,103
2024-09-18 14:19:37.845000,413.6930342809959,98
2024-09-18 14:19:37.915000,413.63961915599936,13
2024-09-18 14:19:37.966000,413.6252333893482,97
2024-09-18 14:19:37.974000,413.6724461814538,1004
2024-09-18 14:19:38.010000,413.7631299103325,997
2024-09-18 14:19:38.030000,413.7458934672898,101
2024-09-18 14:19:38.035000,413.7076794496459,6
2024-09-18 14:19:38.102000,413.7328239414602,96
2024-09-18 14:19:38.108000,413.6878970882411,1001
2024-09-18 14:19:38.156000,413.69414829318464,99
2024-09-18 14:19:38.242000,413.7296969054864,8
2024-09-18 14:19:38.244000,413.659535893552,102
2024-09-18 14:19:38.259000,413.6740023976069,9
2024-09-18 14:19:38.305000,413.73469259169445,11
2024-09-18 14:19:38.407000,413.6946247719829,1002
2024-09-18 14:19:38.594000,413.7415839703955,100
2024-09-18 14:19:38.656000,413.6705996601342,15
2024-09-18 14:19:38.693000,413.7414249072954,1001
2024-09-18 14:19:38.765000,413.6765958266365,7
2024-09-18 14:19:38.785000,413.7544381476764,7
2024-09-18 14:19:38.815000,413.6652216257072,103
2024-09-18 14:19:38.866000,413.72014660862845,12
2024-09-18 14:19:38.870000,413.72666141586495,11
2024-09-18 14:19:38.891000,413.7183161172208,12
2024-09-18 14:19:39.107000,413.7114240954904,95
2024-09-18 14:19:39.194000,413.6457172955622,97
2024-09-18 14:19:39.214000,413.7312276494432,102
2024-09-18 14:19:39.274000,413.7263377554592,995
2024-09-18 14:19:39.320000,413.7277906732332,96
2024-09-18 14:19:39.320000,413.6620734173677,7
2024-09-18 14:19:39.333000,413.65490183290575,8
2024-09-18 14:19:39.341000,413.6563941608187,96
2024-09-18 14:19:39.410000,413.7101909718732,101
2024-09-18 14:19:39.415000,413.746755497014,98
2024-09-18 14:19:39.427000,413.74239769340267,104
2024-09-18 14:19:39.431000,413.7283774216074,1004
2024-09-18 14:19:39.529000,413.6331606453589,997
2024-09-18 14:19:39.579000,413.6273326206849,15
2024-09-18 14:19:39.596000,413.73671337747527,100
2024-09-18 14:19:39.664000,413.6341126112694,1004
2024-09-18 14:19:39.697000,413.6332694788587,1005
2024-09-18 14:19:39.710000,413.68566348397167,12
2024-09-18 14:19:39.742000,413.7512417205768,9
2024-09-18 14:19:39.862000,413.6659914286607,9
2024-09-18 14:19:39.909000,413.7266720383325,1005
2024-09-18 14:19:39.915000,413.7480130207194,8
2024-09-18 14:19:39.918000,413.7196829462613,999
2024-09-18 14:19:39.984000,413.709625883276,97
2024-09-18 14:19:40.035000,413.6482247650682,98
2024-09-18 14:19:40.096000,413.63871314889616,104
2024-09-18 14:19:40.117000,413.66367723810384,100
2024-09-18 14:19:40.166000,413.6357070656839,102
2024-09-18 14:19:40.185000,413.6377553863781,1000
2024-09-18 14:19:40.259000,413.68720202911607,999
2024-09-18 14:19:40.317000,413.65556777542537,997
2024-09-18 14:19:40.383000,413.6584612147187,999
2024-09-18 14:19:40.453000,413.6628258903834,1003
2024-09-18 14:19:40.469000,413.6730022214668,1003
2024-09-18 14:19:40.577000,413.6719250680658,13
2024-09-18 14:19:40.620000,413.64981984822384,7
2024-09-18 14:19:40.640000,413.6515570107255,15
2024-09-18 14:19:40.685000,413.6734115485669,1002
2024-09-18 14:19:40.702000,413.66665601412575,1002
2024-09-18 14:19:40.746000,413.65743567675423,97
2024-09-18 14:19:40.786000,413.65006930714674,9
2024-09-18 14:19:40.845000,413.6425271704384,14
2024-09-18 14:19:40.915000,413.6798247460833,13
2024-09-18 14:19:41.020000,413.6359681939467,8
2024-09-18 14:19:41.080000,413.6475249227061,1000
2024-09-18 14:19:41.084000,413.6451541086432,6
2024-09-18 14:19:41.113000,413.649041897421,999
2024-09-18 14:19:41.234000,413.6192569014514,5
2024-09-18 14:19:41.303000,413.61830082282495,998
2024-09-18 14:19:41.353000,413.6355598481258,5
2024-09-18 14:19:41.443000,413.6439387181461,1005
2024-09-18 14:19:41.467000,413.6320610460038,13
2024-09-18 14:19:41.592000,413.63219748595446,999
2024-09-18 14:19:41.653000,413.6707963165583,999
2024-09-18 14:19:41.658000,413.6940942054968,97
2024-09-18 14:19:41.782000,413.62443637622056,5
2024-09-18 14:19:41.825000,413.6823334603308,996
2024-09-18 14:19:41.828000,413.6376493289125,1005
2024-09-18 14:19:41.851000,413.6329431449051,100
2024-09-18 14:19:41.890000,413.6369165933552,12
2024-09-18 14:19:42.033000,413.701477734808,13
2024-09-18 14:19:42.069000,413.6861263336736,5
2024-09-18 14:19:42.097000,413.69324067075365,12
2024-09-18 14:19:42.184000,413.6780155713354,7
2024-09-18 14:19:42.312000,413.6861301025873,999
2024-09-18 14:19:42.322000,413.6973120114485,13
2024-09-18 14:19:42.325000,413.6889699720343,1005
2024-09-18 14:19:42.379000,413.6577438688295,96
2024-09-18 14:19:42.410000,413.6767548048696,5
2024-09-18 14:19:42.410000,413.64992577170153,996
2024-09-18 14:19:42.430000,413.6874596188733,7
2024-09-18 14:19:42.431000,413.66328735050257,5
2024-09-18 14:19:42.471000,413.6922899660919,995
2024-09-18 14:19:42.503000,413.7574018232116,1004
2024-09-18 14:19:42.531000,413.69686905240434,103
2024-09-18 14:19:42.531000,413.6770814810412,105
2024-09-18 14:19:42.605000,413.6562832916727,105
2024-09-18 14:19:42.620000,413.7144336548094,997
2024-09-18 14:19:42.644000,413.6883609910696,9
2024-09-18 14:19:42.651000,413.7036026244194,998
2024-09-18 14:19:42.693000,413.7213502541642,104
2024-09-18 14:19:42.721000,413.67710199989074,997
2024-09-18 14:19:42.745000,413.6989808197957,1001
2024-09-18 14:19:42.763000,413.66532520447527,1003
2024-09-18 14:19:42.808000,413.6750237088278,997
2024-09-18 14:19:42.858000,413.74223760873554,996
2024-09-18 14:19:42.870000,413.6592832672685,105
2024-09-18 14:19:43.026000,413.7714211601837,995
2024-09-18 14:19:43.034000,413.76827407749016,101
2024-09-18 14:19:43.221000,413.7461511431376,103
2024-09-18 14:19:43.519000,413.72490447833815,998
2024-09-18 14:19:43.772000,413.7349105598967,997
2024-09-18 14:19:43.828000,413.7346108974141,104
2024-09-18 14:19:43.882000,413.7439661230768,13
2024-09-18 14:19:43.899000,413.7332928578576,1002
2024-09-18 14:19:44.142000,413.74239195084334,996
2024-09-18 14:19:44.163000,413.7387353397672,14
2024-09-18 14:19:44.302000,413.771159187551,1004
2024-09-18 14:19:44.462000,413.7689892485036,103
2024-09-18 14:19:44.523000,413.7697174146357,100
2024-09-18 14:19:44.728000,413.75566254915,1002
2024-09-18 14:19:44.853000,413.745336850615,9
2024-09-18 14:19:44.873000,413.7564449359032,996
2024-09-18 14:19:44.961000,413.7621709451431,105
2024-09-18 14:19:45.133000,413.7951250601288,102
2024-09-18 14:19:45.218000,413.8396536363402,97
2024-09-18 14:19:45.320000,413.8046571841575,997
2024-09-18 14:19:45.327000,413.8335665555655,98
2024-09-18 14:19:45.339000,413.8268741421136,15
2024-09-18 14:19:45.403000,413.7787062897839,1004
2024-09-18 14:19:45.441000,413.81770764678186,997
2024-09-18 14:19:45.496000,413.8057575830023,13
2024-09-18 14:19:45.511000,413.7942550650455,998
2024-09-18 14:19:45.525000,413.7948352049336,14
2024-09-18 14:19:45.639000,413.8125786618384,8
2024-09-18 14:19:45.642000,413.7931967351811,1003
2024-09-18 14:19:45.651000,413.8002042454554,99
2024-09-18 14:19:45.684000,413.795674401467,997
2024-09-18 14:19:45.705000,413.780321282151,95
2024-09-18 14:19:45.718000,413.80142991414016,995
2024-09-18 14:19:45.732000,413.8104604274899,996
2024-09-18 14:19:45.744000,413.8006840094913,105
2024-09-18 14:19:45.847000,413.78596169131146,97
2024-09-18 14:19:45.854000,413.7911833228204,6
2024-09-18 14:19:45.990000,413.83295545697183,6
2024-09-18 14:19:46.065000,413.8267332602711,1005
2024-09-18 14:19:46.117000,413.79554383635787,15
2024-09-18 14:19:46.121000,413.8100054752138,8
2024-09-18 14:19:46.142000,413.8464256080268,96
2024-09-18 14:19:46.322000,413.8432829221152,95
2024-09-18 14:19:46.682000,413.805742068769,96
2024-09-18 14:19:46.815000,413.8414864890498,8
2024-09-18 14:19:46.941000,413.8003820191743,1004
2024-09-18 14:19:46.969000,413.833733728391,13
2024-09-18 14:19:47.020000,413.8136785058593,998
2024-09-18 14:19:47.065000,413.80355124086185,9
2024-09-18 14:19:47.090000,413.8363149757977,98
2024-09-18 14:19:47.095000,413.8136604318234,97
2024-09-18 14:19:47.112000,413.819505461348,13
2024-09-18 14:19:47.167000,413.8444619188908,6
2024-09-18 14:19:47.173000,413.8009549375699,7
2024-09-18 14:19:47.204000,413.8112348325275,100
2024-09-18 14:19:47.215000,413.8072731996352,1001
2024-09-18 14:19:47.296000,413.8169882902054,102
2024-09-18 14:19:47.331000,413.8237543296354,102
2024-09-18 14:19:47.384000,413.8105939373336,997
2024-09-18 14:19:47.420000,413.810118922418,104
2024-09-18 14:19:47.571000,413.7962869720853,95
2024-09-18 14:19:47.642000,413.79550119445815,1005
2024-09-18 14:19:47.661000,413.7958665814249,99
2024-09-18 14:19:47.715000,413.8325329274284,99
2024-09-18 14:19:47.753000,413.8040840750897,10
2024-09-18 14:19:47.768000,413.7922444900986,105
2024-09-18 14:19:47.769000,413.82682547616247,6
2024-09-18 14:19:47.791000,413.8340856942365,995
2024-09-18 14:19:47.796000,413.79771355568136,12
2024-09-18 14:19:47.863000,413.8339022703841,95
2024-09-18 14:19:47.886000,413.8141311043922,996
2024-09-18 14:19:47.908000,413.8394319127368,1004
2024-09-18 14:19:47.927000,413.8203501903151,12
2024-09-18 14:19:47.936000,413.8005667294918,8
2024-09-18 14:19:48.001000,413.780768577842,998
2024-09-18 14:19:48.197000,413.79338072130463,997
2024-09-18 14:19:48.265000,413.8131990965329,13
2024-09-18 14:19:48.285000,413.83091716902015,104
2024-09-18 14:19:48.287000,413.8544231773458,99
2024-09-18 14:19:48.320000,413.8030102565471,6
2024-09-18 14:19:48.422000,413.814181895165,104
2024-09-18 14:19:48.507000,413.8557773344483,98
2024-09-18 14:19:48.553000,413.82065970927215,996
2024-09-18 14:19:48.704000,413.84038917230765,11
2024-09-18 14:19:48.716000,413.8262629233971,100
2024-09-18 14:19:48.763000,413.8506583851648,95
2024-09-18 14:19:48.877000,413.78220808233846,7
2024-09-18 14:19:48.891000,413.8032415020047,98
2024-09-18 14:19:48.935000,413.8097904086013,1004
2024-09-18 14:19:48.965000,413.8143502236836,98
2024-09-18 14:19:48.989000,413.7804347121543,1001
2024-09-18 14:19:49.032000,413.84223560610656,998
2024-09-18 14:19:49.060000,413.8164807010388,7
2024-09-18 14:19:49.166000,413.8165084753685,8
2024-09-18 14:19:49.199000,413.8148161665342,1005
2024-09-18 14:19:49.314000,413.8196947491844,97
2024-09-18 14:19:49.353000,413.8072716856938,14
2024-09-18 14:19:49.354000,413.8050299166448,15
2024-09-18 14:19:49.384000,413.8042696768708,995
2024-09-18 14:19:49.394000,413.8359068906247,996
2024-09-18 14:19:49.417000,413.8191525440834,1002
2024-09-18 14:19:49.430000,413.8013618530372,98
2024-09-18 14:19:49.434000,413.8358431211544,5
2024-09-18 14:19:49.836000,413.79586140797295,97
2024-09-18 14:19:49.862000,413.7864531922712,995
2024-09-18 14:19:49.928000,413.8207462623362,1001
2024-09-18 14:19:50.096000,413.736691049134,13
2024-09-18 14:19:50.103000,413.7660830352045,6
2024-09-18 14:19:50.162000,413.77787618860754,10
2024-09-18 14:19:50.193000,413.7235850488397,1005
2024-09-18 14:19:50.196000,413.77015847298526,101
2024-09-18 14:19:50.221000,413.79852033668254,13
2024-09-18 14:19:50.228000,413.7637192890391,8
2024-09-18 14:19:50.249000,413.74062058128106,6
2024-09-18 14:19:50.267000,413.7256429535421,999
2024-09-18 14:19:50.451000,413.7868445233314,100
2024-09-18 14:19:50.468000,413.7637850887286,998
2024-09-18 14:19:50.529000,413.735411847719,1003
2024-09-18 14:19:50.537000,413.7742136004162,96
2024-09-18 14:19:50.592000,413.7324535352644,102
2024-09-18 14:19:50.638000,413.7197290647001,104
2024-09-18 14:19:50.660000,413.78531262389146,7
2024-09-18 14:19:50.687000,413.7703061179924,995
2024-09-18 14:19:50.699000,413.7850560157058,101
2024-09-18 14:19:50.706000,413.7393243737573,1000
2024-09-18 14:19:50.916000,413.7248165630019,101
2024-09-18 14:19:50.984000,413.7525787915064,95
2024-09-18 14:19:51.001000,413.6822622557404,13
2024-09-18 14:19:51.017000,413.7375826531019,996
2024-09-18 14:19:51.018000,413.7078882265984,12
2024-09-18 14:19:51.034000,413.7367173072186,995
2024-09-18 14:19:51.133000,413.6651035232349,7
2024-09-18 14:19:51.195000,413.7002214522453,95
2024-09-18 14:19:51.264000,413.68795589548847,999
2024-09-18 14:19:51.267000,413.7041652959237,95
2024-09-18 14:19:51.335000,413.7339441942616,10
2024-09-18 14:19:51.335000,413.6722964047893,10
2024-09-18 14:19:51.339000,413.7067048728904,998
2024-09-18 14:19:51.400000,413.7308068612654,997
2024-09-18 14:19:51.417000,413.7146397493353,999
2024-09-18 14:19:51.545000,413.7045739237192,11
2024-09-18 14:19:51.550000,413.7022697365588,6
2024-09-18 14:19:51.587000,413.6904967141456,15
2024-09-18 14:19:51.634000,413.69715517079146,105
2024-09-18 14:19:51.695000,413.6978682736817,995
2024-09-18 14:19:51.727000,413.6826735573951,1001
2024-09-18 14:19:51.829000,413.7323356087533,8
2024-09-18 14:19:51.830000,413.6965518212307,997
2024-09-18 14:19:51.855000,413.7248159858282,13
2024-09-18 14:19:51.884000,413.7140754941343,15
2024-09-18 14:19:51.938000,413.7172376740135,7
2024-09-18 14:19:51.941000,413.6714861419922,8
2024-09-18 14:19:51.945000,413.7007152668259,1000
2024-09-18 14:19:52.015000,413.6860650222503,97
2024-09-18 14:19:52.159000,413.6551472248528,11
2024-09-18 14:19:52.371000,413.6532155097774,5
2024-09-18 14:19:52.539000,413.6881793496208,14
2024-09-18 14:19:52.696000,413.66899884861226,100
2024-09-18 14:19:53.052000,413.6944263300576,14
2024-09-18 14:19:53.257000,413.7088027330136,8
2024-09-18 14:19:53.315000,413.7008242206917,995
2024-09-18 14:19:53.337000,413.69191825308445,103
2024-09-18 14:19:53.362000,413.6936920296495,1005
2024-09-18 14:19:53.474000,413.7280735928036,97
2024-09-18 14:19:53.570000,413.70497189132345,1004
2024-09-18 14:19:53.604000,413.6963004414901,998
2024-09-18 14:19:53.720000,413.6865825866965,5
2024-09-18 14:19:53.852000,413.6947975524466,102
2024-09-18 14:19:54.034000,413.7646121762058,995
2024-09-18 14:19:54.071000,413.7564589042012,105
2024-09-18 14:19:54.084000,413.7249286517522,99
2024-09-18 14:19:54.156000,413.7592951630196,1004
2024-09-18 14:19:54.167000,413.6918860972697,99
2024-09-18 14:19:54.232000,413.73483783761947,102
2024-09-18 14:19:54.265000,413.6930616918915,7
2024-09-18 14:19:54.278000,413.68388387567927,100
2024-09-18 14:19:54.297000,413.689487204208,10
2024-09-18 14:19:54.444000,413.6792163325455,1001
2024-09-18 14:19:54.476000,413.7884088545708,98
2024-09-18 14:19:54.503000,413.70539214397513,100
2024-09-18 14:19:54.553000,413.7962918287454,996
2024-09-18 14:19:54.560000,413.7055419531611,7
2024-09-18 14:19:54.619000,413.68529187329887,5
2024-09-18 14:19:54.640000,413.67112261852674,96
2024-09-18 14:19:54.644000,413.70753560464055,5
2024-09-18 14:19:54.733000,413.6923550238534,1004
2024-09-18 14:19:54.748000,413.6931094004146,1002
2024-09-18 14:19:54.799000,413.7801144112951,996
2024-09-18 14:19:54.810000,413.6830195654041,1002
2024-09-18 14:19:54.900000,413.7540725405184,1003
2024-09-18 14:19:54.906000,413.7123391227408,102
2024-09-18 14:19:54.907000,413.671139564786,6
2024-09-18 14:19:54.946000,413.7162028482449,1003
2024-09-18 14:19:54.959000,413.750306253113,998
2024-09-18 14:19:55.027000,413.7904217111529,11
2024-09-18 14:19:55.661000,413.7930102017029,10
2024-09-18 14:19:55.749000,413.7677752604423,5
2024-09-18 14:19:56.025000,413.78850527023775,15
2024-09-18 14:19:56.067000,413.8611824194376,999
2024-09-18 14:19:56.083000,413.86412227878907,15
2024-09-18 14:19:56.191000,413.8289753964812,100
2024-09-18 14:19:56.254000,413.84794558496935,105
2024-09-18 14:19:56.259000,413.8088667389948,100
2024-09-18 14:19:56.262000,413.8552083346168,104
2024-09-18 14:19:56.334000,413.80165357143903,98
2024-09-18 14:19:56.360000,413.864238306766,98
2024-09-18 14:19:56.416000,413.7813950378647,98
2024-09-18 14:19:56.508000,413.8592851559453,98
2024-09-18 14:19:56.594000,413.8487263275208,95
2024-09-18 14:19:56.642000,413.87224370765193,998
2024-09-18 14:19:56.678000,413.8598955113797,104
2024-09-18 14:19:56.726000,413.8012728112419,997
2024-09-18 14:19:56.843000,413.8665692707459,104
2024-09-18 14:19:56.962000,413.8480153331816,100
2024-09-18 14:19:56.966000,413.8427342513184,14
2024-09-18 14:19:57.020000,413.8671850920123,101
2024-09-18 14:19:57.114000,413.88209932012927,13
2024-09-18 14:19:57.146000,413.871618659201,9
2024-09-18 14:19:57.221000,413.8887285803728,105
2024-09-18 14:19:57.333000,413.8910149140947,97
2024-09-18 14:19:57.467000,413.8750806316378,6
2024-09-18 14:19:57.582000,413.90246590710194,99
2024-09-18 14:19:57.675000,413.8570556199261,1005
2024-09-18 14:19:57.683000,413.9004895242259,7
2024-09-18 14:19:57.779000,413.8765126440308,104
2024-09-18 14:19:57.810000,413.8944093586643,97
2024-09-18 14:19:57.850000,413.8718671733946,103
2024-09-18 14:19:57.854000,413.8437960786987,1005
2024-09-18 14:19:57.935000,413.85082784040895,95
2024-09-18 14:19:58.048000,413.9025173830655,96
2024-09-18 14:19:58.056000,413.8676009742264,95
2024-09-18 14:19:58.059000,413.8577758094231,12
2024-09-18 14:19:58.071000,413.8425162191031,1000
2024-09-18 14:19:58.112000,413.91285792125774,100
2024-09-18 14:19:58.139000,413.90270660998414,101
2024-09-18 14:19:58.197000,413.88749032510606,99
2024-09-18 14:19:58.267000,413.87319527774514,11
2024-09-18 14:19:58.274000,413.857435359803,1001
2024-09-18 14:19:58.284000,413.85568834719686,11
2024-09-18 14:19:58.301000,413.9231882172904,12
2024-09-18 14:19:58.339000,413.901332518054,97
2024-09-18 14:19:58.462000,413.8678394974246,15
2024-09-18 14:19:58.467000,413.9149873012215,998
2024-09-18 14:19:58.484000,413.864622447803,15
2024-09-18 14:19:58.505000,413.87596920791145,9
2024-09-18 14:19:58.512000,413.90077750632406,15
2024-09-18 14:19:58.589000,413.8762836805165,996
2024-09-18 14:19:58.624000,413.8907297764845,105
2024-09-18 14:19:58.655000,413.91759573414566,1001
2024-09-18 14:19:58.674000,413.8770455529193,97
2024-09-18 14:19:58.790000,413.8748551476952,10
2024-09-18 14:19:58.791000,413.91407771352806,14
2024-09-18 14:19:58.791000,413.8583341431499,1000
2024-09-18 14:19:58.806000,413.8785069359997,99
2024-09-18 14:19:58.832000,413.9355740995994,13
2024-09-18 14:19:58.841000,413.8217575211282,1003
2024-09-18 14:19:59.017000,413.7747437313711,8
2024-09-18 14:19:59.056000,413.7664947302528,7
2024-09-18 14:19:59.057000,413.8201065936401,97
2024-09-18 14:19:59.086000,413.813661009496,8
2024-09-18 14:19:59.199000,413.7804195827616,102
2024-09-18 14:19:59.419000,413.8001530997271,101
2024-09-18 14:19:59.422000,413.8053867474237,103
2024-09-18 14:19:59.423000,413.7668164367346,98
2024-09-18 14:19:59.457000,413.7730271674337,11
2024-09-18 14:19:59.502000,413.82299182937135,1001
2024-09-18 14:19:59.503000,413.784370568609,996
2024-09-18 14:19:59.636000,413.7635363472043,7
2024-09-18 14:19:59.672000,413.7917950230024,13
2024-09-18 14:19:59.716000,413.8058000667888,102
2024-09-18 14:19:59.757000,413.776189488828,1002
2024-09-18 14:19:59.829000,413.7850185473116,14
2024-09-18 14:19:59.872000,413.7749087110511,102
2024-09-18 14:19:59.875000,413.76718105096177,997
2024-09-18 14:19:59.971000,413.7739504284823,5
