Timestamp,Price,Size
2024-09-17 09:49:00.025000,415.5487580815086,101
2024-09-17 09:49:00.734000,415.5599695503877,1005
2024-09-17 09:49:01.058000,415.61091855990026,1000
2024-09-17 09:49:01.104000,415.606601879072,7
2024-09-17 09:49:01.285000,415.6521244359499,105
2024-09-17 09:49:01.356000,415.6391667381715,5
2024-09-17 09:49:01.364000,415.600584367736,105
2024-09-17 09:49:01.417000,415.61418541628655,9
2024-09-17 09:49:01.437000,415.6209980047717,13
2024-09-17 09:49:01.534000,415.6100830794609,98
2024-09-17 09:49:01.599000,415.5793900806634,102
2024-09-17 09:49:01.648000,415.6335127480582,98
2024-09-17 09:49:01.789000,415.581032274023,102
2024-09-17 09:49:01.802000,415.61943073819714,104
2024-09-17 09:49:01.906000,415.58762614607855,7
2024-09-17 09:49:02.069000,415.59049290608624,102
2024-09-17 09:49:02.080000,415.5780982374827,103
2024-09-17 09:49:02.371000,415.5804119385405,1003
2024-09-17 09:49:02.580000,415.6080038988048,1002
2024-09-17 09:49:02.632000,415.58722676785135,1000
2024-09-17 09:49:02.688000,415.60469151353465,12
2024-09-17 09:49:03.336000,415.59893210832433,1002
2024-09-17 09:49:03.485000,415.5912402232976,997
2024-09-17 09:49:03.684000,415.5893077163822,98
2024-09-17 09:49:03.803000,415.58363902166445,11
2024-09-17 09:49:03.887000,415.5917444025936,14
2024-09-17 09:49:03.929000,415.5882369844354,13
2024-09-17 09:49:04.009000,415.5980095509482,14
2024-09-17 09:49:04.022000,415.6095669315823,1000
2024-09-17 09:49:04.244000,415.6017383792512,995
2024-09-17 09:49:04.281000,415.6277515912267,96
2024-09-17 09:49:04.356000,415.6263989658976,9
2024-09-17 09:49:04.439000,415.6231726347396,98
2024-09-17 09:49:04.449000,415.6090783024801,998
2024-09-17 09:49:04.470000,415.6427898656297,1002
2024-09-17 09:49:04.509000,415.5986414252629,14
2024-09-17 09:49:04.512000,415.6411486153029,97
2024-09-17 09:49:04.531000,415.6266898694941,100
2024-09-17 09:49:04.566000,415.61787992392016,1003
2024-09-17 09:49:04.595000,415.6416809683183,10
2024-09-17 09:49:04.631000,415.6005129440094,11
2024-09-17 09:49:04.664000,415.6104396311392,15
2024-09-17 09:49:04.695000,415.63279720209056,998
2024-09-17 09:49:04.724000,415.6321026557245,15
2024-09-17 09:49:04.755000,415.6102496101221,95
2024-09-17 09:49:04.794000,415.59173008850286,14
2024-09-17 09:49:04.844000,415.5952461642319,104
2024-09-17 09:49:04.845000,415.6255354890254,5
2024-09-17 09:49:04.858000,415.5985722551741,6
2024-09-17 09:49:04.859000,415.5741735158295,100
2024-09-17 09:49:04.877000,415.616669719636,1002
2024-09-17 09:49:04.910000,415.5965095219267,13
2024-09-17 09:49:04.986000,415.60608240088567,10
2024-09-17 09:49:05.001000,415.5533498518287,95
2024-09-17 09:49:05.060000,415.540369102317,998
2024-09-17 09:49:05.294000,415.54649902410654,99
2024-09-17 09:49:05.478000,415.52626809225205,13
2024-09-17 09:49:05.495000,415.5416663660056,996
2024-09-17 09:49:05.534000,415.5314072360184,998
2024-09-17 09:49:05.621000,415.53029021336647,98
2024-09-17 09:49:05.705000,415.54075290682056,1002
2024-09-17 09:49:05.708000,415.5346411641154,101
2024-09-17 09:49:05.742000,415.5335413980324,1005
2024-09-17 09:49:06.022000,415.5201972317048,5
2024-09-17 09:49:06.027000,415.5292702154799,1000
2024-09-17 09:49:06.029000,415.56784968162697,105
2024-09-17 09:49:06.039000,415.4935939243117,6
2024-09-17 09:49:06.053000,415.55291990785935,1003
2024-09-17 09:49:06.108000,415.5018655029412,1001
2024-09-17 09:49:06.124000,415.456910057341,1003
2024-09-17 09:49:06.186000,415.47985554363794,12
2024-09-17 09:49:06.329000,415.4936655247181,102
2024-09-17 09:49:06.351000,415.47726950731794,104
2024-09-17 09:49:06.351000,415.562334856146,103
2024-09-17 09:49:06.479000,415.5033339869572,1000
2024-09-17 09:49:06.488000,415.5117144691257,1004
2024-09-17 09:49:06.489000,415.5038931484048,5
2024-09-17 09:49:06.495000,415.4490484461113,104
2024-09-17 09:49:06.507000,415.5471444874758,96
2024-09-17 09:49:06.532000,415.4705297904789,5
2024-09-17 09:49:06.595000,415.5568393221806,999
2024-09-17 09:49:06.603000,415.5432725771944,1001
2024-09-17 09:49:06.621000,415.5529815527777,100
2024-09-17 09:49:06.711000,415.4877099391072,12
2024-09-17 09:49:06.776000,415.48772794062495,998
2024-09-17 09:49:06.810000,415.5445229931709,103
2024-09-17 09:49:06.868000,415.4981949363586,15
2024-09-17 09:49:06.874000,415.4766020249894,104
2024-09-17 09:49:06.885000,415.46677967924194,1001
2024-09-17 09:49:06.937000,415.4936630582357,8
2024-09-17 09:49:06.947000,415.50633770245616,102
2024-09-17 09:49:07.028000,415.6415655818648,1003
2024-09-17 09:49:07.048000,415.6383630066914,98
2024-09-17 09:49:07.078000,415.5901095101482,997
2024-09-17 09:49:07.096000,415.6141038030044,998
2024-09-17 09:49:07.113000,415.57992699917617,101
2024-09-17 09:49:07.255000,415.5955880834072,1001
2024-09-17 09:49:07.286000,415.6491817126932,995
2024-09-17 09:49:07.299000,415.6070854047616,995
2024-09-17 09:49:07.301000,415.56584638390393,104
2024-09-17 09:49:07.337000,415.607304936448,12
2024-09-17 09:49:07.345000,415.631792304807,101
2024-09-17 09:49:07.366000,415.606976696065,13
2024-09-17 09:49:07.447000,415.6421317335256,1003
2024-09-17 09:49:07.548000,415.5759377382127,8
2024-09-17 09:49:07.628000,415.5712318525959,103
2024-09-17 09:49:07.715000,415.5651857390409,6
2024-09-17 09:49:07.752000,415.6253275618748,10
2024-09-17 09:49:07.800000,415.6145667084096,96
2024-09-17 09:49:07.825000,415.6152485500697,8
2024-09-17 09:49:07.852000,415.5989438670566,1000
2024-09-17 09:49:07.876000,415.6130373443842,1004
2024-09-17 09:49:08.040000,415.6208319507561,7
2024-09-17 09:49:08.078000,415.620438763399,1005
2024-09-17 09:49:08.219000,415.6708501236888,8
2024-09-17 09:49:08.273000,415.6915875337487,1005
2024-09-17 09:49:08.301000,415.59394182402326,13
2024-09-17 09:49:08.339000,415.639715670552,97
2024-09-17 09:49:08.348000,415.6370409052856,995
2024-09-17 09:49:08.394000,415.6509337867087,1005
2024-09-17 09:49:08.487000,415.62698411111217,6
2024-09-17 09:49:08.537000,415.6249498951521,11
2024-09-17 09:49:08.571000,415.6041949418792,1000
2024-09-17 09:49:08.598000,415.6661174559244,100
2024-09-17 09:49:08.640000,415.63597041406007,100
2024-09-17 09:49:08.711000,415.66488610239753,1004
2024-09-17 09:49:08.754000,415.5934535647146,99
2024-09-17 09:49:08.763000,415.666597430846,10
2024-09-17 09:49:08.881000,415.6536823624285,105
2024-09-17 09:49:08.947000,415.6388874094138,6
2024-09-17 09:49:08.969000,415.6125306881841,1005
2024-09-17 09:49:09.365000,415.5526182119982,1000
2024-09-17 09:49:09.494000,415.5645765256714,5
2024-09-17 09:49:09.907000,415.5777831416652,100
2024-09-17 09:49:09.925000,415.56337610241695,6
2024-09-17 09:49:10.052000,415.7194053887931,14
2024-09-17 09:49:10.094000,415.6050201551153,1005
2024-09-17 09:49:10.118000,415.75340427089816,998
2024-09-17 09:49:10.124000,415.6663259295433,97
2024-09-17 09:49:10.190000,415.5872983147579,102
2024-09-17 09:49:10.208000,415.6907342328185,1003
2024-09-17 09:49:10.249000,415.6698458385412,1003
2024-09-17 09:49:10.268000,415.7357347128028,12
2024-09-17 09:49:10.326000,415.680003470263,98
2024-09-17 09:49:10.348000,415.7501643968576,96
2024-09-17 09:49:10.356000,415.6196370624767,995
2024-09-17 09:49:10.491000,415.7704394252432,13
2024-09-17 09:49:10.536000,415.6256346912151,98
2024-09-17 09:49:10.575000,415.6412633592773,96
2024-09-17 09:49:10.623000,415.62785486139177,105
2024-09-17 09:49:10.645000,415.6783554044849,15
2024-09-17 09:49:10.646000,415.75979265221576,101
2024-09-17 09:49:10.698000,415.6647098107921,10
2024-09-17 09:49:10.756000,415.7030177861838,101
2024-09-17 09:49:10.844000,415.7022482061207,102
2024-09-17 09:49:10.846000,415.7814117484945,12
2024-09-17 09:49:10.898000,415.7195397462795,9
2024-09-17 09:49:10.918000,415.6687372864269,14
2024-09-17 09:49:10.939000,415.7393716183865,96
2024-09-17 09:49:10.940000,415.73178167418905,997
2024-09-17 09:49:10.959000,415.6165059366946,1001
2024-09-17 09:49:10.963000,415.7225934405796,1000
2024-09-17 09:49:10.965000,415.69877109985,102
2024-09-17 09:49:11.004000,415.767913511674,995
2024-09-17 09:49:11.027000,415.8012343112022,5
2024-09-17 09:49:11.135000,415.7862132517269,12
2024-09-17 09:49:11.308000,415.7831889707809,99
2024-09-17 09:49:11.336000,415.7879536344114,7
2024-09-17 09:49:11.380000,415.7792205530369,1002
2024-09-17 09:49:11.493000,415.7885072034689,9
2024-09-17 09:49:11.709000,415.79599463744506,104
2024-09-17 09:49:11.725000,415.7722930750473,996
2024-09-17 09:49:11.944000,415.8067632383504,995
2024-09-17 09:49:12.010000,415.7794872580428,8
2024-09-17 09:49:12.124000,415.7831901616602,1001
2024-09-17 09:49:12.229000,415.7706524026411,102
2024-09-17 09:49:12.286000,415.81661019714494,996
2024-09-17 09:49:12.305000,415.7300512839376,10
2024-09-17 09:49:12.424000,415.7329966750123,8
2024-09-17 09:49:12.478000,415.7962172444663,98
2024-09-17 09:49:12.482000,415.7835173324313,102
2024-09-17 09:49:12.540000,415.7888041557608,995
2024-09-17 09:49:12.547000,415.7393942220773,6
2024-09-17 09:49:12.549000,415.7722643149359,999
2024-09-17 09:49:12.634000,415.7801307508032,1004
2024-09-17 09:49:12.661000,415.808427531697,9
2024-09-17 09:49:12.717000,415.7338488068239,998
2024-09-17 09:49:12.770000,415.7922060976835,105
2024-09-17 09:49:12.804000,415.78956865177975,12
2024-09-17 09:49:13.056000,415.7562801385533,100
2024-09-17 09:49:13.061000,415.7629470970895,1002
2024-09-17 09:49:13.161000,415.74332439563136,1001
2024-09-17 09:49:13.187000,415.7745139445653,1001
2024-09-17 09:49:13.231000,415.7662353701898,10
2024-09-17 09:49:13.274000,415.76103101351225,996
2024-09-17 09:49:13.277000,415.7402677390692,1003
2024-09-17 09:49:13.277000,415.7428024739512,995
2024-09-17 09:49:13.289000,415.7518263642869,995
2024-09-17 09:49:13.334000,415.7557968609074,1005
2024-09-17 09:49:13.351000,415.7567653464461,995
2024-09-17 09:49:13.390000,415.7420635944301,103
2024-09-17 09:49:13.397000,415.7179688821661,100
2024-09-17 09:49:13.422000,415.7139699937199,97
2024-09-17 09:49:13.500000,415.72615748092,1003
2024-09-17 09:49:13.544000,415.752459011892,1001
2024-09-17 09:49:13.615000,415.6933055875453,10
2024-09-17 09:49:13.659000,415.76229491369753,7
2024-09-17 09:49:13.672000,415.75259582687374,11
2024-09-17 09:49:13.771000,415.75131677041975,13
2024-09-17 09:49:13.791000,415.739153764053,995
2024-09-17 09:49:13.794000,415.7644243021326,997
2024-09-17 09:49:13.868000,415.7325323496342,1001
2024-09-17 09:49:13.901000,415.7135998702373,97
2024-09-17 09:49:13.911000,415.7595803844826,996
2024-09-17 09:49:13.958000,415.7425986469964,98
2024-09-17 09:49:13.962000,415.7621361212954,98
2024-09-17 09:49:13.968000,415.75495524847264,996
2024-09-17 09:49:14.024000,415.750124665036,99
2024-09-17 09:49:14.027000,415.7401472700794,11
2024-09-17 09:49:14.393000,415.74501224412927,1003
2024-09-17 09:49:14.611000,415.737274805756,96
2024-09-17 09:49:14.681000,415.7545554935471,995
2024-09-17 09:49:14.718000,415.7568540188434,995
2024-09-17 09:49:14.719000,415.74608844440417,100
2024-09-17 09:49:14.879000,415.7490640650003,104
2024-09-17 09:49:14.985000,415.7457410224358,104
2024-09-17 09:49:15.026000,415.70164669635295,998
2024-09-17 09:49:15.197000,415.7377284095009,100
2024-09-17 09:49:15.227000,415.700376662609,100
2024-09-17 09:49:15.278000,415.7053708715008,10
2024-09-17 09:49:15.289000,415.72214532159967,1005
2024-09-17 09:49:15.334000,415.6933525913449,1001
2024-09-17 09:49:15.355000,415.7205120124694,103
2024-09-17 09:49:15.379000,415.6799054880159,96
2024-09-17 09:49:15.388000,415.7208910999319,96
2024-09-17 09:49:15.390000,415.7334631281082,1002
2024-09-17 09:49:15.413000,415.7347344824868,996
2024-09-17 09:49:15.415000,415.700088235985,95
2024-09-17 09:49:15.420000,415.723985921525,95
2024-09-17 09:49:15.466000,415.6739901897561,101
2024-09-17 09:49:15.469000,415.71024054757976,12
2024-09-17 09:49:15.516000,415.7588988434289,1004
2024-09-17 09:49:15.524000,415.7210548444733,1004
2024-09-17 09:49:15.566000,415.6830741375727,999
2024-09-17 09:49:15.619000,415.7244756751386,105
2024-09-17 09:49:15.690000,415.71188322873314,997
2024-09-17 09:49:15.707000,415.6996009308263,13
2024-09-17 09:49:15.765000,415.7254486942412,99
2024-09-17 09:49:15.813000,415.72475585794285,10
2024-09-17 09:49:16.168000,415.6997789688731,101
2024-09-17 09:49:16.171000,415.6882878581844,11
2024-09-17 09:49:16.213000,415.6873157678852,104
2024-09-17 09:49:16.380000,415.6800201884316,1000
2024-09-17 09:49:16.429000,415.690478566194,98
2024-09-17 09:49:16.447000,415.7024273642287,7
2024-09-17 09:49:16.537000,415.6803816520781,12
2024-09-17 09:49:16.551000,415.67728123189966,7
2024-09-17 09:49:16.569000,415.6958889693248,7
2024-09-17 09:49:16.586000,415.69041743266064,1002
2024-09-17 09:49:16.589000,415.685848940456,95
2024-09-17 09:49:16.633000,415.7072641490947,996
2024-09-17 09:49:16.867000,415.6717933853366,1004
2024-09-17 09:49:16.910000,415.69004396649984,1005
2024-09-17 09:49:16.963000,415.7006050535744,5
2024-09-17 09:49:17.003000,415.6547614153092,1004
2024-09-17 09:49:17.027000,415.7023326737207,999
2024-09-17 09:49:17.042000,415.7071772338344,5
2024-09-17 09:49:17.091000,415.7078562443408,12
2024-09-17 09:49:17.102000,415.7159389194527,14
2024-09-17 09:49:17.137000,415.6917390339629,1005
2024-09-17 09:49:17.162000,415.7212577439854,5
2024-09-17 09:49:17.194000,415.67196605054914,11
2024-09-17 09:49:17.242000,415.7041325910778,995
2024-09-17 09:49:17.260000,415.6702712305242,996
2024-09-17 09:49:17.327000,415.7055187248071,99
2024-09-17 09:49:17.348000,415.6626126868521,6
2024-09-17 09:49:17.434000,415.7337793814148,101
2024-09-17 09:49:17.469000,415.7131940394569,996
2024-09-17 09:49:17.502000,415.6865803689664,997
2024-09-17 09:49:17.508000,415.7459950110147,98
2024-09-17 09:49:17.525000,415.6877482748589,96
2024-09-17 09:49:17.558000,415.7211454998395,9
2024-09-17 09:49:17.560000,415.6672599173807,1000
2024-09-17 09:49:17.608000,415.7404778589126,101
2024-09-17 09:49:17.625000,415.6563370931522,996
2024-09-17 09:49:17.674000,415.6667012737679,5
2024-09-17 09:49:17.692000,415.6625358721511,999
2024-09-17 09:49:17.733000,415.6814444855768,10
2024-09-17 09:49:17.740000,415.7011590929948,12
2024-09-17 09:49:17.748000,415.7130962969576,15
2024-09-17 09:49:17.752000,415.6870794336009,996
2024-09-17 09:49:17.881000,415.67806900853947,98
2024-09-17 09:49:17.881000,415.7128417891578,10
2024-09-17 09:49:17.942000,415.7327658342724,1005
2024-09-17 09:49:18.037000,415.6616209450818,96
2024-09-17 09:49:18.070000,415.6249321480345,11
2024-09-17 09:49:18.151000,415.662681966496,995
2024-09-17 09:49:18.190000,415.6417464514932,1003
2024-09-17 09:49:18.227000,415.6397260928719,11
2024-09-17 09:49:18.273000,415.6336079395693,6
2024-09-17 09:49:18.367000,415.6368277869188,105
2024-09-17 09:49:18.428000,415.65706719604935,101
2024-09-17 09:49:18.434000,415.6538343970456,12
2024-09-17 09:49:18.444000,415.6431959297492,1004
2024-09-17 09:49:18.493000,415.6268135601399,1005
2024-09-17 09:49:18.505000,415.6832846546206,9
2024-09-17 09:49:18.555000,415.6612359017668,1004
2024-09-17 09:49:18.588000,415.6415529800138,1002
2024-09-17 09:49:18.622000,415.6424452246913,14
2024-09-17 09:49:18.711000,415.6377027765743,103
2024-09-17 09:49:18.803000,415.6266298940622,105
2024-09-17 09:49:18.855000,415.6730484106144,98
2024-09-17 09:49:18.865000,415.6526126396367,1003
2024-09-17 09:49:18.964000,415.6428789028188,105
2024-09-17 09:49:19.718000,415.6379960248967,95
2024-09-17 09:49:20.122000,415.50607623354927,996
2024-09-17 09:49:20.172000,415.621178892821,10
2024-09-17 09:49:20.283000,415.4807569938726,995
2024-09-17 09:49:20.331000,415.5210061035426,996
2024-09-17 09:49:20.343000,415.5219691570712,999
2024-09-17 09:49:20.354000,415.5420263569237,97
2024-09-17 09:49:20.407000,415.4994712147768,102
2024-09-17 09:49:20.411000,415.4924754613387,998
2024-09-17 09:49:20.425000,415.5524421986295,15
2024-09-17 09:49:20.513000,415.5344421668624,101
2024-09-17 09:49:20.563000,415.61015102889496,13
2024-09-17 09:49:20.569000,415.6197359546552,103
2024-09-17 09:49:20.607000,415.63573565124,98
2024-09-17 09:49:20.678000,415.5264121328897,1002
2024-09-17 09:49:20.694000,415.5244554332134,996
2024-09-17 09:49:20.701000,415.5919621393925,995
2024-09-17 09:49:20.714000,415.5726494914959,1001
2024-09-17 09:49:20.728000,415.5214793940765,1004
2024-09-17 09:49:20.742000,415.52459077410543,14
2024-09-17 09:49:20.783000,415.5272841393865,999
2024-09-17 09:49:20.783000,415.4978809801804,95
2024-09-17 09:49:20.803000,415.4846799412738,10
2024-09-17 09:49:20.812000,415.6041437774805,100
2024-09-17 09:49:20.820000,415.6017335785641,105
2024-09-17 09:49:20.842000,415.6141265240455,101
2024-09-17 09:49:20.926000,415.5332317054823,98
2024-09-17 09:49:20.947000,415.48188007670217,998
2024-09-17 09:49:20.965000,415.46938777382456,9
2024-09-17 09:49:20.996000,415.5196370257832,13
2024-09-17 09:49:21.093000,415.4215667026188,6
2024-09-17 09:49:21.176000,415.46993475705386,101
2024-09-17 09:49:21.695000,415.4463383612679,95
2024-09-17 09:49:21.977000,415.4607470005969,1005
2024-09-17 09:49:21.995000,415.43512027619846,99
2024-09-17 09:49:22.032000,415.50744585364544,95
2024-09-17 09:49:22.043000,415.43326112251714,13
2024-09-17 09:49:22.055000,415.4018633448526,14
2024-09-17 09:49:22.080000,415.5181289231262,5
2024-09-17 09:49:22.224000,415.5221554338086,99
2024-09-17 09:49:22.240000,415.4260906210095,9
2024-09-17 09:49:22.252000,415.5318239926237,995
2024-09-17 09:49:22.253000,415.4340246970432,102
2024-09-17 09:49:22.331000,415.4851351142203,999
2024-09-17 09:49:22.392000,415.4217042789068,1000
2024-09-17 09:49:22.411000,415.4751543540866,1002
2024-09-17 09:49:22.448000,415.44673244709816,996
2024-09-17 09:49:22.608000,415.524369281749,10
2024-09-17 09:49:22.708000,415.42173735089295,1001
2024-09-17 09:49:22.774000,415.4110677789997,99
2024-09-17 09:49:22.784000,415.4687918088349,103
2024-09-17 09:49:22.785000,415.4105241778914,998
2024-09-17 09:49:22.792000,415.5035377516068,96
2024-09-17 09:49:22.799000,415.46001523620055,8
2024-09-17 09:49:22.905000,415.5234698721047,12
2024-09-17 09:49:22.912000,415.4314528040589,998
2024-09-17 09:49:22.938000,415.5066491020571,102
2024-09-17 09:49:22.992000,415.41727275114,97
2024-09-17 09:49:23.057000,415.5073197765715,15
2024-09-17 09:49:23.115000,415.50960422658346,105
2024-09-17 09:49:23.488000,415.49192359769233,998
2024-09-17 09:49:23.532000,415.4916168927519,11
2024-09-17 09:49:24.553000,415.5463600258122,103
2024-09-17 09:49:24.838000,415.5160462603413,6
2024-09-17 09:49:24.862000,415.50123787963855,996
2024-09-17 09:49:25.029000,415.5375417928051,998
2024-09-17 09:49:25.066000,415.5186937803888,995
2024-09-17 09:49:25.104000,415.5465405072251,97
2024-09-17 09:49:25.119000,415.5247617256119,9
2024-09-17 09:49:25.130000,415.5182855598071,997
2024-09-17 09:49:25.142000,415.5223750818905,1003
2024-09-17 09:49:25.168000,415.54385869305366,1003
2024-09-17 09:49:25.233000,415.4883441731298,105
2024-09-17 09:49:25.249000,415.50017037790246,996
2024-09-17 09:49:25.288000,415.4876827153671,13
2024-09-17 09:49:25.302000,415.5025045943534,998
2024-09-17 09:49:25.344000,415.5249019178858,13
2024-09-17 09:49:25.346000,415.4647196198608,1000
2024-09-17 09:49:25.429000,415.51555491229385,101
2024-09-17 09:49:25.442000,415.522397383787,14
2024-09-17 09:49:25.450000,415.53661201580735,96
2024-09-17 09:49:25.471000,415.5399636016158,10
2024-09-17 09:49:25.476000,415.47595074619113,1001
2024-09-17 09:49:25.510000,415.51281416075886,11
2024-09-17 09:49:25.529000,415.5337209812128,101
2024-09-17 09:49:25.536000,415.4859313314489,5
2024-09-17 09:49:25.652000,415.47784028417567,6
2024-09-17 09:49:25.669000,415.5347846652715,98
2024-09-17 09:49:25.685000,415.5136514109649,1001
2024-09-17 09:49:25.685000,415.51931130266047,105
2024-09-17 09:49:25.717000,415.4761586497827,12
2024-09-17 09:49:25.719000,415.5213538887929,14
2024-09-17 09:49:25.807000,415.4934386695565,95
2024-09-17 09:49:25.838000,415.5137922316975,997
2024-09-17 09:49:26.276000,415.5394895046485,100
2024-09-17 09:49:27.022000,415.509354771216,10
2024-09-17 09:49:27.164000,415.4773255675179,1002
2024-09-17 09:49:27.270000,415.4983000751164,100
2024-09-17 09:49:27.316000,415.5203478325296,1004
2024-09-17 09:49:27.594000,415.5099781595381,14
2024-09-17 09:49:27.617000,415.499756484078,6
2024-09-17 09:49:27.661000,415.49311030178814,102
2024-09-17 09:49:27.673000,415.5185693997869,7
2024-09-17 09:49:27.708000,415.5138379271824,11
2024-09-17 09:49:27.747000,415.4986905870249,11
2024-09-17 09:49:27.942000,415.5219752593157,995
2024-09-17 09:49:28.046000,415.5026408245556,104
2024-09-17 09:49:28.667000,415.504262267492,13
2024-09-17 09:49:29.204000,415.5078808452369,100
2024-09-17 09:49:29.228000,415.5344404748801,14
2024-09-17 09:49:29.325000,415.5456071784552,10
2024-09-17 09:49:29.334000,415.5437353811751,996
2024-09-17 09:49:29.867000,415.5197136391204,96
2024-09-17 09:49:30.010000,415.61764755295343,1003
2024-09-17 09:49:30.026000,415.5371186095331,7
2024-09-17 09:49:30.034000,415.55448871758256,9
2024-09-17 09:49:30.039000,415.6109962650191,999
2024-09-17 09:49:30.078000,415.5253076992682,996
2024-09-17 09:49:30.135000,415.54716281739024,102
2024-09-17 09:49:30.160000,415.57990209187153,100
2024-09-17 09:49:30.199000,415.54418063762273,15
2024-09-17 09:49:30.204000,415.5593300360617,6
2024-09-17 09:49:30.460000,415.5398991655447,97
2024-09-17 09:49:30.468000,415.5413243484609,105
2024-09-17 09:49:30.561000,415.5255640964626,998
2024-09-17 09:49:30.645000,415.5410267333072,9
2024-09-17 09:49:30.647000,415.5896934129947,997
2024-09-17 09:49:30.797000,415.5365764322033,97
2024-09-17 09:49:30.811000,415.5973789097019,95
2024-09-17 09:49:30.815000,415.5962478808269,100
2024-09-17 09:49:30.878000,415.5760878213595,15
2024-09-17 09:49:30.898000,415.6172973322462,7
2024-09-17 09:49:30.910000,415.5666419535645,101
2024-09-17 09:49:30.941000,415.5299601588756,1001
2024-09-17 09:49:30.970000,415.5605855011503,15
2024-09-17 09:49:31.225000,415.58580969350265,10
2024-09-17 09:49:31.306000,415.6074221427685,998
2024-09-17 09:49:31.342000,415.6020389633159,997
2024-09-17 09:49:31.345000,415.600750913264,1003
2024-09-17 09:49:31.363000,415.608888696086,6
2024-09-17 09:49:31.475000,415.58042502702943,1003
2024-09-17 09:49:31.522000,415.614524219197,10
2024-09-17 09:49:31.646000,415.6467635937572,8
2024-09-17 09:49:31.743000,415.5899523793237,1001
2024-09-17 09:49:31.918000,415.6068954771248,103
2024-09-17 09:49:31.932000,415.5956925737659,995
2024-09-17 09:49:31.949000,415.6140939030928,1002
2024-09-17 09:49:31.962000,415.5962730779843,7
2024-09-17 09:49:32.001000,415.58157645275895,995
2024-09-17 09:49:32.056000,415.5902943351504,96
2024-09-17 09:49:32.097000,415.6354685179167,95
2024-09-17 09:49:32.582000,415.6045477693536,98
2024-09-17 09:49:32.599000,415.5929981149585,97
2024-09-17 09:49:32.663000,415.64436578844845,99
2024-09-17 09:49:32.673000,415.5861348155353,1002
2024-09-17 09:49:33.032000,415.5278018887242,105
2024-09-17 09:49:33.057000,415.4472285183225,995
2024-09-17 09:49:33.092000,415.5912379864475,1003
2024-09-17 09:49:33.141000,415.5536637579354,105
2024-09-17 09:49:33.181000,415.5612840420192,7
2024-09-17 09:49:33.320000,415.539795082179,103
2024-09-17 09:49:33.333000,415.4620894598536,1005
2024-09-17 09:49:33.476000,415.5604258626671,999
2024-09-17 09:49:33.481000,415.4606364031141,1000
2024-09-17 09:49:33.508000,415.49718082494456,100
2024-09-17 09:49:33.604000,415.44829643897486,104
2024-09-17 09:49:33.606000,415.5648083201593,103
2024-09-17 09:49:33.632000,415.563556293529,8
2024-09-17 09:49:33.730000,415.49498651723474,98
2024-09-17 09:49:33.851000,415.477323150199,1000
2024-09-17 09:49:33.868000,415.55804093288754,105
2024-09-17 09:49:33.878000,415.5041550244856,6
2024-09-17 09:49:33.958000,415.5033988071344,1002
2024-09-17 09:49:33.964000,415.5656695634132,5
2024-09-17 09:49:34.089000,415.4511193207927,11
2024-09-17 09:49:34.110000,415.4704081899707,104
2024-09-17 09:49:34.115000,415.4541498797993,999
2024-09-17 09:49:34.195000,415.5014008530084,997
2024-09-17 09:49:34.459000,415.5039237489517,1003
2024-09-17 09:49:34.509000,415.4498456217514,995
2024-09-17 09:49:34.511000,415.4774604904393,1003
2024-09-17 09:49:34.593000,415.4938303615057,6
2024-09-17 09:49:34.643000,415.4688820903789,1004
2024-09-17 09:49:34.648000,415.4778574914615,9
2024-09-17 09:49:34.659000,415.4591022126095,1000
2024-09-17 09:49:34.716000,415.5116748979784,1004
2024-09-17 09:49:34.731000,415.4710223069957,996
2024-09-17 09:49:34.767000,415.480266133929,997
2024-09-17 09:49:34.801000,415.5195731964288,8
2024-09-17 09:49:34.810000,415.4624957042766,104
2024-09-17 09:49:34.876000,415.5059223549507,10
2024-09-17 09:49:34.887000,415.4684184821158,5
2024-09-17 09:49:34.923000,415.4906118249932,8
2024-09-17 09:49:34.953000,415.4756739977692,13
2024-09-17 09:49:35.025000,415.4823876328528,996
2024-09-17 09:49:35.026000,415.48671796083136,14
2024-09-17 09:49:35.040000,415.4796593788005,99
2024-09-17 09:49:35.233000,415.45426600955625,97
2024-09-17 09:49:35.292000,415.4983758186407,1000
2024-09-17 09:49:35.296000,415.4844389337191,96
2024-09-17 09:49:35.306000,415.5044876562917,8
2024-09-17 09:49:35.333000,415.505659407771,5
2024-09-17 09:49:35.334000,415.4674605800414,7
2024-09-17 09:49:35.352000,415.49827893758703,995
2024-09-17 09:49:35.381000,415.484316254776,98
2024-09-17 09:49:35.389000,415.496078588537,15
2024-09-17 09:49:35.389000,415.49192784672266,11
2024-09-17 09:49:35.401000,415.48246171391895,998
2024-09-17 09:49:35.409000,415.4972914142001,105
2024-09-17 09:49:35.525000,415.494026077917,1000
2024-09-17 09:49:35.653000,415.4824367822439,100
2024-09-17 09:49:35.653000,415.4770108883075,97
2024-09-17 09:49:35.690000,415.49379265824905,6
2024-09-17 09:49:35.706000,415.4607152149373,7
2024-09-17 09:49:35.746000,415.48601489532535,1005
2024-09-17 09:49:35.827000,415.503532854849,15
2024-09-17 09:49:35.911000,415.4742676125853,9
2024-09-17 09:49:35.987000,415.4845725539684,1001
2024-09-17 09:49:36.120000,415.5068119848412,97
2024-09-17 09:49:36.184000,415.490953075205,9
2024-09-17 09:49:36.270000,415.4909274520994,1004
2024-09-17 09:49:36.316000,415.5224853322382,11
2024-09-17 09:49:36.351000,415.525148725443,11
2024-09-17 09:49:36.526000,415.4733512236988,95
2024-09-17 09:49:36.646000,415.4833235361382,8
2024-09-17 09:49:36.702000,415.4949742284738,7
2024-09-17 09:49:36.713000,415.4960115671476,96
2024-09-17 09:49:36.773000,415.5031328948608,1001
2024-09-17 09:49:36.806000,415.4910903963944,8
2024-09-17 09:49:36.890000,415.49623514277175,96
2024-09-17 09:49:36.907000,415.5079598175642,996
2024-09-17 09:49:37.036000,415.5434389806916,999
2024-09-17 09:49:37.041000,415.5621643279088,103
2024-09-17 09:49:37.093000,415.6274809930307,9
2024-09-17 09:49:37.123000,415.6592932137153,7
2024-09-17 09:49:37.143000,415.5257213142572,96
2024-09-17 09:49:37.216000,415.6246693139873,10
2024-09-17 09:49:37.242000,415.6163037963676,100
2024-09-17 09:49:37.304000,415.5684659026091,6
2024-09-17 09:49:37.323000,415.6164247661732,14
2024-09-17 09:49:37.346000,415.4919204980656,101
2024-09-17 09:49:37.417000,415.5078438503606,5
2024-09-17 09:49:37.435000,415.5405692434795,98
2024-09-17 09:49:37.438000,415.607660777604,95
2024-09-17 09:49:37.441000,415.6606449845463,11
2024-09-17 09:49:37.496000,415.6288293808903,997
2024-09-17 09:49:37.517000,415.63995342266617,11
2024-09-17 09:49:37.589000,415.5302150430694,97
2024-09-17 09:49:37.591000,415.6547983990986,102
2024-09-17 09:49:37.602000,415.6190567712756,15
2024-09-17 09:49:37.622000,415.6596464090976,998
2024-09-17 09:49:37.683000,415.6275475936488,6
2024-09-17 09:49:37.718000,415.6289685787018,96
2024-09-17 09:49:37.830000,415.5904516895951,7
2024-09-17 09:49:37.890000,415.66112590338025,6
2024-09-17 09:49:37.912000,415.5491523043872,9
2024-09-17 09:49:37.927000,415.5772205330111,997
2024-09-17 09:49:38.255000,415.6634226737082,995
2024-09-17 09:49:38.313000,415.68353001145886,1001
2024-09-17 09:49:39.094000,415.6977740148298,8
2024-09-17 09:49:39.118000,415.70480978657207,1003
2024-09-17 09:49:39.235000,415.6912797958169,1000
2024-09-17 09:49:39.241000,415.6787302627876,95
2024-09-17 09:49:39.244000,415.6730967044977,101
2024-09-17 09:49:39.245000,415.6725315141052,1002
2024-09-17 09:49:39.368000,415.6874379817196,98
2024-09-17 09:49:39.402000,415.6859174001504,13
2024-09-17 09:49:39.458000,415.68957935508,998
2024-09-17 09:49:39.505000,415.7080488672567,7
2024-09-17 09:49:39.554000,415.6719831778186,104
2024-09-17 09:49:39.721000,415.6738665487749,97
2024-09-17 09:49:39.929000,415.67256777909057,6
2024-09-17 09:49:39.932000,415.6776001371532,999
2024-09-17 09:49:39.947000,415.67102166055565,5
2024-09-17 09:49:40.125000,415.6605850251655,998
2024-09-17 09:49:40.183000,415.5923061636516,10
2024-09-17 09:49:40.236000,415.6823604257462,1001
2024-09-17 09:49:40.360000,415.5889801078566,105
2024-09-17 09:49:40.367000,415.67610088041937,102
2024-09-17 09:49:40.389000,415.6392772351904,6
2024-09-17 09:49:40.436000,415.6387968901123,105
2024-09-17 09:49:40.443000,415.7034963615693,1004
2024-09-17 09:49:40.454000,415.6201707358547,99
2024-09-17 09:49:40.609000,415.5772685244658,96
2024-09-17 09:49:40.721000,415.5731984302876,12
2024-09-17 09:49:40.841000,415.6335397597382,9
2024-09-17 09:49:40.881000,415.62246147775727,104
2024-09-17 09:49:40.978000,415.6089541239197,100
2024-09-17 09:49:41.099000,415.55073343565215,995
2024-09-17 09:49:41.410000,415.5632828699806,103
2024-09-17 09:49:41.423000,415.56776675201473,995
2024-09-17 09:49:41.748000,415.5734801049035,95
2024-09-17 09:49:41.979000,415.5674377603744,6
2024-09-17 09:49:41.985000,415.5662799557523,5
2024-09-17 09:49:42.023000,415.5946884184653,103
2024-09-17 09:49:42.041000,415.57653391146624,999
2024-09-17 09:49:42.083000,415.5425472401279,5
2024-09-17 09:49:42.116000,415.55862548577454,998
2024-09-17 09:49:42.146000,415.5046925013708,5
2024-09-17 09:49:42.212000,415.55530944410873,9
2024-09-17 09:49:42.389000,415.5621972759565,11
2024-09-17 09:49:42.538000,415.5524994633305,14
2024-09-17 09:49:42.624000,415.54689670955634,104
2024-09-17 09:49:42.842000,415.5882403085641,105
2024-09-17 09:49:42.897000,415.5132488983558,1005
2024-09-17 09:49:42.900000,415.5632876702775,999
2024-09-17 09:49:42.918000,415.5628057961961,1000
2024-09-17 09:49:42.945000,415.5880334957855,1002
2024-09-17 09:49:43.119000,415.4977047347472,8
2024-09-17 09:49:43.142000,415.5061958248865,7
2024-09-17 09:49:43.154000,415.5179295514739,103
2024-09-17 09:49:43.279000,415.4773522275504,1000
2024-09-17 09:49:43.433000,415.48165509140654,1000
2024-09-17 09:49:43.440000,415.4974024614057,104
2024-09-17 09:49:43.552000,415.4886584260627,8
2024-09-17 09:49:43.689000,415.4827769072821,98
2024-09-17 09:49:43.716000,415.4893343252052,998
2024-09-17 09:49:43.816000,415.4894482321099,104
2024-09-17 09:49:43.860000,415.48908067387777,104
2024-09-17 09:49:43.919000,415.4930598681699,1002
2024-09-17 09:49:44.151000,415.4981024607368,997
2024-09-17 09:49:44.198000,415.47791646560864,10
2024-09-17 09:49:44.460000,415.4982640537419,999
2024-09-17 09:49:44.545000,415.4905970347064,1005
2024-09-17 09:49:44.907000,415.50084943326834,9
2024-09-17 09:49:45.039000,415.43977599716186,999
2024-09-17 09:49:45.273000,415.4967732053807,8
2024-09-17 09:49:45.280000,415.4987371141885,9
2024-09-17 09:49:45.298000,415.4883692270994,99
2024-09-17 09:49:45.330000,415.480465252169,1003
2024-09-17 09:49:45.467000,415.4870417542125,102
2024-09-17 09:49:45.535000,415.4819120080304,105
2024-09-17 09:49:45.651000,415.44453091064696,1000
2024-09-17 09:49:45.702000,415.48066054786864,97
2024-09-17 09:49:45.724000,415.5002431268546,15
2024-09-17 09:49:45.865000,415.4901140212469,95
2024-09-17 09:49:45.886000,415.482512667008,103
2024-09-17 09:49:45.907000,415.5274482892657,1005
2024-09-17 09:49:45.920000,415.4586141054209,9
2024-09-17 09:49:46.007000,415.4697053486587,1004
2024-09-17 09:49:46.087000,415.4529340169715,101
2024-09-17 09:49:46.096000,415.41330801859,104
2024-09-17 09:49:46.139000,415.4535887321232,1001
2024-09-17 09:49:46.165000,415.461688892111,1002
2024-09-17 09:49:46.444000,415.4455794877626,103
2024-09-17 09:49:46.544000,415.4582808084775,101
2024-09-17 09:49:46.556000,415.42467851383566,1000
2024-09-17 09:49:46.556000,415.45260043957416,95
2024-09-17 09:49:46.589000,415.44486799396793,95
2024-09-17 09:49:46.626000,415.4359983882636,1003
2024-09-17 09:49:46.704000,415.46089228356783,103
2024-09-17 09:49:46.742000,415.4226621799294,95
2024-09-17 09:49:46.896000,415.4612054826571,999
2024-09-17 09:49:46.910000,415.474934678386,998
2024-09-17 09:49:46.932000,415.47625009374815,12
2024-09-17 09:49:47.055000,415.41777464033584,99
2024-09-17 09:49:47.313000,415.4181280777746,999
2024-09-17 09:49:47.996000,415.4110891068301,102
2024-09-17 09:49:48.050000,415.3671382461487,14
2024-09-17 09:49:48.098000,415.3446593046348,101
2024-09-17 09:49:48.119000,415.3561790676709,1002
2024-09-17 09:49:48.120000,415.35230249704574,998
2024-09-17 09:49:48.130000,415.3789489052138,7
2024-09-17 09:49:48.143000,415.3780299696424,99
2024-09-17 09:49:48.147000,415.3999652421136,96
2024-09-17 09:49:48.262000,415.3645908212326,5
2024-09-17 09:49:48.309000,415.37478762526416,1001
2024-09-17 09:49:48.348000,415.40676187455375,96
2024-09-17 09:49:48.426000,415.3612284197048,5
2024-09-17 09:49:48.432000,415.4052776006702,9
2024-09-17 09:49:48.508000,415.3887570672854,1003
2024-09-17 09:49:48.556000,415.3554224545827,104
2024-09-17 09:49:48.646000,415.3978799376097,11
2024-09-17 09:49:48.709000,415.3931431335806,996
2024-09-17 09:49:48.718000,415.4159306395088,99
2024-09-17 09:49:48.741000,415.3433950459019,99
2024-09-17 09:49:48.828000,415.4052878009521,998
2024-09-17 09:49:48.939000,415.3798113532246,14
2024-09-17 09:49:48.961000,415.374314636876,101
2024-09-17 09:49:49.050000,415.3794430782976,10
2024-09-17 09:49:49.201000,415.4158406662676,105
2024-09-17 09:49:49.265000,415.3877409504189,1004
2024-09-17 09:49:49.285000,415.3932149355312,14
2024-09-17 09:49:49.319000,415.3689260928917,98
2024-09-17 09:49:49.322000,415.3921047695098,5
2024-09-17 09:49:49.447000,415.4156680085658,14
2024-09-17 09:49:49.477000,415.3755149821795,98
2024-09-17 09:49:49.545000,415.4148958224672,99
2024-09-17 09:49:49.583000,415.3774905670776,10
2024-09-17 09:49:49.609000,415.4172249018037,1002
2024-09-17 09:49:49.614000,415.3950025974773,15
2024-09-17 09:49:49.618000,415.42810305399706,1004
2024-09-17 09:49:49.650000,415.41863015750766,1000
2024-09-17 09:49:49.661000,415.4226855056177,95
2024-09-17 09:49:49.698000,415.4230290918044,999
2024-09-17 09:49:49.703000,415.4264699185778,1001
2024-09-17 09:49:49.782000,415.41411788723394,12
2024-09-17 09:49:49.782000,415.4162719541404,104
2024-09-17 09:49:49.905000,415.43238723300055,99
2024-09-17 09:49:49.908000,415.4138217474991,999
2024-09-17 09:49:49.969000,415.4255507475843,996
2024-09-17 09:49:49.977000,415.39586237302206,15
2024-09-17 09:49:50.017000,415.4039875833908,103
2024-09-17 09:49:50.092000,415.3985621565256,1003
2024-09-17 09:49:50.095000,415.421110885883,7
2024-09-17 09:49:50.109000,415.421611753477,9
2024-09-17 09:49:50.142000,415.4230401872024,5
2024-09-17 09:49:50.203000,415.4270468724007,8
2024-09-17 09:49:50.214000,415.42218737871445,104
2024-09-17 09:49:50.292000,415.4232900265977,15
2024-09-17 09:49:50.367000,415.4244489338568,14
2024-09-17 09:49:50.376000,415.3947341029642,7
2024-09-17 09:49:50.449000,415.4117685363133,13
2024-09-17 09:49:50.580000,415.43180305348943,1004
2024-09-17 09:49:50.588000,415.4053606645355,105
2024-09-17 09:49:50.665000,415.37541811765135,104
2024-09-17 09:49:50.683000,415.40459843180497,14
2024-09-17 09:49:50.746000,415.4185796368597,995
2024-09-17 09:49:50.869000,415.44221688241066,997
2024-09-17 09:49:50.898000,415.429559404943,9
2024-09-17 09:49:50.948000,415.40453007535166,997
2024-09-17 09:49:50.998000,415.4293590175174,11
2024-09-17 09:49:51.003000,415.42226952582325,1000
2024-09-17 09:49:51.108000,415.3744097731177,13
2024-09-17 09:49:51.128000,415.4028945391193,14
2024-09-17 09:49:51.254000,415.382602172969,1004
2024-09-17 09:49:51.271000,415.4493504193335,99
2024-09-17 09:49:51.283000,415.389003722575,104
2024-09-17 09:49:51.322000,415.3957070728984,1004
2024-09-17 09:49:51.340000,415.3844719512983,1004
2024-09-17 09:49:51.363000,415.37217671264193,6
2024-09-17 09:49:51.373000,415.4045791993672,995
2024-09-17 09:49:51.424000,415.3791369848,997
2024-09-17 09:49:51.461000,415.3753074459109,12
2024-09-17 09:49:51.524000,415.39762251010586,101
2024-09-17 09:49:51.558000,415.37307834668496,5
2024-09-17 09:49:51.574000,415.4073564016373,95
2024-09-17 09:49:51.636000,415.36125588150566,1004
2024-09-17 09:49:51.641000,415.4518633604647,10
2024-09-17 09:49:51.660000,415.3961079176955,1005
2024-09-17 09:49:51.778000,415.3709309841241,97
2024-09-17 09:49:51.847000,415.3672831279593,103
2024-09-17 09:49:51.865000,415.3536399778008,995
2024-09-17 09:49:51.867000,415.43213758111006,6
2024-09-17 09:49:51.932000,415.38993950662666,11
2024-09-17 09:49:51.963000,415.359395700236,15
2024-09-17 09:49:52.058000,415.4343771744172,6
2024-09-17 09:49:52.091000,415.4386925372609,997
2024-09-17 09:49:52.285000,415.431558742722,5
2024-09-17 09:49:52.321000,415.4258713811251,7
2024-09-17 09:49:52.356000,415.4067544832175,95
2024-09-17 09:49:52.370000,415.4273794193482,99
2024-09-17 09:49:52.472000,415.4374926723653,996
2024-09-17 09:49:52.547000,415.4235545303157,15
2024-09-17 09:49:52.630000,415.3991012946156,104
2024-09-17 09:49:52.726000,415.4262785205916,1004
2024-09-17 09:49:52.946000,415.4214278989015,999
2024-09-17 09:49:52.975000,415.4225747198825,10
2024-09-17 09:49:53.006000,415.45657569380495,98
2024-09-17 09:49:53.016000,415.4610061378729,96
2024-09-17 09:49:53.061000,415.4542968366562,9
2024-09-17 09:49:53.173000,415.4553522983391,105
2024-09-17 09:49:53.285000,415.4669822461751,11
2024-09-17 09:49:53.299000,415.4379520552856,10
2024-09-17 09:49:53.300000,415.4409666247427,6
2024-09-17 09:49:53.507000,415.4541769082344,1000
2024-09-17 09:49:53.589000,415.4682663304811,96
2024-09-17 09:49:53.709000,415.4394463394827,96
2024-09-17 09:49:53.768000,415.44527762489673,104
2024-09-17 09:49:53.817000,415.4541805815705,12
2024-09-17 09:49:53.890000,415.4488134175797,96
2024-09-17 09:49:53.993000,415.4454797887943,104
2024-09-17 09:49:54.032000,415.4894644849082,96
2024-09-17 09:49:54.093000,415.5158164124221,1002
2024-09-17 09:49:54.140000,415.4283058702559,6
2024-09-17 09:49:54.161000,415.4685127657891,97
2024-09-17 09:49:54.253000,415.5321019074733,105
2024-09-17 09:49:54.282000,415.5024544080592,1001
2024-09-17 09:49:54.305000,415.47618664673087,5
2024-09-17 09:49:54.320000,415.50943502410286,12
2024-09-17 09:49:54.325000,415.48428374362703,99
2024-09-17 09:49:54.344000,415.4467719130164,101
2024-09-17 09:49:54.354000,415.45486694669,10
2024-09-17 09:49:54.407000,415.5119381690377,995
2024-09-17 09:49:54.465000,415.5217116328042,996
2024-09-17 09:49:54.495000,415.47429468378704,96
2024-09-17 09:49:54.502000,415.48765757538166,1002
2024-09-17 09:49:54.528000,415.5085905719626,5
2024-09-17 09:49:54.576000,415.4447504108767,15
2024-09-17 09:49:54.591000,415.5087036332768,996
2024-09-17 09:49:54.621000,415.46964743502673,998
2024-09-17 09:49:54.756000,415.52020640077416,102
2024-09-17 09:49:54.762000,415.4819147098488,101
2024-09-17 09:49:54.816000,415.4758980072181,101
2024-09-17 09:49:54.831000,415.4597534168237,105
2024-09-17 09:49:54.866000,415.46833832438944,10
2024-09-17 09:49:54.970000,415.47969763962,1000
2024-09-17 09:49:54.998000,415.5036184448023,1001
2024-09-17 09:49:55.010000,415.4856556657121,99
2024-09-17 09:49:55.085000,415.4239218072841,105
2024-09-17 09:49:55.112000,415.4877084697116,998
2024-09-17 09:49:55.180000,415.500135696569,999
2024-09-17 09:49:55.573000,415.48425318774497,8
2024-09-17 09:49:55.750000,415.49012564021,6
2024-09-17 09:49:55.834000,415.4451108065689,98
2024-09-17 09:49:55.895000,415.43297849726906,8
2024-09-17 09:49:55.902000,415.4743918958009,997
2024-09-17 09:49:55.920000,415.4409866271816,9
2024-09-17 09:49:55.958000,415.492536629277,11
2024-09-17 09:49:56.003000,415.4934213551802,11
2024-09-17 09:49:56.044000,415.4968459536217,7
2024-09-17 09:49:56.096000,415.4940876625366,105
2024-09-17 09:49:56.140000,415.51632257689766,96
2024-09-17 09:49:56.185000,415.4894980006784,11
2024-09-17 09:49:56.225000,415.4852780490906,14
2024-09-17 09:49:56.333000,415.50593490197656,104
2024-09-17 09:49:56.338000,415.507291075518,1005
2024-09-17 09:49:56.451000,415.499283023449,13
2024-09-17 09:49:56.471000,415.4989752675553,1005
2024-09-17 09:49:56.489000,415.5031276999527,14
2024-09-17 09:49:56.562000,415.4793814578654,999
2024-09-17 09:49:56.586000,415.5078294053717,98
2024-09-17 09:49:56.704000,415.4760394504787,997
2024-09-17 09:49:56.831000,415.5007575198957,5
2024-09-17 09:49:56.923000,415.5178923293334,96
2024-09-17 09:49:56.951000,415.51515953763726,11
2024-09-17 09:49:57.009000,415.5500219106568,1002
2024-09-17 09:49:57.034000,415.5524243407496,104
2024-09-17 09:49:57.059000,415.4933315771449,95
2024-09-17 09:49:57.144000,415.4864116756375,6
2024-09-17 09:49:57.147000,415.5574796283488,5
2024-09-17 09:49:57.165000,415.4650777079156,102
2024-09-17 09:49:57.207000,415.5451451988822,1003
2024-09-17 09:49:57.252000,415.4836903837106,6
2024-09-17 09:49:57.346000,415.5078177459632,96
2024-09-17 09:49:57.377000,415.48253281979385,14
2024-09-17 09:49:57.427000,415.5438731785149,9
2024-09-17 09:49:57.597000,415.5437691653434,100
2024-09-17 09:49:57.606000,415.49329407072486,7
2024-09-17 09:49:57.671000,415.5353402892807,11
2024-09-17 09:49:57.678000,415.4782146114723,999
2024-09-17 09:49:57.690000,415.5485373057328,1005
2024-09-17 09:49:57.706000,415.4828924333632,7
2024-09-17 09:49:57.736000,415.5387973105663,10
2024-09-17 09:49:57.835000,415.5510174437969,6
2024-09-17 09:49:57.970000,415.53976739042446,12
2024-09-17 09:49:58.141000,415.63865706956506,12
2024-09-17 09:49:58.156000,415.6052865447369,9
2024-09-17 09:49:58.174000,415.6221392660384,103
2024-09-17 09:49:58.175000,415.6192327594268,995
2024-09-17 09:49:58.222000,415.588825378536,996
2024-09-17 09:49:58.236000,415.6290379029989,103
2024-09-17 09:49:58.250000,415.5573248230024,15
2024-09-17 09:49:58.253000,415.603235957309,98
2024-09-17 09:49:58.286000,415.6349665184456,1004
2024-09-17 09:49:58.390000,415.58447643218,7
2024-09-17 09:49:58.399000,415.5478844304436,998
2024-09-17 09:49:58.545000,415.6234372874435,105
2024-09-17 09:49:58.551000,415.6162452092683,105
2024-09-17 09:49:58.558000,415.6194892911881,103
2024-09-17 09:49:58.641000,415.6014528392884,999
2024-09-17 09:49:58.674000,415.5805319006415,11
2024-09-17 09:49:58.691000,415.5769734087715,10
2024-09-17 09:49:58.716000,415.64073503596194,102
2024-09-17 09:49:58.722000,415.6278275510939,103
2024-09-17 09:49:58.770000,415.62992487827074,104
2024-09-17 09:49:58.873000,415.61085823218383,6
2024-09-17 09:49:58.920000,415.5838387955524,9
2024-09-17 09:49:58.932000,415.5913011214737,9
2024-09-17 09:49:58.938000,415.6212118469284,8
2024-09-17 09:49:58.940000,415.5556712401423,7
2024-09-17 09:49:58.948000,415.6145705911003,104
2024-09-17 09:49:58.961000,415.6300302381764,999
2024-09-17 09:49:59.068000,415.6343623158008,105
2024-09-17 09:49:59.156000,415.6226024943904,102
2024-09-17 09:49:59.204000,415.5967958356591,1000
2024-09-17 09:49:59.228000,415.61489158602,12
2024-09-17 09:49:59.233000,415.5904698898732,1002
2024-09-17 09:49:59.575000,415.6068292103951,1001
2024-09-17 09:49:59.871000,415.6096681572194,1000
2024-09-17 09:49:59.952000,415.6099562773407,999
2024-09-17 09:49:59.966000,415.6275291654975,1003
