Timestamp,Price,Size
2024-09-17 14:19:00,404.2874285645603,5
2024-09-17 14:19:00.013000,404.273679294833,11
2024-09-17 14:19:00.040000,404.28970143047,104
2024-09-17 14:19:00.041000,404.2824547521193,101
2024-09-17 14:19:00.065000,404.2742271406828,1005
2024-09-17 14:19:00.200000,404.2644133114409,105
2024-09-17 14:19:00.227000,404.30924009880175,1003
2024-09-17 14:19:00.330000,404.2772710923375,995
2024-09-17 14:19:00.332000,404.2955863655353,105
2024-09-17 14:19:00.336000,404.2845512973221,1003
2024-09-17 14:19:00.347000,404.2604867296543,95
2024-09-17 14:19:00.432000,404.2687051487191,1005
2024-09-17 14:19:00.436000,404.2540238458443,1004
2024-09-17 14:19:00.534000,404.2529994165145,9
2024-09-17 14:19:00.541000,404.3072073383848,9
2024-09-17 14:19:00.684000,404.2769971788797,96
2024-09-17 14:19:00.719000,404.2586387504149,15
2024-09-17 14:19:00.770000,404.2800501959386,98
2024-09-17 14:19:00.779000,404.261493916878,997
2024-09-17 14:19:00.786000,404.2671218751571,1000
2024-09-17 14:19:00.800000,404.26594243697735,101
2024-09-17 14:19:00.844000,404.29541789887134,13
2024-09-17 14:19:00.875000,404.3245538573314,103
2024-09-17 14:19:00.899000,404.2625168555045,8
2024-09-17 14:19:00.918000,404.257274871441,1001
2024-09-17 14:19:00.983000,404.2696960519775,103
2024-09-17 14:19:01.103000,404.29699121389217,997
2024-09-17 14:19:01.380000,404.3075522309336,998
2024-09-17 14:19:01.409000,404.291815811244,13
2024-09-17 14:19:01.618000,404.2998843043283,103
2024-09-17 14:19:01.663000,404.2980287756276,97
2024-09-17 14:19:02.266000,404.2645825758746,1005
2024-09-17 14:19:02.821000,404.2692447367228,8
2024-09-17 14:19:03.060000,404.24608108341096,12
2024-09-17 14:19:03.071000,404.21634362758977,997
2024-09-17 14:19:03.134000,404.2497045234845,101
2024-09-17 14:19:03.136000,404.22271352733753,103
2024-09-17 14:19:03.146000,404.2473849802983,104
2024-09-17 14:19:03.158000,404.22982334063687,1004
2024-09-17 14:19:03.251000,404.2282414112016,999
2024-09-17 14:19:03.267000,404.2673548691511,96
2024-09-17 14:19:03.308000,404.2544924401679,95
2024-09-17 14:19:03.523000,404.25888282305306,13
2024-09-17 14:19:03.618000,404.2281791416501,15
2024-09-17 14:19:03.643000,404.2440361356205,96
2024-09-17 14:19:03.712000,404.2221630969066,12
2024-09-17 14:19:03.791000,404.23423938115496,996
2024-09-17 14:19:03.876000,404.2282358378277,13
2024-09-17 14:19:03.886000,404.24523192855565,1005
2024-09-17 14:19:04.137000,404.2196499381768,7
2024-09-17 14:19:04.168000,404.2591520261774,8
2024-09-17 14:19:04.253000,404.2383286547102,14
2024-09-17 14:19:04.286000,404.2171418290087,7
2024-09-17 14:19:04.372000,404.2349205511706,14
2024-09-17 14:19:04.430000,404.2182637646254,100
2024-09-17 14:19:04.541000,404.2361955767934,103
2024-09-17 14:19:04.611000,404.2565894617263,6
2024-09-17 14:19:04.755000,404.266406842354,15
2024-09-17 14:19:04.786000,404.21233056955344,10
2024-09-17 14:19:04.881000,404.2344949411432,96
2024-09-17 14:19:04.916000,404.21834269276815,99
2024-09-17 14:19:05.095000,404.2729785750018,1002
2024-09-17 14:19:05.397000,404.2582738107016,998
2024-09-17 14:19:05.555000,404.254544329395,97
2024-09-17 14:19:05.572000,404.2624376500395,999
2024-09-17 14:19:05.697000,404.27317718159,14
2024-09-17 14:19:06,404.2915532166097,1000
2024-09-17 14:19:06.069000,404.2444590648236,6
2024-09-17 14:19:06.101000,404.257534282985,9
2024-09-17 14:19:06.101000,404.2897805335689,1001
2024-09-17 14:19:06.110000,404.2266966506544,10
2024-09-17 14:19:06.151000,404.2685290614537,101
2024-09-17 14:19:06.172000,404.2307395187797,96
2024-09-17 14:19:06.221000,404.2756871959016,97
2024-09-17 14:19:06.243000,404.28657540506697,7
2024-09-17 14:19:06.281000,404.26579961301087,7
2024-09-17 14:19:06.338000,404.288325273755,995
2024-09-17 14:19:06.360000,404.2363071915101,14
2024-09-17 14:19:06.421000,404.2946564341444,104
2024-09-17 14:19:06.442000,404.2696323837894,96
2024-09-17 14:19:06.520000,404.252527423824,104
2024-09-17 14:19:06.531000,404.26885420726137,97
2024-09-17 14:19:06.589000,404.2467400170196,12
2024-09-17 14:19:06.637000,404.29418855441423,15
2024-09-17 14:19:06.682000,404.24554022029287,15
2024-09-17 14:19:06.726000,404.298637120844,15
2024-09-17 14:19:06.807000,404.2896861362952,10
2024-09-17 14:19:06.848000,404.2384928425913,14
2024-09-17 14:19:06.879000,404.2935188699058,11
2024-09-17 14:19:06.945000,404.2905184647676,7
2024-09-17 14:19:06.961000,404.3102277818323,96
2024-09-17 14:19:06.990000,404.3054243028303,104
2024-09-17 14:19:07.002000,404.2372287889236,1005
2024-09-17 14:19:07.055000,404.2075312145505,6
2024-09-17 14:19:07.106000,404.2328318938507,14
2024-09-17 14:19:07.410000,404.2232174134187,14
2024-09-17 14:19:07.781000,404.20500743894166,997
2024-09-17 14:19:07.867000,404.2352111923292,100
2024-09-17 14:19:08.052000,404.2676481268721,99
2024-09-17 14:19:08.058000,404.2075198636059,9
2024-09-17 14:19:08.125000,404.2192701367237,1001
2024-09-17 14:19:08.140000,404.2288311608857,1005
2024-09-17 14:19:08.147000,404.20313597354817,13
2024-09-17 14:19:08.164000,404.2576822884136,997
2024-09-17 14:19:08.202000,404.27808975326445,10
2024-09-17 14:19:08.203000,404.2281799875109,997
2024-09-17 14:19:08.256000,404.2367773521358,97
2024-09-17 14:19:08.317000,404.24995713294345,96
2024-09-17 14:19:08.346000,404.2701776042073,1004
2024-09-17 14:19:08.616000,404.2024298268205,6
2024-09-17 14:19:08.640000,404.26712670698936,13
2024-09-17 14:19:08.646000,404.2607672646935,104
2024-09-17 14:19:08.660000,404.2883654826878,1004
2024-09-17 14:19:08.686000,404.2159166553562,11
2024-09-17 14:19:08.696000,404.2138514352972,995
2024-09-17 14:19:08.725000,404.2370390049096,10
2024-09-17 14:19:08.766000,404.2457518703833,11
2024-09-17 14:19:08.808000,404.2170318496768,997
2024-09-17 14:19:08.821000,404.2134981795745,9
2024-09-17 14:19:08.949000,404.2044030965949,100
2024-09-17 14:19:08.988000,404.22286038460953,97
2024-09-17 14:19:09.071000,404.2950671486114,101
2024-09-17 14:19:09.130000,404.2771576815263,8
2024-09-17 14:19:09.140000,404.267837679499,100
2024-09-17 14:19:09.176000,404.2662764989144,98
2024-09-17 14:19:09.190000,404.2690006053865,103
2024-09-17 14:19:09.191000,404.26806784693895,5
2024-09-17 14:19:09.227000,404.2709972936431,101
2024-09-17 14:19:09.245000,404.3316563445664,8
2024-09-17 14:19:09.251000,404.2587239911456,998
2024-09-17 14:19:09.257000,404.2798776245238,101
2024-09-17 14:19:09.326000,404.2949392511597,1000
2024-09-17 14:19:09.337000,404.2774842918888,7
2024-09-17 14:19:09.341000,404.25712868916366,1000
2024-09-17 14:19:09.385000,404.3096388616856,998
2024-09-17 14:19:09.399000,404.2938147435789,6
2024-09-17 14:19:09.407000,404.32748015155926,998
2024-09-17 14:19:09.414000,404.2999462640123,11
2024-09-17 14:19:09.476000,404.2970296572094,1004
2024-09-17 14:19:09.561000,404.3269447870803,100
2024-09-17 14:19:09.567000,404.2767701860553,99
2024-09-17 14:19:09.568000,404.27961269092447,1002
2024-09-17 14:19:09.695000,404.263782910896,9
2024-09-17 14:19:09.737000,404.29584476355257,1001
2024-09-17 14:19:09.777000,404.2621420203,1004
2024-09-17 14:19:09.787000,404.2825808590591,9
2024-09-17 14:19:09.940000,404.3243494811733,1002
2024-09-17 14:19:10.168000,404.25068593969934,996
2024-09-17 14:19:10.234000,404.2692959332976,999
2024-09-17 14:19:10.437000,404.24764219791314,999
2024-09-17 14:19:10.494000,404.2693643683757,9
2024-09-17 14:19:10.935000,404.2651526257725,14
2024-09-17 14:19:11.002000,404.2761380266034,100
2024-09-17 14:19:11.009000,404.285434576281,1002
2024-09-17 14:19:11.029000,404.2553013010972,101
2024-09-17 14:19:11.035000,404.26372668661696,6
2024-09-17 14:19:11.096000,404.3196769781813,13
2024-09-17 14:19:11.194000,404.2782653556483,99
2024-09-17 14:19:11.253000,404.27976790662575,5
2024-09-17 14:19:11.296000,404.3063168709048,5
2024-09-17 14:19:11.373000,404.2642526421819,1001
2024-09-17 14:19:11.375000,404.318816449048,14
2024-09-17 14:19:11.376000,404.3288756776981,98
2024-09-17 14:19:11.484000,404.25321172607,995
2024-09-17 14:19:11.559000,404.2995585754551,1001
2024-09-17 14:19:11.592000,404.3035497611177,1005
2024-09-17 14:19:11.592000,404.3125077717393,105
2024-09-17 14:19:11.628000,404.2979172709926,102
2024-09-17 14:19:11.629000,404.2660293311453,1003
2024-09-17 14:19:11.656000,404.2574501330868,100
2024-09-17 14:19:11.678000,404.28946579907824,999
2024-09-17 14:19:11.781000,404.3199680837592,8
2024-09-17 14:19:11.792000,404.2875732654344,99
2024-09-17 14:19:11.853000,404.28183957497816,99
2024-09-17 14:19:11.888000,404.3096695902991,5
2024-09-17 14:19:11.899000,404.3035250123143,103
2024-09-17 14:19:11.924000,404.3126769997028,998
2024-09-17 14:19:11.989000,404.3226565539826,1004
2024-09-17 14:19:12.116000,404.3016687879407,12
2024-09-17 14:19:12.193000,404.2762629007119,1005
2024-09-17 14:19:12.276000,404.29871907794274,7
2024-09-17 14:19:12.408000,404.2807087358291,5
2024-09-17 14:19:12.416000,404.29111974701954,96
2024-09-17 14:19:12.466000,404.2734686383489,102
2024-09-17 14:19:12.538000,404.3078601838562,102
2024-09-17 14:19:12.550000,404.305177408848,95
2024-09-17 14:19:12.590000,404.25874750334265,12
2024-09-17 14:19:12.664000,404.31185300178936,9
2024-09-17 14:19:12.805000,404.2622836011429,98
2024-09-17 14:19:12.873000,404.2571759573334,98
2024-09-17 14:19:12.952000,404.25751274297534,12
2024-09-17 14:19:12.975000,404.2650092593706,98
2024-09-17 14:19:13.088000,404.313910888576,999
2024-09-17 14:19:13.260000,404.3134850478256,1005
2024-09-17 14:19:13.391000,404.2961574658388,1000
2024-09-17 14:19:13.916000,404.3105666009292,103
2024-09-17 14:19:13.960000,404.3085805898962,11
2024-09-17 14:19:14.011000,404.2973775538464,9
2024-09-17 14:19:14.018000,404.32832702011,102
2024-09-17 14:19:14.093000,404.261418134011,10
2024-09-17 14:19:14.143000,404.32025485838136,995
2024-09-17 14:19:14.153000,404.2773446394058,1003
2024-09-17 14:19:14.168000,404.2878445216537,995
2024-09-17 14:19:14.356000,404.2774104101821,102
2024-09-17 14:19:14.360000,404.2759108035768,1004
2024-09-17 14:19:14.434000,404.3298097515962,1004
2024-09-17 14:19:14.580000,404.3359036215854,100
2024-09-17 14:19:14.686000,404.2943833823759,1003
2024-09-17 14:19:14.891000,404.2858935135387,1003
2024-09-17 14:19:14.942000,404.3313597580437,7
2024-09-17 14:19:14.955000,404.33672695878,13
2024-09-17 14:19:14.960000,404.30767678916135,997
2024-09-17 14:19:14.960000,404.3318538491068,104
2024-09-17 14:19:15.037000,404.2480380046484,97
2024-09-17 14:19:15.056000,404.2515691190275,1000
2024-09-17 14:19:15.174000,404.2727627455638,8
2024-09-17 14:19:15.286000,404.29027529676046,12
2024-09-17 14:19:15.293000,404.2852846791248,997
2024-09-17 14:19:15.356000,404.2644899052236,1003
2024-09-17 14:19:15.364000,404.2404887680191,105
2024-09-17 14:19:15.405000,404.2620818700705,6
2024-09-17 14:19:15.410000,404.2561422731147,95
2024-09-17 14:19:15.484000,404.3006162708987,104
2024-09-17 14:19:15.512000,404.2735267193548,1004
2024-09-17 14:19:15.542000,404.2947861332962,1004
2024-09-17 14:19:15.648000,404.2595529478481,96
2024-09-17 14:19:15.756000,404.2870652542824,1001
2024-09-17 14:19:15.840000,404.2674482573723,1000
2024-09-17 14:19:15.853000,404.2315258739797,15
2024-09-17 14:19:15.895000,404.25122256255,7
2024-09-17 14:19:15.978000,404.2514929923303,997
2024-09-17 14:19:16.362000,404.2663631003833,98
2024-09-17 14:19:16.959000,404.2651360219382,100
2024-09-17 14:19:17.016000,404.3230306028706,1003
2024-09-17 14:19:17.059000,404.3643725127232,1000
2024-09-17 14:19:17.080000,404.3431433382422,1004
2024-09-17 14:19:17.100000,404.3133525597008,998
2024-09-17 14:19:17.101000,404.3371743097632,105
2024-09-17 14:19:17.152000,404.34789183034405,14
2024-09-17 14:19:17.160000,404.31612522289305,104
2024-09-17 14:19:17.239000,404.3027118304632,96
2024-09-17 14:19:17.252000,404.2746722715434,12
2024-09-17 14:19:17.265000,404.32754884100143,999
2024-09-17 14:19:17.290000,404.2996997887682,13
2024-09-17 14:19:17.446000,404.3436803550311,998
2024-09-17 14:19:17.462000,404.2904089190225,105
2024-09-17 14:19:17.473000,404.3353560250797,1004
2024-09-17 14:19:17.568000,404.2955874236683,15
2024-09-17 14:19:17.628000,404.3322506447334,5
2024-09-17 14:19:17.658000,404.3168941782948,1003
2024-09-17 14:19:17.752000,404.3561360439609,5
2024-09-17 14:19:17.774000,404.3045457281221,995
2024-09-17 14:19:17.842000,404.3095502083712,10
2024-09-17 14:19:17.905000,404.27316237132106,10
2024-09-17 14:19:17.946000,404.3359810140487,98
2024-09-17 14:19:18.063000,404.30224916810414,15
2024-09-17 14:19:18.165000,404.30386893289375,95
2024-09-17 14:19:18.373000,404.3217702966263,10
2024-09-17 14:19:18.399000,404.28372022892165,10
2024-09-17 14:19:18.676000,404.2732040173834,1002
2024-09-17 14:19:18.755000,404.27990849459206,1005
2024-09-17 14:19:18.757000,404.30501284340926,99
2024-09-17 14:19:18.829000,404.2879610275231,97
2024-09-17 14:19:18.945000,404.2937609007177,999
2024-09-17 14:19:18.952000,404.2947419569253,1002
2024-09-17 14:19:18.979000,404.3031829131831,6
2024-09-17 14:19:19.095000,404.2349381713601,995
2024-09-17 14:19:19.133000,404.2778041570402,15
2024-09-17 14:19:19.140000,404.2828456848407,103
2024-09-17 14:19:19.149000,404.2597804524164,995
2024-09-17 14:19:19.218000,404.26988105334897,9
2024-09-17 14:19:19.269000,404.2960138670776,15
2024-09-17 14:19:19.414000,404.26102569003183,15
2024-09-17 14:19:19.418000,404.26515693304026,14
2024-09-17 14:19:19.501000,404.2716678276749,97
2024-09-17 14:19:19.510000,404.24514391930256,13
2024-09-17 14:19:19.524000,404.27364909609366,9
2024-09-17 14:19:19.534000,404.2691005663048,1005
2024-09-17 14:19:19.567000,404.2434848495929,1004
2024-09-17 14:19:19.636000,404.2775672771847,98
2024-09-17 14:19:19.668000,404.2812804394029,101
2024-09-17 14:19:19.675000,404.2912867424092,999
2024-09-17 14:19:19.700000,404.28264136443977,98
2024-09-17 14:19:19.722000,404.2493759605411,95
2024-09-17 14:19:19.806000,404.234193274982,5
2024-09-17 14:19:19.885000,404.2537102307248,7
2024-09-17 14:19:19.930000,404.2579414112888,5
2024-09-17 14:19:19.971000,404.26581656417,7
2024-09-17 14:19:20.059000,404.2720757731726,100
2024-09-17 14:19:20.110000,404.2783625172452,99
2024-09-17 14:19:20.110000,404.2542976786398,1001
2024-09-17 14:19:20.264000,404.2299490195237,11
2024-09-17 14:19:20.309000,404.2551693502499,997
2024-09-17 14:19:20.347000,404.30014652541473,103
2024-09-17 14:19:20.407000,404.28099173293526,1000
2024-09-17 14:19:20.434000,404.2352444718848,14
2024-09-17 14:19:20.460000,404.2769565564004,6
2024-09-17 14:19:20.460000,404.2612135573171,999
2024-09-17 14:19:20.466000,404.26256150763714,97
2024-09-17 14:19:20.503000,404.2610113865801,8
2024-09-17 14:19:20.565000,404.2810847995773,96
2024-09-17 14:19:20.638000,404.2770978646769,103
2024-09-17 14:19:20.654000,404.2751922631631,97
2024-09-17 14:19:20.714000,404.2470252399767,11
2024-09-17 14:19:20.725000,404.25913409570086,9
2024-09-17 14:19:20.759000,404.25916770237455,5
2024-09-17 14:19:20.763000,404.2621141067532,14
2024-09-17 14:19:20.809000,404.2818067942772,999
2024-09-17 14:19:20.835000,404.2352010229925,996
2024-09-17 14:19:20.841000,404.249507993599,8
2024-09-17 14:19:20.873000,404.2676406733436,98
2024-09-17 14:19:20.880000,404.25649434526224,995
2024-09-17 14:19:20.967000,404.2427289733428,14
2024-09-17 14:19:20.997000,404.3041118308148,15
2024-09-17 14:19:21.021000,404.28771552932153,12
2024-09-17 14:19:21.042000,404.3384962322822,99
2024-09-17 14:19:21.066000,404.3263526532761,5
2024-09-17 14:19:21.089000,404.3481825987898,101
2024-09-17 14:19:21.100000,404.2972452655324,100
2024-09-17 14:19:21.117000,404.3564659118996,100
2024-09-17 14:19:21.128000,404.32763385262456,997
2024-09-17 14:19:21.172000,404.3115854623656,1000
2024-09-17 14:19:21.210000,404.33396875238896,15
2024-09-17 14:19:21.211000,404.3257819568902,15
2024-09-17 14:19:21.240000,404.330017054525,10
2024-09-17 14:19:21.273000,404.3625224047992,996
2024-09-17 14:19:21.279000,404.3248485587645,9
2024-09-17 14:19:21.307000,404.33487931125137,97
2024-09-17 14:19:21.380000,404.361324298898,9
2024-09-17 14:19:21.428000,404.3170504495271,9
2024-09-17 14:19:21.428000,404.35067457645175,6
2024-09-17 14:19:21.438000,404.3444546247426,9
2024-09-17 14:19:21.469000,404.3250095872633,13
2024-09-17 14:19:21.540000,404.3327942367331,1000
2024-09-17 14:19:21.727000,404.325881161741,997
2024-09-17 14:19:21.812000,404.33279761378026,9
2024-09-17 14:19:21.817000,404.3158040051157,105
2024-09-17 14:19:21.826000,404.2753805580259,11
2024-09-17 14:19:21.895000,404.31356797910416,101
2024-09-17 14:19:22.130000,404.3019720301901,995
2024-09-17 14:19:22.786000,404.29862141560335,1000
2024-09-17 14:19:22.862000,404.2996978111685,101
2024-09-17 14:19:22.911000,404.3070655712434,1001
2024-09-17 14:19:22.974000,404.278471285502,1003
2024-09-17 14:19:23.125000,404.2358654967292,9
2024-09-17 14:19:23.197000,404.3209858131966,1002
2024-09-17 14:19:23.236000,404.3155750007953,997
2024-09-17 14:19:23.285000,404.2723488137719,7
2024-09-17 14:19:23.334000,404.2720225778207,1004
2024-09-17 14:19:23.441000,404.2999750342209,10
2024-09-17 14:19:23.462000,404.2999261677166,10
2024-09-17 14:19:23.477000,404.247676163762,7
2024-09-17 14:19:23.518000,404.25667924849233,103
2024-09-17 14:19:23.566000,404.2953744899575,1003
2024-09-17 14:19:23.567000,404.2352830577428,14
2024-09-17 14:19:23.597000,404.2818793007871,96
2024-09-17 14:19:23.619000,404.2593801866993,9
2024-09-17 14:19:23.626000,404.2566083091709,14
2024-09-17 14:19:23.750000,404.23053054016,10
2024-09-17 14:19:23.831000,404.3191309989394,98
2024-09-17 14:19:23.850000,404.25819617981847,10
2024-09-17 14:19:23.853000,404.29020977509737,1003
2024-09-17 14:19:23.912000,404.2858089937661,102
2024-09-17 14:19:24.236000,404.2854019482553,1005
2024-09-17 14:19:24.421000,404.2723836445544,997
2024-09-17 14:19:24.431000,404.2795475135542,1003
2024-09-17 14:19:24.523000,404.28128305667616,995
2024-09-17 14:19:24.526000,404.2591002244991,14
2024-09-17 14:19:24.645000,404.2698816509673,995
2024-09-17 14:19:25.062000,404.2917296124527,96
2024-09-17 14:19:25.219000,404.3181619310456,13
2024-09-17 14:19:25.220000,404.2686219607564,5
2024-09-17 14:19:25.369000,404.36604761566736,1004
2024-09-17 14:19:25.605000,404.337238200661,95
2024-09-17 14:19:25.635000,404.2918203023482,95
2024-09-17 14:19:25.671000,404.3024853763925,998
2024-09-17 14:19:25.803000,404.29151537370655,1002
2024-09-17 14:19:25.903000,404.3034914559472,996
2024-09-17 14:19:25.910000,404.30845562278574,102
2024-09-17 14:19:26.018000,404.39023110519,998
2024-09-17 14:19:26.163000,404.35945745371146,998
2024-09-17 14:19:26.190000,404.3735098957844,99
2024-09-17 14:19:26.272000,404.40749256780856,12
2024-09-17 14:19:26.394000,404.3767326892163,999
2024-09-17 14:19:26.518000,404.371871528011,100
2024-09-17 14:19:26.720000,404.3524156844835,13
2024-09-17 14:19:26.779000,404.3570483583324,7
2024-09-17 14:19:27.025000,404.3723373941237,995
2024-09-17 14:19:27.044000,404.3460073824194,99
2024-09-17 14:19:27.046000,404.3872500837612,96
2024-09-17 14:19:27.074000,404.3775107759353,101
2024-09-17 14:19:27.100000,404.3684772406722,9
2024-09-17 14:19:27.241000,404.36852316164993,1001
2024-09-17 14:19:27.367000,404.3663434746501,100
2024-09-17 14:19:27.425000,404.3697766384606,1004
2024-09-17 14:19:27.527000,404.3686862153236,102
2024-09-17 14:19:27.586000,404.3611739784569,95
2024-09-17 14:19:27.888000,404.357235013283,103
2024-09-17 14:19:27.944000,404.3665105919399,1000
2024-09-17 14:19:27.955000,404.3595429882879,1004
2024-09-17 14:19:28.098000,404.37437293008094,99
2024-09-17 14:19:28.176000,404.3643845091126,96
2024-09-17 14:19:28.491000,404.3652563387277,95
2024-09-17 14:19:28.744000,404.36619210005006,98
2024-09-17 14:19:29.030000,404.3428662187144,997
2024-09-17 14:19:29.084000,404.3503273500776,999
2024-09-17 14:19:29.303000,404.3351953139514,1000
2024-09-17 14:19:29.327000,404.3384581976104,1005
2024-09-17 14:19:29.344000,404.34469301358325,100
2024-09-17 14:19:29.427000,404.3583042700686,97
2024-09-17 14:19:29.441000,404.3557231990017,1002
2024-09-17 14:19:29.566000,404.3429705213364,1001
2024-09-17 14:19:29.618000,404.3691276367377,1005
2024-09-17 14:19:29.710000,404.3455490470856,13
2024-09-17 14:19:29.837000,404.36426410619015,9
2024-09-17 14:19:29.873000,404.3541795251981,8
2024-09-17 14:19:29.944000,404.37607534279095,98
2024-09-17 14:19:29.993000,404.3470406558018,15
2024-09-17 14:19:30.005000,404.3616943336247,996
2024-09-17 14:19:30.023000,404.3544201860108,996
2024-09-17 14:19:30.102000,404.3786631069511,15
2024-09-17 14:19:30.109000,404.38594738007833,998
2024-09-17 14:19:30.124000,404.41039335960215,13
2024-09-17 14:19:30.242000,404.37120649396286,5
2024-09-17 14:19:30.292000,404.4362090174177,999
2024-09-17 14:19:30.295000,404.3483534812383,100
2024-09-17 14:19:30.374000,404.3533236695104,99
2024-09-17 14:19:30.400000,404.3627746340453,103
2024-09-17 14:19:30.444000,404.3306124385728,96
2024-09-17 14:19:30.512000,404.3870300089191,998
2024-09-17 14:19:30.589000,404.3993114611371,997
2024-09-17 14:19:30.619000,404.3812766707629,98
2024-09-17 14:19:30.673000,404.4139439843997,998
2024-09-17 14:19:30.678000,404.3856540328026,8
2024-09-17 14:19:30.791000,404.3378753845119,9
2024-09-17 14:19:30.830000,404.3175888801844,5
2024-09-17 14:19:30.967000,404.3400628979877,998
2024-09-17 14:19:30.968000,404.3135640638969,8
2024-09-17 14:19:31.044000,404.4424818370557,1005
2024-09-17 14:19:31.085000,404.4214408978086,9
2024-09-17 14:19:31.112000,404.4511638798837,1003
2024-09-17 14:19:31.115000,404.50676285501225,1001
2024-09-17 14:19:31.131000,404.4258829703637,997
2024-09-17 14:19:31.150000,404.464727007893,8
2024-09-17 14:19:31.164000,404.5135113124891,6
2024-09-17 14:19:31.203000,404.4768463398184,13
2024-09-17 14:19:31.246000,404.4446858698631,6
2024-09-17 14:19:31.275000,404.52079005306496,11
2024-09-17 14:19:31.314000,404.4740752921726,11
2024-09-17 14:19:31.321000,404.47090526833847,101
2024-09-17 14:19:31.327000,404.4994235294381,102
2024-09-17 14:19:31.350000,404.4433319516064,96
2024-09-17 14:19:31.386000,404.44789901403567,12
2024-09-17 14:19:31.387000,404.45988270182994,10
2024-09-17 14:19:31.442000,404.51703584109055,1005
2024-09-17 14:19:31.472000,404.4599886449873,997
2024-09-17 14:19:31.566000,404.44829269666025,995
2024-09-17 14:19:31.651000,404.43607541725873,12
2024-09-17 14:19:31.777000,404.5071978183892,7
2024-09-17 14:19:31.834000,404.4824934234,13
2024-09-17 14:19:31.905000,404.4280332280912,998
2024-09-17 14:19:31.952000,404.4659321512685,13
2024-09-17 14:19:31.954000,404.4136632074037,1005
2024-09-17 14:19:32.334000,404.5073721635948,11
2024-09-17 14:19:32.530000,404.4914427546852,1000
2024-09-17 14:19:32.713000,404.491821367485,995
2024-09-17 14:19:33.149000,404.4859476624849,10
2024-09-17 14:19:33.346000,404.4965492469387,100
2024-09-17 14:19:33.521000,404.48701122968026,14
2024-09-17 14:19:33.733000,404.4829257113027,1004
2024-09-17 14:19:34.229000,404.4906149874571,104
2024-09-17 14:19:34.486000,404.496126864496,15
2024-09-17 14:19:34.586000,404.4999510792448,997
2024-09-17 14:19:34.627000,404.5075928358685,7
2024-09-17 14:19:34.632000,404.4810629091299,995
2024-09-17 14:19:34.652000,404.477868905137,1004
2024-09-17 14:19:35.120000,404.50296012152256,97
2024-09-17 14:19:35.290000,404.4927578480885,1000
2024-09-17 14:19:36.006000,404.51591462114976,14
2024-09-17 14:19:36.157000,404.5283097191127,101
2024-09-17 14:19:36.276000,404.5258529760452,1002
2024-09-17 14:19:37.048000,404.4824282843058,1005
2024-09-17 14:19:37.068000,404.4869305835648,11
2024-09-17 14:19:37.100000,404.5281361650338,101
2024-09-17 14:19:37.180000,404.5174102803509,1003
2024-09-17 14:19:37.203000,404.473994775744,10
2024-09-17 14:19:37.257000,404.48200042869945,1005
2024-09-17 14:19:37.279000,404.4932566372114,1002
2024-09-17 14:19:37.322000,404.4819354404183,103
2024-09-17 14:19:37.327000,404.46786453781016,1002
2024-09-17 14:19:37.344000,404.51257776361456,1000
2024-09-17 14:19:37.430000,404.4687841869738,105
2024-09-17 14:19:37.435000,404.5216108942336,7
2024-09-17 14:19:37.558000,404.5235156423559,1003
2024-09-17 14:19:37.597000,404.4492485792182,1003
2024-09-17 14:19:37.651000,404.4701917511791,95
2024-09-17 14:19:37.671000,404.51961834838505,1001
2024-09-17 14:19:37.672000,404.48276135185176,996
2024-09-17 14:19:37.684000,404.4374621097676,15
2024-09-17 14:19:37.692000,404.4777669025544,1000
2024-09-17 14:19:37.868000,404.5303409258523,1003
2024-09-17 14:19:37.878000,404.4690114092856,1000
2024-09-17 14:19:37.924000,404.5142363833818,14
2024-09-17 14:19:37.936000,404.5403938422444,99
2024-09-17 14:19:37.977000,404.4867525757031,10
2024-09-17 14:19:38.025000,404.4885638007103,7
2024-09-17 14:19:38.050000,404.5003661997163,12
2024-09-17 14:19:38.104000,404.4961646353564,11
2024-09-17 14:19:38.111000,404.51567912665865,96
2024-09-17 14:19:38.143000,404.51434478111406,1005
2024-09-17 14:19:38.265000,404.5284537972571,9
2024-09-17 14:19:38.396000,404.5101838563712,996
2024-09-17 14:19:38.476000,404.5048873018111,13
2024-09-17 14:19:38.747000,404.5133921982484,1001
2024-09-17 14:19:38.851000,404.48353697780345,997
2024-09-17 14:19:38.858000,404.5000958053723,8
2024-09-17 14:19:38.893000,404.4968155543502,11
2024-09-17 14:19:38.939000,404.5134148366011,12
2024-09-17 14:19:38.951000,404.5107587279966,997
2024-09-17 14:19:39.012000,404.5138925116555,97
2024-09-17 14:19:39.112000,404.4821051953992,12
2024-09-17 14:19:39.127000,404.5271758210857,995
2024-09-17 14:19:39.132000,404.49719564152826,103
2024-09-17 14:19:39.178000,404.54306241386473,100
2024-09-17 14:19:39.232000,404.5032379549655,995
2024-09-17 14:19:39.238000,404.5341594478593,98
2024-09-17 14:19:39.274000,404.5047174341078,1003
2024-09-17 14:19:39.294000,404.520951476539,999
2024-09-17 14:19:39.319000,404.5040218014294,96
2024-09-17 14:19:39.383000,404.5086358655096,97
2024-09-17 14:19:39.391000,404.4994596094054,12
2024-09-17 14:19:39.412000,404.5322927049537,1001
2024-09-17 14:19:39.447000,404.5270405744459,12
2024-09-17 14:19:39.449000,404.5202465617076,104
2024-09-17 14:19:39.464000,404.53016277955794,999
2024-09-17 14:19:39.544000,404.4865216367377,14
2024-09-17 14:19:39.580000,404.5386603775512,12
2024-09-17 14:19:39.628000,404.5217311419425,7
2024-09-17 14:19:39.636000,404.5022280806545,8
2024-09-17 14:19:39.653000,404.5128389006816,101
2024-09-17 14:19:39.766000,404.55132423471343,1005
2024-09-17 14:19:39.790000,404.5000332128613,104
2024-09-17 14:19:39.799000,404.5054846459624,100
2024-09-17 14:19:39.825000,404.5114243967504,5
2024-09-17 14:19:39.878000,404.5017218397199,5
2024-09-17 14:19:40.546000,404.5274874911476,15
2024-09-17 14:19:41.031000,404.54623974830304,1004
2024-09-17 14:19:41.085000,404.527429200758,99
2024-09-17 14:19:41.145000,404.5040602660441,97
2024-09-17 14:19:41.204000,404.53267710436535,101
2024-09-17 14:19:41.224000,404.4850187240421,15
2024-09-17 14:19:41.286000,404.4876038054522,103
2024-09-17 14:19:41.336000,404.5388399028986,97
2024-09-17 14:19:41.408000,404.4993497176844,1004
2024-09-17 14:19:41.437000,404.5100291652981,1005
2024-09-17 14:19:41.461000,404.5301578683208,96
2024-09-17 14:19:41.462000,404.5093246134541,102
2024-09-17 14:19:41.502000,404.4976330058551,1000
2024-09-17 14:19:41.535000,404.53454421409646,101
2024-09-17 14:19:41.548000,404.51426743418887,95
2024-09-17 14:19:41.607000,404.4997741712796,8
2024-09-17 14:19:41.609000,404.54217301739976,99
2024-09-17 14:19:41.679000,404.50590050563017,998
2024-09-17 14:19:41.837000,404.5435790080184,998
2024-09-17 14:19:41.847000,404.5008715377061,101
2024-09-17 14:19:41.926000,404.4994527658801,95
2024-09-17 14:19:41.976000,404.5155341488819,7
2024-09-17 14:19:42.010000,404.46334035006487,15
2024-09-17 14:19:42.049000,404.4873456890382,99
2024-09-17 14:19:42.125000,404.4890680814004,98
2024-09-17 14:19:42.137000,404.47489324320105,15
2024-09-17 14:19:42.182000,404.55075026391086,995
2024-09-17 14:19:42.218000,404.4931007033575,7
2024-09-17 14:19:42.225000,404.4653204978853,1000
2024-09-17 14:19:42.235000,404.4968422158976,1004
2024-09-17 14:19:42.251000,404.4617211024074,95
2024-09-17 14:19:42.257000,404.5493903848069,995
2024-09-17 14:19:42.276000,404.49432330649495,5
2024-09-17 14:19:42.285000,404.5291057745332,1005
2024-09-17 14:19:42.287000,404.4838924090675,103
2024-09-17 14:19:42.305000,404.4934312472967,14
2024-09-17 14:19:42.318000,404.4525214974139,1001
2024-09-17 14:19:42.426000,404.5433035667057,995
2024-09-17 14:19:42.643000,404.5315317960042,998
2024-09-17 14:19:42.664000,404.4778766660969,12
2024-09-17 14:19:42.692000,404.5116585676532,6
2024-09-17 14:19:42.715000,404.54021856584967,105
2024-09-17 14:19:42.728000,404.4942448494318,9
2024-09-17 14:19:42.785000,404.5238555621714,13
2024-09-17 14:19:42.862000,404.4952482550491,98
2024-09-17 14:19:42.995000,404.4619080776412,6
2024-09-17 14:19:43.097000,404.4918951916274,102
2024-09-17 14:19:43.176000,404.50099413821306,9
2024-09-17 14:19:43.302000,404.5044596142429,997
2024-09-17 14:19:43.752000,404.5133527126616,1002
2024-09-17 14:19:44.061000,404.5010862631449,100
2024-09-17 14:19:44.123000,404.4954155448443,999
2024-09-17 14:19:44.564000,404.49627601211466,102
2024-09-17 14:19:44.724000,404.4904215789592,100
2024-09-17 14:19:44.831000,404.4720379949397,13
2024-09-17 14:19:44.868000,404.485845835611,12
2024-09-17 14:19:45.143000,404.4619557633088,1004
2024-09-17 14:19:45.194000,404.4921556014552,103
2024-09-17 14:19:45.293000,404.53733737400006,1000
2024-09-17 14:19:45.294000,404.4923420634999,96
2024-09-17 14:19:45.311000,404.5104090793426,101
2024-09-17 14:19:45.354000,404.46257979003184,10
2024-09-17 14:19:45.371000,404.4710993960376,98
2024-09-17 14:19:45.444000,404.4893569849388,1005
2024-09-17 14:19:45.483000,404.48599787695264,9
2024-09-17 14:19:45.507000,404.4703653228512,95
2024-09-17 14:19:45.522000,404.50575229058967,104
2024-09-17 14:19:45.595000,404.48189359199387,9
2024-09-17 14:19:45.643000,404.5048732025653,97
2024-09-17 14:19:45.680000,404.5269154110924,14
2024-09-17 14:19:45.732000,404.4915305328154,7
2024-09-17 14:19:45.734000,404.5004895175884,95
2024-09-17 14:19:45.776000,404.4732434524201,1000
2024-09-17 14:19:45.781000,404.4741483297559,99
2024-09-17 14:19:45.787000,404.4723304749048,1004
2024-09-17 14:19:45.870000,404.4991612064904,95
2024-09-17 14:19:45.936000,404.5120954286454,1004
2024-09-17 14:19:46.002000,404.4943986847696,15
2024-09-17 14:19:46.052000,404.49302678335647,5
2024-09-17 14:19:46.116000,404.4807841364528,99
2024-09-17 14:19:46.144000,404.46601065912495,105
2024-09-17 14:19:46.178000,404.4456449201832,5
2024-09-17 14:19:46.322000,404.49811682847314,15
2024-09-17 14:19:46.417000,404.4842163865536,1000
2024-09-17 14:19:46.477000,404.5250493859645,998
2024-09-17 14:19:46.481000,404.45470632882905,96
2024-09-17 14:19:46.544000,404.4596769345336,10
2024-09-17 14:19:46.626000,404.4615726848952,13
2024-09-17 14:19:46.750000,404.5027731726787,6
2024-09-17 14:19:46.763000,404.5120213795721,100
2024-09-17 14:19:46.779000,404.4889336083868,1004
2024-09-17 14:19:46.880000,404.45218898410434,105
2024-09-17 14:19:46.981000,404.5265864096494,995
2024-09-17 14:19:47.003000,404.46941776272894,999
2024-09-17 14:19:47.101000,404.5060992991071,1002
2024-09-17 14:19:47.106000,404.526898953778,9
2024-09-17 14:19:47.117000,404.52919226110754,1004
2024-09-17 14:19:47.208000,404.5502050464836,99
2024-09-17 14:19:47.303000,404.5358760436241,1004
2024-09-17 14:19:47.304000,404.51468879462186,995
2024-09-17 14:19:47.315000,404.4888702803008,996
2024-09-17 14:19:47.335000,404.57261809318,99
2024-09-17 14:19:47.424000,404.51510886392606,5
2024-09-17 14:19:47.482000,404.51955115857606,997
2024-09-17 14:19:47.506000,404.5357441273515,100
2024-09-17 14:19:47.515000,404.5475323890317,8
2024-09-17 14:19:47.550000,404.5240714675624,9
2024-09-17 14:19:47.554000,404.5362938028405,101
2024-09-17 14:19:47.564000,404.5281876887854,1005
2024-09-17 14:19:47.584000,404.475386453328,102
2024-09-17 14:19:47.603000,404.5268473143051,97
2024-09-17 14:19:47.625000,404.4979134770299,10
2024-09-17 14:19:47.667000,404.52429199918265,96
2024-09-17 14:19:47.679000,404.5418707914531,13
2024-09-17 14:19:47.694000,404.5583880501057,5
2024-09-17 14:19:47.699000,404.5225289284781,14
2024-09-17 14:19:47.706000,404.5239832843481,996
2024-09-17 14:19:47.708000,404.5408474852284,104
2024-09-17 14:19:47.743000,404.5039757148716,9
2024-09-17 14:19:47.860000,404.4930748564642,105
2024-09-17 14:19:47.868000,404.5120678602081,8
2024-09-17 14:19:47.892000,404.5263602466623,10
2024-09-17 14:19:47.994000,404.47588026109497,96
2024-09-17 14:19:48.440000,404.5697897170344,11
2024-09-17 14:19:48.449000,404.5705740818344,12
2024-09-17 14:19:48.461000,404.55982186825247,1002
2024-09-17 14:19:48.463000,404.58672297399886,1001
2024-09-17 14:19:48.489000,404.53076391521097,13
2024-09-17 14:19:48.930000,404.5416309391614,101
2024-09-17 14:19:48.985000,404.5674175312856,10
2024-09-17 14:19:49.120000,404.5291393738681,5
2024-09-17 14:19:49.140000,404.568043776507,5
2024-09-17 14:19:49.511000,404.5789150872,997
2024-09-17 14:19:49.590000,404.5639232865851,14
2024-09-17 14:19:49.615000,404.566864449174,1001
2024-09-17 14:19:49.916000,404.53048260689576,7
2024-09-17 14:19:49.923000,404.5585229808379,5
2024-09-17 14:19:49.938000,404.5688026910639,995
2024-09-17 14:19:50.290000,404.52362527110427,6
2024-09-17 14:19:50.400000,404.55267140872365,997
2024-09-17 14:19:50.425000,404.53007772445625,1004
2024-09-17 14:19:50.438000,404.55800781319147,14
2024-09-17 14:19:50.521000,404.5318283786198,1001
2024-09-17 14:19:50.669000,404.5517772069575,11
2024-09-17 14:19:50.783000,404.54585493105617,1001
2024-09-17 14:19:50.850000,404.5608241555967,999
2024-09-17 14:19:50.995000,404.54395029647816,99
2024-09-17 14:19:51.077000,404.5570520548633,1003
2024-09-17 14:19:51.092000,404.550435213683,103
2024-09-17 14:19:51.297000,404.5589496432442,6
2024-09-17 14:19:51.481000,404.5533451263416,9
2024-09-17 14:19:51.621000,404.57932180156746,97
2024-09-17 14:19:51.737000,404.54985992191945,11
2024-09-17 14:19:51.763000,404.57712031493065,101
2024-09-17 14:19:51.864000,404.5623281232248,1000
2024-09-17 14:19:51.909000,404.5441327952876,997
2024-09-17 14:19:51.988000,404.5552946439408,996
2024-09-17 14:19:53.029000,404.5557806824976,1002
2024-09-17 14:19:53.043000,404.549359904138,1000
2024-09-17 14:19:53.075000,404.4888149445267,1002
2024-09-17 14:19:53.220000,404.49174682477263,102
2024-09-17 14:19:53.337000,404.5061638307837,12
2024-09-17 14:19:53.402000,404.5220036886273,996
2024-09-17 14:19:53.593000,404.55171036491737,96
2024-09-17 14:19:53.627000,404.5249949547528,105
2024-09-17 14:19:53.685000,404.5160275961132,6
2024-09-17 14:19:53.702000,404.5612909909793,1000
2024-09-17 14:19:53.753000,404.52273148670383,98
2024-09-17 14:19:53.847000,404.5231177167108,5
2024-09-17 14:19:53.888000,404.56686380941295,1003
2024-09-17 14:19:53.939000,404.5256503478066,99
2024-09-17 14:19:54.118000,404.4942827905709,997
2024-09-17 14:19:54.323000,404.5026034324304,15
2024-09-17 14:19:54.486000,404.5201347502087,995
2024-09-17 14:19:54.802000,404.50905954724976,96
2024-09-17 14:19:54.823000,404.5012813525265,1002
2024-09-17 14:19:54.927000,404.4933648469398,103
2024-09-17 14:19:54.942000,404.5123804440756,11
2024-09-17 14:19:55.023000,404.5247945365747,15
2024-09-17 14:19:55.195000,404.49877714016736,998
2024-09-17 14:19:55.283000,404.5110510472062,995
2024-09-17 14:19:55.338000,404.4617568224518,1003
2024-09-17 14:19:55.344000,404.5199568835556,11
2024-09-17 14:19:55.396000,404.4849875637439,7
2024-09-17 14:19:55.479000,404.4625027477035,10
2024-09-17 14:19:55.519000,404.46423703436335,1003
2024-09-17 14:19:55.610000,404.5097579044109,5
2024-09-17 14:19:55.627000,404.5156058595194,7
2024-09-17 14:19:55.745000,404.4776892606408,9
2024-09-17 14:19:55.792000,404.512078768107,1002
2024-09-17 14:19:55.844000,404.5068261978544,5
2024-09-17 14:19:55.906000,404.4822027802778,7
2024-09-17 14:19:55.965000,404.50562815003735,1000
2024-09-17 14:19:55.978000,404.4969395513104,95
2024-09-17 14:19:56.018000,404.4174172746363,11
2024-09-17 14:19:56.035000,404.41648507402977,11
2024-09-17 14:19:56.060000,404.4371977317874,6
2024-09-17 14:19:56.127000,404.4490421991557,99
2024-09-17 14:19:56.224000,404.41654171367753,10
2024-09-17 14:19:56.639000,404.4605247217624,104
2024-09-17 14:19:56.684000,404.4266792446866,1003
2024-09-17 14:19:56.696000,404.4252853193767,1005
2024-09-17 14:19:56.753000,404.4239430915096,996
2024-09-17 14:19:56.762000,404.4621810388941,6
2024-09-17 14:19:56.946000,404.4460131152001,95
2024-09-17 14:19:57.095000,404.4177560848272,11
2024-09-17 14:19:57.521000,404.4178581529516,104
2024-09-17 14:19:57.523000,404.44187118384366,7
2024-09-17 14:19:57.969000,404.4250402828312,99
2024-09-17 14:19:58.356000,404.4393919203806,996
2024-09-17 14:19:58.446000,404.4329370223009,10
2024-09-17 14:19:58.456000,404.4488987172299,11
2024-09-17 14:19:58.529000,404.43574944028506,8
2024-09-17 14:19:58.543000,404.45280203232767,97
2024-09-17 14:19:58.601000,404.4423898158904,13
2024-09-17 14:19:58.783000,404.4564482461179,11
2024-09-17 14:19:58.929000,404.45112892538657,105
2024-09-17 14:19:58.974000,404.4692033833461,995
2024-09-17 14:19:59.012000,404.42014572202976,1003
2024-09-17 14:19:59.059000,404.417278809296,13
2024-09-17 14:19:59.086000,404.4168820825252,8
2024-09-17 14:19:59.114000,404.4117656900995,1005
2024-09-17 14:19:59.115000,404.4368610642063,100
2024-09-17 14:19:59.131000,404.4201582609875,104
2024-09-17 14:19:59.156000,404.4319815003137,101
2024-09-17 14:19:59.242000,404.4239941663044,996
2024-09-17 14:19:59.269000,404.4143697005626,98
2024-09-17 14:19:59.310000,404.4137418779801,7
2024-09-17 14:19:59.354000,404.39650679272125,11
2024-09-17 14:19:59.359000,404.4388199453961,8
2024-09-17 14:19:59.371000,404.4196683169401,995
2024-09-17 14:19:59.398000,404.40973003991553,98
2024-09-17 14:19:59.592000,404.410114080744,1002
2024-09-17 14:19:59.641000,404.42131267774977,1000
2024-09-17 14:19:59.679000,404.4137841604246,1003
2024-09-17 14:19:59.693000,404.38959337923626,7
2024-09-17 14:19:59.770000,404.4319680953507,96
2024-09-17 14:19:59.778000,404.4059772246743,96
2024-09-17 14:19:59.820000,404.3904268877808,995
2024-09-17 14:19:59.911000,404.4107893352509,998
2024-09-17 14:19:59.924000,404.4190547707254,997
