Timestamp,Price,Size
2024-09-18 10:14:00.344000,410.0942037536333,101
2024-09-18 10:14:00.346000,410.10520080958827,15
2024-09-18 10:14:00.525000,410.0967873963944,1002
2024-09-18 10:14:00.679000,410.10076376837054,98
2024-09-18 10:14:00.682000,410.0978616603053,1003
2024-09-18 10:14:00.710000,410.0937612963683,7
2024-09-18 10:14:00.749000,410.10568741470433,96
2024-09-18 10:14:00.926000,410.1050397318771,5
2024-09-18 10:14:01.005000,410.1163651332711,103
2024-09-18 10:14:01.147000,410.1123136073985,996
2024-09-18 10:14:01.159000,410.1058151580886,12
2024-09-18 10:14:01.390000,410.1012367558386,12
2024-09-18 10:14:01.566000,410.0693607987744,999
2024-09-18 10:14:01.628000,410.1166511862994,996
2024-09-18 10:14:01.641000,410.1232740534673,11
2024-09-18 10:14:01.647000,410.11443102219744,6
2024-09-18 10:14:01.687000,410.1058683435688,103
2024-09-18 10:14:01.698000,410.12878948766433,8
2024-09-18 10:14:01.733000,410.1165326318574,95
2024-09-18 10:14:01.845000,410.1068836210535,6
2024-09-18 10:14:01.950000,410.0819005077237,997
2024-09-18 10:14:01.962000,410.09334494569526,14
2024-09-18 10:14:01.996000,410.0819330152104,10
2024-09-18 10:14:02.046000,410.0507358860358,97
2024-09-18 10:14:02.360000,410.0702724923356,7
2024-09-18 10:14:02.475000,410.0670758825998,102
2024-09-18 10:14:02.581000,410.0634373582228,1000
2024-09-18 10:14:02.635000,410.0708704587219,10
2024-09-18 10:14:02.904000,410.0646866202193,15
2024-09-18 10:14:03.007000,410.0676173698542,101
2024-09-18 10:14:03.058000,410.0465327016763,10
2024-09-18 10:14:03.079000,410.09985478510345,96
2024-09-18 10:14:03.162000,410.07677943123446,95
2024-09-18 10:14:03.180000,410.07666262947305,1003
2024-09-18 10:14:03.259000,410.0817350218097,996
2024-09-18 10:14:03.293000,410.0543768958231,998
2024-09-18 10:14:03.535000,410.09150291352745,14
2024-09-18 10:14:03.682000,410.08990670386015,5
2024-09-18 10:14:03.705000,410.0867762064078,14
2024-09-18 10:14:03.826000,410.0544635479672,10
2024-09-18 10:14:03.846000,410.0782472775747,13
2024-09-18 10:14:03.885000,410.0760662859293,14
2024-09-18 10:14:04.001000,410.1411267090906,5
2024-09-18 10:14:04.115000,410.1111910605449,1001
2024-09-18 10:14:04.196000,410.1161835774566,1005
2024-09-18 10:14:04.287000,410.1253454348971,98
2024-09-18 10:14:04.314000,410.1112217327026,98
2024-09-18 10:14:04.318000,410.12386752269606,98
2024-09-18 10:14:04.517000,410.1112878466004,996
2024-09-18 10:14:04.544000,410.0738456234732,8
2024-09-18 10:14:04.655000,410.12274613964496,97
2024-09-18 10:14:04.670000,410.1095765216169,995
2024-09-18 10:14:04.682000,410.1392185364944,12
2024-09-18 10:14:04.891000,410.1529866465988,104
2024-09-18 10:14:05.059000,410.1449127003252,101
2024-09-18 10:14:05.083000,410.1023317885288,1004
2024-09-18 10:14:05.544000,410.1371721508072,100
2024-09-18 10:14:05.806000,410.152907964556,10
2024-09-18 10:14:05.893000,410.11968878395066,99
2024-09-18 10:14:05.937000,410.12931237800586,997
2024-09-18 10:14:06.012000,410.1209195602,14
2024-09-18 10:14:06.079000,410.1029017990212,14
2024-09-18 10:14:06.093000,410.059315575095,103
2024-09-18 10:14:06.259000,410.0785519671605,7
2024-09-18 10:14:06.260000,410.08519228347023,103
2024-09-18 10:14:06.266000,410.1662033046842,98
2024-09-18 10:14:06.495000,410.0799140023963,15
2024-09-18 10:14:06.533000,410.0633573713714,5
2024-09-18 10:14:06.591000,410.1175696053641,96
2024-09-18 10:14:06.622000,410.0573758527784,98
2024-09-18 10:14:06.661000,410.0654334382823,6
2024-09-18 10:14:06.706000,410.0742328499514,1005
2024-09-18 10:14:06.774000,410.0742176591877,14
2024-09-18 10:14:06.814000,410.1449441155421,9
2024-09-18 10:14:06.943000,410.0686403840624,14
2024-09-18 10:14:06.981000,410.07340257939165,14
2024-09-18 10:14:06.982000,410.097633594759,1004
2024-09-18 10:14:07.043000,410.1702152892,98
2024-09-18 10:14:07.083000,410.16270174936415,1001
2024-09-18 10:14:07.102000,410.13672625753577,11
2024-09-18 10:14:07.238000,410.1786689044468,1005
2024-09-18 10:14:07.369000,410.1700418602283,11
2024-09-18 10:14:07.515000,410.14468285539954,8
2024-09-18 10:14:07.634000,410.14971150631146,1001
2024-09-18 10:14:07.684000,410.17165918767046,1003
2024-09-18 10:14:07.717000,410.1502773766416,15
2024-09-18 10:14:07.888000,410.18255798147845,15
2024-09-18 10:14:07.915000,410.17338604239904,7
2024-09-18 10:14:07.920000,410.1628359976434,13
2024-09-18 10:14:07.953000,410.15308166895466,6
2024-09-18 10:14:08.142000,410.1737116380648,102
2024-09-18 10:14:08.167000,410.0703446410635,1001
2024-09-18 10:14:08.177000,410.0861825585274,95
2024-09-18 10:14:08.251000,410.13548098894086,11
2024-09-18 10:14:08.266000,410.1062340552936,97
2024-09-18 10:14:08.354000,410.09103521780514,1002
2024-09-18 10:14:08.369000,410.10021721672456,101
2024-09-18 10:14:08.461000,410.1158457272564,14
2024-09-18 10:14:08.488000,410.1594094682414,100
2024-09-18 10:14:08.491000,410.150237894883,13
2024-09-18 10:14:08.686000,410.1291393464194,95
2024-09-18 10:14:08.710000,410.09762925494186,99
2024-09-18 10:14:08.755000,410.1650345231472,102
2024-09-18 10:14:08.863000,410.1546441935102,12
2024-09-18 10:14:08.923000,410.1331643816732,99
2024-09-18 10:14:08.924000,410.10277977882254,13
2024-09-18 10:14:08.939000,410.15047375356255,103
2024-09-18 10:14:09.016000,410.1527675470677,98
2024-09-18 10:14:09.021000,410.16609772516006,12
2024-09-18 10:14:09.056000,410.152135885461,1003
2024-09-18 10:14:09.096000,410.1026999654631,11
2024-09-18 10:14:09.099000,410.1716370473072,999
2024-09-18 10:14:09.204000,410.1152106725468,95
2024-09-18 10:14:09.233000,410.1686331350283,1004
2024-09-18 10:14:09.270000,410.0906143297901,997
2024-09-18 10:14:09.334000,410.1190169598554,13
2024-09-18 10:14:09.352000,410.1312518092085,997
2024-09-18 10:14:09.408000,410.087824052142,11
2024-09-18 10:14:09.416000,410.0674558149802,1002
2024-09-18 10:14:09.427000,410.1689985570807,8
2024-09-18 10:14:09.437000,410.16656027990825,1003
2024-09-18 10:14:09.478000,410.166794135202,12
2024-09-18 10:14:09.484000,410.1524671620457,8
2024-09-18 10:14:09.487000,410.1533866822428,997
2024-09-18 10:14:09.512000,410.1452656328704,105
2024-09-18 10:14:09.687000,410.1624861274171,1001
2024-09-18 10:14:09.710000,410.14114474523376,996
2024-09-18 10:14:09.736000,410.16187250579225,999
2024-09-18 10:14:09.759000,410.159988105128,996
2024-09-18 10:14:09.834000,410.1378797229233,8
2024-09-18 10:14:09.846000,410.1364047103147,997
2024-09-18 10:14:09.854000,410.15577065834486,1005
2024-09-18 10:14:09.935000,410.0691028302885,104
2024-09-18 10:14:09.977000,410.1694445223121,1001
2024-09-18 10:14:10.600000,410.150961271066,1003
2024-09-18 10:14:10.669000,410.177328148186,5
2024-09-18 10:14:10.723000,410.135549592524,1000
2024-09-18 10:14:10.793000,410.18053676633184,101
2024-09-18 10:14:10.919000,410.1536245033397,11
2024-09-18 10:14:11.220000,410.1278685370892,100
2024-09-18 10:14:11.322000,410.14052624683546,101
2024-09-18 10:14:11.375000,410.14201673963726,100
2024-09-18 10:14:11.640000,410.1198118547058,999
2024-09-18 10:14:11.971000,410.1586637881401,11
2024-09-18 10:14:12.121000,410.0668503108727,102
2024-09-18 10:14:12.208000,410.1499974754304,95
2024-09-18 10:14:12.245000,410.09801793203314,1004
2024-09-18 10:14:12.272000,410.08802554332925,12
2024-09-18 10:14:12.402000,410.08302814381744,7
2024-09-18 10:14:12.471000,410.0899648876797,13
2024-09-18 10:14:12.505000,410.1128539680199,1003
2024-09-18 10:14:12.623000,410.1225278090331,97
2024-09-18 10:14:12.643000,410.1142304250926,1004
2024-09-18 10:14:12.703000,410.0818268376293,105
2024-09-18 10:14:12.763000,410.0675904662745,103
2024-09-18 10:14:12.792000,410.0805922381713,13
2024-09-18 10:14:12.846000,410.1002262135869,1004
2024-09-18 10:14:12.876000,410.0888813198334,6
2024-09-18 10:14:12.890000,410.0837046140115,1002
2024-09-18 10:14:12.894000,410.1033995161377,11
2024-09-18 10:14:12.973000,410.0649160856596,1005
2024-09-18 10:14:13.119000,410.0751105927964,1001
2024-09-18 10:14:13.260000,410.0671557505757,104
2024-09-18 10:14:13.293000,410.0917741469679,102
2024-09-18 10:14:13.409000,410.0571647560407,97
2024-09-18 10:14:13.758000,410.0811975198584,14
2024-09-18 10:14:13.892000,410.0390271175368,1005
2024-09-18 10:14:13.969000,410.05177138853423,100
2024-09-18 10:14:15.034000,410.07225887976665,11
2024-09-18 10:14:15.043000,410.06803642831903,7
2024-09-18 10:14:15.053000,410.0494846515296,1002
2024-09-18 10:14:15.092000,410.0357963836917,1003
2024-09-18 10:14:15.111000,410.07444724599344,8
2024-09-18 10:14:15.156000,410.04985993709374,11
2024-09-18 10:14:15.321000,410.07218364086793,14
2024-09-18 10:14:15.432000,410.0400155002912,1003
2024-09-18 10:14:15.563000,410.0584459163462,995
2024-09-18 10:14:15.632000,410.03091775292825,1002
2024-09-18 10:14:15.651000,410.0688470188305,105
2024-09-18 10:14:15.683000,410.0460219014569,1005
2024-09-18 10:14:15.820000,410.0442943840698,100
2024-09-18 10:14:15.867000,410.0464096593119,1003
2024-09-18 10:14:15.983000,410.0643522118128,1005
2024-09-18 10:14:15.996000,410.0579586714067,1000
2024-09-18 10:14:16.030000,410.0461692185344,104
2024-09-18 10:14:16.071000,410.0652670886855,97
2024-09-18 10:14:16.129000,410.0572962623051,14
2024-09-18 10:14:16.232000,410.0591030970196,100
2024-09-18 10:14:16.273000,410.0552729398372,105
2024-09-18 10:14:16.360000,410.0366014041129,10
2024-09-18 10:14:16.366000,410.0601053263734,99
2024-09-18 10:14:16.574000,410.0663224566213,95
2024-09-18 10:14:16.597000,410.0678488457845,105
2024-09-18 10:14:16.617000,410.0590147966894,1001
2024-09-18 10:14:16.631000,410.0695961452347,1002
2024-09-18 10:14:16.641000,410.0817735346835,101
2024-09-18 10:14:16.657000,410.07041800271264,1003
2024-09-18 10:14:16.671000,410.0627020188158,8
2024-09-18 10:14:16.691000,410.0568192282341,15
2024-09-18 10:14:16.716000,410.06880045026384,95
2024-09-18 10:14:16.717000,410.0520656103617,5
2024-09-18 10:14:16.721000,410.0645680837004,103
2024-09-18 10:14:16.745000,410.0464794689377,95
2024-09-18 10:14:16.746000,410.057607379248,5
2024-09-18 10:14:16.812000,410.0631480157272,104
2024-09-18 10:14:16.859000,410.051197806282,13
2024-09-18 10:14:16.945000,410.053919316977,7
2024-09-18 10:14:16.966000,410.05560407489,1000
2024-09-18 10:14:16.988000,410.0478461659728,11
2024-09-18 10:14:17.089000,410.2016096066308,13
2024-09-18 10:14:17.263000,410.1058611894717,6
2024-09-18 10:14:17.373000,410.1782261588999,13
2024-09-18 10:14:17.405000,410.155458019808,1000
2024-09-18 10:14:17.443000,410.1498255484445,1004
2024-09-18 10:14:17.519000,410.1395681372864,996
2024-09-18 10:14:17.530000,410.1657062570178,99
2024-09-18 10:14:17.544000,410.1507600307957,97
2024-09-18 10:14:17.680000,410.176711666294,104
2024-09-18 10:14:17.690000,410.1295858669501,996
2024-09-18 10:14:17.693000,410.1558766350321,999
2024-09-18 10:14:17.696000,410.1032113337779,6
2024-09-18 10:14:17.697000,410.11163995819743,105
2024-09-18 10:14:17.780000,410.1529100227186,5
2024-09-18 10:14:17.814000,410.1030723314621,14
2024-09-18 10:14:17.870000,410.1881481080312,995
2024-09-18 10:14:17.931000,410.1218621948759,11
2024-09-18 10:14:18.019000,410.2307912429957,13
2024-09-18 10:14:18.024000,410.2135044616995,6
2024-09-18 10:14:18.027000,410.2102208367881,1001
2024-09-18 10:14:18.053000,410.19934578060577,99
2024-09-18 10:14:18.053000,410.2015805534901,99
2024-09-18 10:14:18.133000,410.2595887442228,1003
2024-09-18 10:14:18.138000,410.2001267211459,96
2024-09-18 10:14:18.213000,410.193662625932,1000
2024-09-18 10:14:18.315000,410.2040354637084,10
2024-09-18 10:14:18.372000,410.17270650808433,8
2024-09-18 10:14:18.410000,410.2114435429489,13
2024-09-18 10:14:18.415000,410.2221256349767,8
2024-09-18 10:14:18.416000,410.2528539032453,995
2024-09-18 10:14:18.496000,410.1951972812112,14
2024-09-18 10:14:18.535000,410.2364241526573,995
2024-09-18 10:14:18.543000,410.2138347738483,7
2024-09-18 10:14:18.590000,410.2435304056801,1001
2024-09-18 10:14:18.599000,410.1816252927508,996
2024-09-18 10:14:18.714000,410.1884186713431,1004
2024-09-18 10:14:18.752000,410.20251760102855,1002
2024-09-18 10:14:18.899000,410.2057313338865,997
2024-09-18 10:14:19.163000,410.2387538743294,103
2024-09-18 10:14:19.268000,410.2472750950499,995
2024-09-18 10:14:19.420000,410.233026780649,6
2024-09-18 10:14:19.628000,410.22709072585934,996
2024-09-18 10:14:19.895000,410.2405316854076,7
2024-09-18 10:14:20.030000,410.2615789302979,13
2024-09-18 10:14:20.149000,410.26548863528353,1003
2024-09-18 10:14:20.169000,410.2723932980388,7
2024-09-18 10:14:20.290000,410.2845007942794,999
2024-09-18 10:14:20.349000,410.2342828965967,95
2024-09-18 10:14:20.384000,410.26143915348194,12
2024-09-18 10:14:20.416000,410.2497367265856,97
2024-09-18 10:14:20.455000,410.2655556585637,1003
2024-09-18 10:14:20.470000,410.2573482449838,999
2024-09-18 10:14:20.571000,410.24608442591375,997
2024-09-18 10:14:20.589000,410.25094682440624,8
2024-09-18 10:14:20.607000,410.2456806323277,1002
2024-09-18 10:14:20.660000,410.25737805520737,1004
2024-09-18 10:14:20.806000,410.262479605192,14
2024-09-18 10:14:20.883000,410.2642381649486,997
2024-09-18 10:14:20.885000,410.25255021322863,997
2024-09-18 10:14:20.996000,410.2672184292944,8
2024-09-18 10:14:21.015000,410.2791269238392,997
2024-09-18 10:14:21.019000,410.23087245827327,7
2024-09-18 10:14:21.039000,410.2506000529254,11
2024-09-18 10:14:21.101000,410.291376812607,13
2024-09-18 10:14:21.148000,410.2370482238005,104
2024-09-18 10:14:21.188000,410.27032519271273,1000
2024-09-18 10:14:21.223000,410.25999546221743,95
2024-09-18 10:14:21.224000,410.26792785125787,15
2024-09-18 10:14:21.302000,410.2721075909998,1000
2024-09-18 10:14:21.309000,410.2759123363023,95
2024-09-18 10:14:21.365000,410.2298183031282,9
2024-09-18 10:14:21.453000,410.24094234500114,6
2024-09-18 10:14:21.458000,410.2247596134672,13
2024-09-18 10:14:21.496000,410.27425514478665,999
2024-09-18 10:14:21.513000,410.2565874629498,1005
2024-09-18 10:14:21.606000,410.2935779807263,12
2024-09-18 10:14:21.621000,410.2771513147692,14
2024-09-18 10:14:21.650000,410.2743894622968,103
2024-09-18 10:14:21.698000,410.2476793028118,95
2024-09-18 10:14:21.714000,410.2734174330031,95
2024-09-18 10:14:21.715000,410.2723473350786,102
2024-09-18 10:14:21.801000,410.2820704632537,103
2024-09-18 10:14:21.871000,410.2874484312196,10
2024-09-18 10:14:21.876000,410.2563504418676,999
2024-09-18 10:14:21.882000,410.2686273546082,100
2024-09-18 10:14:21.883000,410.2846379832546,98
2024-09-18 10:14:21.958000,410.2799792643031,15
2024-09-18 10:14:21.989000,410.27830813133806,100
2024-09-18 10:14:22.188000,410.2558503898108,6
2024-09-18 10:14:22.326000,410.2279220180245,5
2024-09-18 10:14:22.536000,410.2237043195771,96
2024-09-18 10:14:22.550000,410.2628601327119,1000
2024-09-18 10:14:22.954000,410.2479475546908,1003
2024-09-18 10:14:23.019000,410.2276407041772,7
2024-09-18 10:14:23.045000,410.2266723174404,1002
2024-09-18 10:14:23.057000,410.2213419409159,97
2024-09-18 10:14:23.072000,410.2030496859168,7
2024-09-18 10:14:23.088000,410.182518483241,997
2024-09-18 10:14:23.160000,410.2132247974217,1003
2024-09-18 10:14:23.336000,410.2431252128122,996
2024-09-18 10:14:23.362000,410.19906636241103,1005
2024-09-18 10:14:23.392000,410.2543033456543,996
2024-09-18 10:14:23.428000,410.1955924406863,996
2024-09-18 10:14:23.437000,410.2343251630553,15
2024-09-18 10:14:23.497000,410.24966457019417,999
2024-09-18 10:14:23.508000,410.1850319405372,105
2024-09-18 10:14:23.542000,410.23808931198175,10
2024-09-18 10:14:23.607000,410.25307792000007,995
2024-09-18 10:14:23.625000,410.18644940719537,13
2024-09-18 10:14:23.642000,410.22939351036047,1002
2024-09-18 10:14:23.664000,410.2130148172399,105
2024-09-18 10:14:23.684000,410.18146645567685,96
2024-09-18 10:14:23.737000,410.21411494019065,97
2024-09-18 10:14:23.757000,410.25109766458775,104
2024-09-18 10:14:23.768000,410.2021504202704,1000
2024-09-18 10:14:23.840000,410.1978706249279,995
2024-09-18 10:14:23.874000,410.17730630827833,8
2024-09-18 10:14:23.915000,410.2351166467024,7
2024-09-18 10:14:23.949000,410.2145075205691,95
2024-09-18 10:14:23.993000,410.2339039597951,11
2024-09-18 10:14:24.060000,410.2080553928546,103
2024-09-18 10:14:24.143000,410.2326071794142,1002
2024-09-18 10:14:24.163000,410.237697312271,1001
2024-09-18 10:14:24.172000,410.2475957861035,1004
2024-09-18 10:14:24.249000,410.2334663225171,105
2024-09-18 10:14:24.272000,410.23209819825365,995
2024-09-18 10:14:24.283000,410.23071294276593,8
2024-09-18 10:14:24.311000,410.2224880384439,15
2024-09-18 10:14:24.356000,410.2123131152174,8
2024-09-18 10:14:24.537000,410.21895847690223,13
2024-09-18 10:14:24.556000,410.2342100046604,8
2024-09-18 10:14:24.572000,410.2180363083341,1003
2024-09-18 10:14:24.576000,410.2140881431234,1000
2024-09-18 10:14:24.663000,410.2165429003398,10
2024-09-18 10:14:24.686000,410.23032088513736,96
2024-09-18 10:14:24.806000,410.2426955939482,102
2024-09-18 10:14:24.892000,410.2373491492908,997
2024-09-18 10:14:24.930000,410.2387796113142,8
2024-09-18 10:14:24.996000,410.2331352664714,1003
2024-09-18 10:14:25.011000,410.28182842212107,7
2024-09-18 10:14:25.024000,410.27949414384926,1003
2024-09-18 10:14:25.047000,410.2876656671604,104
2024-09-18 10:14:25.060000,410.26459132525633,998
2024-09-18 10:14:25.072000,410.2677126674157,1005
2024-09-18 10:14:25.130000,410.25530908299737,13
2024-09-18 10:14:25.147000,410.2471334649085,97
2024-09-18 10:14:25.147000,410.3107334721902,1000
2024-09-18 10:14:25.209000,410.2646877192605,104
2024-09-18 10:14:25.241000,410.3144100355483,95
2024-09-18 10:14:25.269000,410.2683421577109,101
2024-09-18 10:14:25.336000,410.2645321456613,99
2024-09-18 10:14:25.369000,410.288140963355,11
2024-09-18 10:14:25.371000,410.2964842030348,998
2024-09-18 10:14:25.399000,410.2935279240686,996
2024-09-18 10:14:25.430000,410.2707215966621,999
2024-09-18 10:14:25.557000,410.2547996085906,14
2024-09-18 10:14:25.573000,410.2529556281989,96
2024-09-18 10:14:25.594000,410.2991537774255,100
2024-09-18 10:14:25.621000,410.277355122967,8
2024-09-18 10:14:25.650000,410.2233357460207,998
2024-09-18 10:14:25.720000,410.2414174701082,8
2024-09-18 10:14:25.740000,410.3166412326354,105
2024-09-18 10:14:25.752000,410.2366380472335,104
2024-09-18 10:14:25.778000,410.2442135725946,1001
2024-09-18 10:14:25.782000,410.2714947560087,98
2024-09-18 10:14:25.925000,410.28154195229337,13
2024-09-18 10:14:25.936000,410.3026804886532,14
2024-09-18 10:14:25.995000,410.2952673400146,1004
2024-09-18 10:14:26.420000,410.22897467119367,97
2024-09-18 10:14:26.586000,410.219987844789,1001
2024-09-18 10:14:26.628000,410.2224340030858,98
2024-09-18 10:14:26.746000,410.2595197448859,14
2024-09-18 10:14:26.796000,410.2423170289672,1003
2024-09-18 10:14:28.010000,410.2751465571011,99
2024-09-18 10:14:28.013000,410.28132123753176,13
2024-09-18 10:14:28.036000,410.31711943047225,997
2024-09-18 10:14:28.051000,410.2966310539265,98
2024-09-18 10:14:28.061000,410.2764012515121,1000
2024-09-18 10:14:28.093000,410.3132905568941,999
2024-09-18 10:14:28.192000,410.2999712433596,105
2024-09-18 10:14:28.226000,410.2961078162854,6
2024-09-18 10:14:28.274000,410.24718781537103,103
2024-09-18 10:14:28.351000,410.2379850337704,11
2024-09-18 10:14:28.435000,410.2854485785428,100
2024-09-18 10:14:28.446000,410.27702825598254,999
2024-09-18 10:14:28.511000,410.26009169601537,99
2024-09-18 10:14:28.535000,410.29829627161473,13
2024-09-18 10:14:28.570000,410.2471508314214,1000
2024-09-18 10:14:28.591000,410.2717509462198,12
2024-09-18 10:14:28.592000,410.3055364012462,102
2024-09-18 10:14:28.685000,410.2928291365841,5
2024-09-18 10:14:28.694000,410.273284792391,100
2024-09-18 10:14:28.708000,410.2743289525319,104
2024-09-18 10:14:28.720000,410.2906744425501,1001
2024-09-18 10:14:28.750000,410.277612936586,104
2024-09-18 10:14:28.770000,410.27653139437433,95
2024-09-18 10:14:28.799000,410.2618807048154,103
2024-09-18 10:14:28.848000,410.3022030215607,1005
2024-09-18 10:14:28.855000,410.2642965828781,5
2024-09-18 10:14:28.903000,410.26987700309127,996
2024-09-18 10:14:28.906000,410.2754163243412,14
2024-09-18 10:14:28.917000,410.2651848943053,15
2024-09-18 10:14:29.078000,410.2384208966652,98
2024-09-18 10:14:29.093000,410.19911492401695,98
2024-09-18 10:14:29.162000,410.23988963978087,1000
2024-09-18 10:14:29.208000,410.2784866998314,9
2024-09-18 10:14:29.557000,410.2432616862605,97
2024-09-18 10:14:29.590000,410.2368959914195,10
2024-09-18 10:14:29.626000,410.2510415338816,6
2024-09-18 10:14:29.793000,410.2100790255086,11
2024-09-18 10:14:29.959000,410.2157379657606,6
2024-09-18 10:14:30.097000,410.2164002266035,1004
2024-09-18 10:14:30.121000,410.18690293785306,9
2024-09-18 10:14:30.138000,410.1994749238234,100
2024-09-18 10:14:30.149000,410.2158618036838,997
2024-09-18 10:14:30.166000,410.213060953725,1004
2024-09-18 10:14:30.257000,410.2071279639973,12
2024-09-18 10:14:30.302000,410.1986245458189,12
2024-09-18 10:14:30.322000,410.2337831691053,995
2024-09-18 10:14:30.391000,410.231636993136,13
2024-09-18 10:14:30.487000,410.15432279551135,101
2024-09-18 10:14:30.538000,410.2205400168303,11
2024-09-18 10:14:30.579000,410.2233941392857,1000
2024-09-18 10:14:30.587000,410.2078840592714,97
2024-09-18 10:14:30.606000,410.2126235053439,999
2024-09-18 10:14:30.636000,410.2185925943039,998
2024-09-18 10:14:30.659000,410.1953465959182,6
2024-09-18 10:14:30.661000,410.2147727011609,999
2024-09-18 10:14:30.706000,410.1706455938545,15
2024-09-18 10:14:30.860000,410.1671431985098,9
2024-09-18 10:14:30.901000,410.208100219978,1003
2024-09-18 10:14:30.965000,410.2168108980312,101
2024-09-18 10:14:31.168000,410.1920905742055,997
2024-09-18 10:14:31.273000,410.1649130619604,13
2024-09-18 10:14:31.322000,410.16982243959313,1005
2024-09-18 10:14:31.670000,410.2172217106382,9
2024-09-18 10:14:31.724000,410.1786582696091,9
2024-09-18 10:14:31.836000,410.1549350706936,10
2024-09-18 10:14:31.910000,410.1524249870404,1002
2024-09-18 10:14:32.012000,410.2542237768032,9
2024-09-18 10:14:32.040000,410.19908520798407,1004
2024-09-18 10:14:32.044000,410.2712318830234,105
2024-09-18 10:14:32.067000,410.26923712738846,13
2024-09-18 10:14:32.090000,410.27599187131193,5
2024-09-18 10:14:32.101000,410.2523664878712,102
2024-09-18 10:14:32.114000,410.2530574235466,12
2024-09-18 10:14:32.257000,410.237737410723,997
2024-09-18 10:14:32.287000,410.26002112315166,14
2024-09-18 10:14:32.303000,410.2709484162801,5
2024-09-18 10:14:32.303000,410.221167692312,997
2024-09-18 10:14:32.309000,410.1743879570018,103
2024-09-18 10:14:32.375000,410.30277143800606,12
2024-09-18 10:14:32.422000,410.2776071496558,999
2024-09-18 10:14:32.514000,410.25295377906366,97
2024-09-18 10:14:32.569000,410.2594511160973,101
2024-09-18 10:14:32.590000,410.2572498902293,11
2024-09-18 10:14:32.630000,410.25259289761686,5
2024-09-18 10:14:32.636000,410.2671386576597,5
2024-09-18 10:14:32.643000,410.2463347107104,1003
2024-09-18 10:14:32.685000,410.2988453797472,5
2024-09-18 10:14:32.688000,410.2340953197622,14
2024-09-18 10:14:32.690000,410.2728368463957,99
2024-09-18 10:14:32.704000,410.2684765835968,999
2024-09-18 10:14:32.705000,410.1895990825874,1005
2024-09-18 10:14:32.924000,410.1832811816889,1000
2024-09-18 10:14:32.924000,410.262396744423,9
2024-09-18 10:14:32.963000,410.2729878255851,8
2024-09-18 10:14:33.006000,410.2730030639869,100
2024-09-18 10:14:33.233000,410.2671880104516,97
2024-09-18 10:14:33.283000,410.2798522132475,102
2024-09-18 10:14:33.458000,410.2816634678114,95
2024-09-18 10:14:33.731000,410.27315210191824,95
2024-09-18 10:14:33.983000,410.2751258998357,95
2024-09-18 10:14:34.156000,410.28391919095577,7
2024-09-18 10:14:34.492000,410.2926727670575,7
2024-09-18 10:14:34.599000,410.28533616110286,997
2024-09-18 10:14:34.619000,410.29402168822105,1003
2024-09-18 10:14:34.648000,410.2953444968565,100
2024-09-18 10:14:34.879000,410.29722214343553,6
2024-09-18 10:14:34.983000,410.29488575805385,999
2024-09-18 10:14:36.002000,410.2964707398609,1001
2024-09-18 10:14:36.043000,410.3822275106392,96
2024-09-18 10:14:36.121000,410.3867769441309,98
2024-09-18 10:14:36.128000,410.2925682512845,96
2024-09-18 10:14:36.181000,410.31064001509645,999
2024-09-18 10:14:36.271000,410.298758484222,7
2024-09-18 10:14:36.298000,410.3233316561801,96
2024-09-18 10:14:36.338000,410.2953731062291,95
2024-09-18 10:14:36.450000,410.3187294762028,1005
2024-09-18 10:14:36.511000,410.3781873613456,5
2024-09-18 10:14:36.520000,410.31115652546697,9
2024-09-18 10:14:36.562000,410.3933975167264,8
2024-09-18 10:14:36.579000,410.3867539434633,95
2024-09-18 10:14:36.673000,410.3407509572524,5
2024-09-18 10:14:36.713000,410.3821902902277,105
2024-09-18 10:14:36.778000,410.3727066664216,97
2024-09-18 10:14:36.796000,410.39593943765,103
2024-09-18 10:14:36.801000,410.3422750883037,997
2024-09-18 10:14:36.832000,410.3868850586947,10
2024-09-18 10:14:36.840000,410.3236304048987,14
2024-09-18 10:14:36.891000,410.3024681684937,11
2024-09-18 10:14:36.897000,410.3747431811513,99
2024-09-18 10:14:36.929000,410.381324178062,96
2024-09-18 10:14:36.936000,410.33530251022,104
2024-09-18 10:14:36.979000,410.3308754057336,7
2024-09-18 10:14:37.076000,410.3637967293997,96
2024-09-18 10:14:37.093000,410.3857425310465,97
2024-09-18 10:14:37.188000,410.333709668545,995
2024-09-18 10:14:37.221000,410.3776428666332,5
2024-09-18 10:14:37.232000,410.3909816529404,100
2024-09-18 10:14:37.260000,410.3335335534856,13
2024-09-18 10:14:37.261000,410.3264346471871,103
2024-09-18 10:14:37.302000,410.39914581504496,5
2024-09-18 10:14:37.396000,410.3245308480177,996
2024-09-18 10:14:37.410000,410.3435308953087,95
2024-09-18 10:14:37.422000,410.3726090478822,97
2024-09-18 10:14:37.424000,410.2763708770431,6
2024-09-18 10:14:37.432000,410.4062814756558,1000
2024-09-18 10:14:37.476000,410.3720731143357,5
2024-09-18 10:14:37.489000,410.3898179832048,1001
2024-09-18 10:14:37.503000,410.351720193234,14
2024-09-18 10:14:37.522000,410.3391639967896,12
2024-09-18 10:14:37.539000,410.3527165192424,1001
2024-09-18 10:14:37.620000,410.40371345088255,9
2024-09-18 10:14:37.813000,410.3886854558581,14
2024-09-18 10:14:37.853000,410.3825075812928,100
2024-09-18 10:14:37.866000,410.3927906751072,997
2024-09-18 10:14:37.869000,410.3778824910603,5
2024-09-18 10:14:37.926000,410.3042708084206,999
2024-09-18 10:14:38.349000,410.2769252606879,102
2024-09-18 10:14:38.385000,410.2647853754153,96
2024-09-18 10:14:38.434000,410.2543697004015,105
2024-09-18 10:14:38.514000,410.2661575002645,10
2024-09-18 10:14:38.535000,410.2789645937794,102
2024-09-18 10:14:38.556000,410.26808208147247,7
2024-09-18 10:14:38.562000,410.2731869006882,997
2024-09-18 10:14:38.885000,410.2760611758836,9
2024-09-18 10:14:38.956000,410.2663023118952,8
2024-09-18 10:14:38.959000,410.2437626972572,96
2024-09-18 10:14:39.029000,410.3452330248157,1004
2024-09-18 10:14:39.043000,410.3389273238896,1003
2024-09-18 10:14:39.054000,410.2783821367259,999
2024-09-18 10:14:39.072000,410.3270296178283,11
2024-09-18 10:14:39.156000,410.2972443793204,105
2024-09-18 10:14:39.163000,410.27507817881263,102
2024-09-18 10:14:39.231000,410.2732680108692,102
2024-09-18 10:14:39.337000,410.30887191965775,103
2024-09-18 10:14:39.391000,410.2534254381833,97
2024-09-18 10:14:39.418000,410.2781263094623,1002
2024-09-18 10:14:39.425000,410.2955388322406,6
2024-09-18 10:14:39.496000,410.29069450125047,97
2024-09-18 10:14:39.560000,410.2790253910835,995
2024-09-18 10:14:39.613000,410.2722512118592,998
2024-09-18 10:14:39.638000,410.2949409752475,997
2024-09-18 10:14:39.655000,410.2867593011316,98
2024-09-18 10:14:39.742000,410.27379899858806,10
2024-09-18 10:14:39.768000,410.3343150792218,1005
2024-09-18 10:14:39.850000,410.2801738897635,99
2024-09-18 10:14:39.922000,410.2961195561358,11
2024-09-18 10:14:39.936000,410.2742855433606,5
2024-09-18 10:14:39.973000,410.25139941049497,6
2024-09-18 10:14:39.986000,410.248775901225,103
2024-09-18 10:14:39.987000,410.28913717864486,1004
2024-09-18 10:14:39.992000,410.307096937308,1005
2024-09-18 10:14:40.004000,410.25759641674864,10
2024-09-18 10:14:40.009000,410.3108842446403,1004
2024-09-18 10:14:40.028000,410.3077682290004,996
2024-09-18 10:14:40.029000,410.2560653029004,13
2024-09-18 10:14:40.043000,410.2905120887731,1005
2024-09-18 10:14:40.099000,410.2920627610703,12
2024-09-18 10:14:40.107000,410.25335476876353,8
2024-09-18 10:14:40.174000,410.2961133241622,105
2024-09-18 10:14:40.229000,410.3014074835893,99
2024-09-18 10:14:40.282000,410.25992261252543,104
2024-09-18 10:14:40.421000,410.2835392661388,10
2024-09-18 10:14:40.478000,410.2556944328851,14
2024-09-18 10:14:40.495000,410.2619966219015,5
2024-09-18 10:14:40.549000,410.2631228867443,1005
2024-09-18 10:14:40.600000,410.2933448776228,1005
2024-09-18 10:14:40.602000,410.3019882329409,9
2024-09-18 10:14:40.612000,410.2657034815917,9
2024-09-18 10:14:40.648000,410.2747444544927,997
2024-09-18 10:14:40.691000,410.3100533002323,1004
2024-09-18 10:14:40.731000,410.2833523483872,98
2024-09-18 10:14:40.764000,410.3007664960065,99
2024-09-18 10:14:40.868000,410.2997902747101,1005
2024-09-18 10:14:40.881000,410.2618981884678,96
2024-09-18 10:14:40.911000,410.3003218047261,997
2024-09-18 10:14:40.922000,410.2971730066133,104
2024-09-18 10:14:40.931000,410.2784847995168,8
2024-09-18 10:14:40.997000,410.2611620136028,105
2024-09-18 10:14:41.076000,410.2164666900182,97
2024-09-18 10:14:41.114000,410.2388752101973,105
2024-09-18 10:14:41.144000,410.27566097142784,104
2024-09-18 10:14:41.218000,410.2712572461633,997
2024-09-18 10:14:41.243000,410.30485548471233,101
2024-09-18 10:14:41.259000,410.25406379441154,8
2024-09-18 10:14:41.312000,410.2608610057481,11
2024-09-18 10:14:41.312000,410.2375774385204,104
2024-09-18 10:14:41.327000,410.29318015196526,996
2024-09-18 10:14:41.373000,410.2924356309114,8
2024-09-18 10:14:41.385000,410.244311818917,995
2024-09-18 10:14:41.424000,410.2299869997351,14
2024-09-18 10:14:41.468000,410.2850037054109,1002
2024-09-18 10:14:41.490000,410.2570224205886,12
2024-09-18 10:14:41.503000,410.25861665104907,15
2024-09-18 10:14:41.530000,410.2285214903745,1004
2024-09-18 10:14:41.576000,410.24187380182747,96
2024-09-18 10:14:41.673000,410.2308514049078,97
2024-09-18 10:14:41.688000,410.2713467669038,995
2024-09-18 10:14:41.725000,410.2815707493486,11
2024-09-18 10:14:41.738000,410.2949578728838,997
2024-09-18 10:14:41.777000,410.24437240496974,8
2024-09-18 10:14:41.805000,410.26938680156815,100
2024-09-18 10:14:41.861000,410.312993164298,1000
2024-09-18 10:14:41.866000,410.2519926033408,1005
2024-09-18 10:14:41.874000,410.2367331611368,1001
2024-09-18 10:14:41.889000,410.29036680239136,99
2024-09-18 10:14:41.965000,410.2961727230222,999
2024-09-18 10:14:42.480000,410.31380945858666,1000
2024-09-18 10:14:42.792000,410.3188127256988,95
2024-09-18 10:14:43.028000,410.3429321797028,102
2024-09-18 10:14:43.042000,410.3780172753874,997
2024-09-18 10:14:43.190000,410.36320545269575,102
2024-09-18 10:14:43.223000,410.37626156275394,997
2024-09-18 10:14:43.224000,410.3739774615216,997
2024-09-18 10:14:43.299000,410.3368866661962,1003
2024-09-18 10:14:43.333000,410.3558337709893,9
2024-09-18 10:14:43.346000,410.36758804102135,9
2024-09-18 10:14:43.355000,410.3790162222464,9
2024-09-18 10:14:43.358000,410.3910492140046,13
2024-09-18 10:14:43.461000,410.3650109814109,97
2024-09-18 10:14:43.571000,410.3496838672152,97
2024-09-18 10:14:43.693000,410.3402102504132,9
2024-09-18 10:14:43.791000,410.3629255222641,105
2024-09-18 10:14:43.964000,410.344959958933,11
2024-09-18 10:14:43.978000,410.3702693709453,14
2024-09-18 10:14:44.014000,410.34437165228337,995
2024-09-18 10:14:44.289000,410.3610891014821,12
2024-09-18 10:14:44.478000,410.3564442427784,1000
2024-09-18 10:14:44.513000,410.3525540667123,1001
2024-09-18 10:14:44.595000,410.35679217062506,96
2024-09-18 10:14:45.002000,410.4024944026605,7
2024-09-18 10:14:45.218000,410.368849806913,10
2024-09-18 10:14:45.239000,410.3774820284695,105
2024-09-18 10:14:45.383000,410.3741966871879,8
2024-09-18 10:14:45.413000,410.3539946565084,95
2024-09-18 10:14:45.471000,410.3607759468646,1005
2024-09-18 10:14:45.571000,410.3744927941296,1003
2024-09-18 10:14:45.618000,410.3646110419428,104
2024-09-18 10:14:45.927000,410.4001557137159,5
2024-09-18 10:14:45.977000,410.3649475384305,95
2024-09-18 10:14:46.239000,410.3651677638401,102
2024-09-18 10:14:46.332000,410.36969838727424,101
2024-09-18 10:14:46.471000,410.3704227513815,1003
2024-09-18 10:14:46.996000,410.3868468755748,103
2024-09-18 10:14:47.058000,410.3922265237288,8
2024-09-18 10:14:47.090000,410.42742815209385,95
2024-09-18 10:14:47.173000,410.4233222432096,102
2024-09-18 10:14:47.246000,410.393073284879,97
2024-09-18 10:14:47.255000,410.4334941094803,14
2024-09-18 10:14:47.258000,410.40308076209527,99
2024-09-18 10:14:47.264000,410.4254984582069,15
2024-09-18 10:14:47.277000,410.3752838941559,998
2024-09-18 10:14:47.341000,410.42370743516,95
2024-09-18 10:14:47.343000,410.4076042848122,102
2024-09-18 10:14:47.371000,410.4208733310535,104
2024-09-18 10:14:47.405000,410.41748724304927,1003
2024-09-18 10:14:47.411000,410.39981365861655,1001
2024-09-18 10:14:47.415000,410.4323510538765,100
2024-09-18 10:14:47.542000,410.38920621636817,5
2024-09-18 10:14:47.551000,410.4062750448992,1001
2024-09-18 10:14:47.578000,410.4064110627164,8
2024-09-18 10:14:47.591000,410.4213299642794,8
2024-09-18 10:14:47.594000,410.3989116232428,6
2024-09-18 10:14:47.648000,410.398715944927,5
2024-09-18 10:14:47.652000,410.3968265766285,105
2024-09-18 10:14:47.652000,410.4091214677614,14
2024-09-18 10:14:47.671000,410.39056776621015,10
2024-09-18 10:14:47.684000,410.4082771169639,103
2024-09-18 10:14:47.733000,410.3853841510977,995
2024-09-18 10:14:47.859000,410.4263462175577,103
2024-09-18 10:14:47.929000,410.4062260765883,998
2024-09-18 10:14:47.933000,410.43575499690576,12
2024-09-18 10:14:47.938000,410.4145918219618,1004
2024-09-18 10:14:47.985000,410.4051507425968,5
2024-09-18 10:14:48.019000,410.4264842176202,101
2024-09-18 10:14:48.130000,410.44698267311367,11
2024-09-18 10:14:48.215000,410.4573506720948,101
2024-09-18 10:14:48.216000,410.4502069706676,10
2024-09-18 10:14:48.224000,410.4414750919911,1003
2024-09-18 10:14:48.324000,410.4297074935157,105
2024-09-18 10:14:48.337000,410.4639196855837,11
2024-09-18 10:14:48.337000,410.4578525456439,10
2024-09-18 10:14:48.342000,410.4268433060971,999
2024-09-18 10:14:48.370000,410.43819742074754,10
2024-09-18 10:14:48.379000,410.4387644211072,13
2024-09-18 10:14:48.395000,410.4578864595785,5
2024-09-18 10:14:48.459000,410.4348445821983,1005
2024-09-18 10:14:48.542000,410.4286402618823,1003
2024-09-18 10:14:48.694000,410.4340772980274,99
2024-09-18 10:14:48.695000,410.4573418452633,1003
2024-09-18 10:14:48.829000,410.4533820794451,7
2024-09-18 10:14:48.842000,410.4341941759043,97
2024-09-18 10:14:48.973000,410.458850030493,1000
2024-09-18 10:14:49.097000,410.4907572556784,101
2024-09-18 10:14:49.144000,410.4940767961032,103
2024-09-18 10:14:49.441000,410.4850348150329,14
2024-09-18 10:14:50.107000,410.5202625122994,12
2024-09-18 10:14:50.311000,410.519697419411,5
2024-09-18 10:14:50.545000,410.4971305352621,98
2024-09-18 10:14:50.565000,410.5120445816585,1002
2024-09-18 10:14:50.660000,410.5115535656386,104
2024-09-18 10:14:50.701000,410.5135688253627,101
2024-09-18 10:14:50.821000,410.51145565559074,1000
2024-09-18 10:14:51.037000,410.5530687936103,999
2024-09-18 10:14:51.058000,410.5384701668711,15
2024-09-18 10:14:51.366000,410.5146262822848,5
2024-09-18 10:14:51.465000,410.5538307835848,997
2024-09-18 10:14:51.495000,410.5134892561531,104
2024-09-18 10:14:51.538000,410.5754146938928,9
2024-09-18 10:14:51.673000,410.53258078242175,101
2024-09-18 10:14:51.896000,410.5179055751281,11
2024-09-18 10:14:52.011000,410.5804906669141,998
2024-09-18 10:14:52.017000,410.61659587671113,1005
2024-09-18 10:14:52.063000,410.6125718996588,1001
2024-09-18 10:14:52.095000,410.5718423121656,995
2024-09-18 10:14:52.107000,410.5815884422231,996
2024-09-18 10:14:52.179000,410.6179153296851,997
2024-09-18 10:14:52.180000,410.5968195994279,12
2024-09-18 10:14:52.205000,410.58708607674834,7
2024-09-18 10:14:52.231000,410.5827565660542,104
2024-09-18 10:14:52.282000,410.6211145665611,6
2024-09-18 10:14:52.494000,410.5894121023974,7
2024-09-18 10:14:52.501000,410.615533198787,999
2024-09-18 10:14:52.549000,410.6207873565395,101
2024-09-18 10:14:52.644000,410.6116863218207,97
2024-09-18 10:14:52.694000,410.616320834726,997
2024-09-18 10:14:52.717000,410.6157312474401,99
2024-09-18 10:14:52.717000,410.6027752075682,104
2024-09-18 10:14:52.721000,410.6267871965951,6
2024-09-18 10:14:52.756000,410.6068914163336,10
2024-09-18 10:14:52.802000,410.57055738916046,97
2024-09-18 10:14:52.807000,410.611014816707,999
2024-09-18 10:14:52.810000,410.6188148378097,99
2024-09-18 10:14:52.839000,410.6360294361064,13
2024-09-18 10:14:52.871000,410.58404505149,8
2024-09-18 10:14:52.885000,410.5913535471093,101
2024-09-18 10:14:52.938000,410.6301478595806,995
2024-09-18 10:14:53.469000,410.6427332764702,11
2024-09-18 10:14:53.852000,410.63267822427326,7
2024-09-18 10:14:54.201000,410.6625705634034,1004
2024-09-18 10:14:54.262000,410.6563929956593,96
2024-09-18 10:14:54.285000,410.72408839730696,105
2024-09-18 10:14:54.382000,410.6800045749772,99
2024-09-18 10:14:54.427000,410.6844484542405,99
2024-09-18 10:14:54.557000,410.6334274443342,12
2024-09-18 10:14:54.599000,410.6597911773931,104
2024-09-18 10:14:54.621000,410.6817877931632,103
2024-09-18 10:14:54.629000,410.6697086005973,12
2024-09-18 10:14:54.674000,410.66659812584027,15
2024-09-18 10:14:54.731000,410.66082586380674,15
2024-09-18 10:14:54.876000,410.7046845752868,1004
2024-09-18 10:14:55.074000,410.7953209753285,1000
2024-09-18 10:14:55.203000,410.7737650183077,9
2024-09-18 10:14:55.270000,410.7530173312238,100
2024-09-18 10:14:55.318000,410.7901980797588,1005
2024-09-18 10:14:55.442000,410.8027033172492,996
2024-09-18 10:14:55.466000,410.75784207999567,97
2024-09-18 10:14:55.486000,410.7494183217225,11
2024-09-18 10:14:55.495000,410.7365369419102,1002
2024-09-18 10:14:55.604000,410.77904403994734,98
2024-09-18 10:14:55.631000,410.7674729899498,1003
2024-09-18 10:14:55.665000,410.7343332357042,995
2024-09-18 10:14:55.689000,410.7514266657366,15
2024-09-18 10:14:55.703000,410.7338991974741,1002
2024-09-18 10:14:55.835000,410.78935022847554,1001
2024-09-18 10:14:55.851000,410.7457869010469,996
2024-09-18 10:14:55.947000,410.7574686573985,998
2024-09-18 10:14:56.226000,410.76746518895374,97
2024-09-18 10:14:56.349000,410.77913566520016,1001
2024-09-18 10:14:56.858000,410.7756240883917,13
2024-09-18 10:14:56.867000,410.7767085040475,102
2024-09-18 10:14:57.078000,410.79997072394025,15
2024-09-18 10:14:57.416000,410.8263562036209,98
2024-09-18 10:14:57.497000,410.8115500838399,7
2024-09-18 10:14:57.545000,410.8368256556029,998
2024-09-18 10:14:57.713000,410.80714912577554,1001
2024-09-18 10:14:57.842000,410.8222698996432,98
2024-09-18 10:14:57.988000,410.83437004542986,1004
2024-09-18 10:14:58.002000,410.8459012932986,13
2024-09-18 10:14:58.013000,410.81295510572863,1004
2024-09-18 10:14:58.013000,410.8556010944516,103
2024-09-18 10:14:58.022000,410.8367631212517,1004
2024-09-18 10:14:58.128000,410.833399109914,1000
2024-09-18 10:14:58.143000,410.8361041004897,1000
2024-09-18 10:14:58.180000,410.8341148096325,103
2024-09-18 10:14:58.229000,410.8275974024198,10
2024-09-18 10:14:58.301000,410.8437455533433,9
2024-09-18 10:14:58.354000,410.7970075978134,1004
2024-09-18 10:14:58.368000,410.8412556469424,11
2024-09-18 10:14:58.465000,410.8512021993817,105
2024-09-18 10:14:58.497000,410.8650253188677,10
2024-09-18 10:14:58.501000,410.8472033774504,97
2024-09-18 10:14:58.534000,410.86797445027736,1000
2024-09-18 10:14:58.588000,410.8432611382373,10
2024-09-18 10:14:58.594000,410.83729047300176,96
2024-09-18 10:14:58.975000,410.8338161757831,996
2024-09-18 10:14:59.037000,410.86943543021806,998
2024-09-18 10:14:59.135000,410.8912927091349,104
2024-09-18 10:14:59.180000,410.8297275164256,100
2024-09-18 10:14:59.198000,410.79471548444775,14
2024-09-18 10:14:59.232000,410.8324563068359,996
2024-09-18 10:14:59.298000,410.89322441749823,5
2024-09-18 10:14:59.323000,410.8642088344839,100
2024-09-18 10:14:59.480000,410.8425126849967,100
2024-09-18 10:14:59.627000,410.8011078091676,99
2024-09-18 10:14:59.706000,410.9111926076646,6
2024-09-18 10:14:59.738000,410.83703350060944,1003
2024-09-18 10:14:59.809000,410.8193426761442,999
2024-09-18 10:14:59.817000,410.8644941844751,15
2024-09-18 10:14:59.837000,410.7910516558811,101
2024-09-18 10:14:59.864000,410.928625183375,101
2024-09-18 10:14:59.906000,410.8075052890351,1001
