Timestamp,Price,Size
2024-09-19 11:48:00.011000,420.9184012275084,15
2024-09-19 11:48:00.063000,420.9338854781524,997
2024-09-19 11:48:00.089000,420.93424849636887,1001
2024-09-19 11:48:00.152000,420.91872364108576,998
2024-09-19 11:48:00.211000,420.9549169081853,96
2024-09-19 11:48:00.223000,420.9557161734264,104
2024-09-19 11:48:00.254000,420.92627074454754,104
2024-09-19 11:48:00.382000,420.94849600930576,98
2024-09-19 11:48:00.448000,420.9242945281327,1004
2024-09-19 11:48:00.489000,420.9127277591277,7
2024-09-19 11:48:00.556000,420.9672475035818,1003
2024-09-19 11:48:00.582000,420.9224743881943,100
2024-09-19 11:48:00.623000,420.9702173497147,998
2024-09-19 11:48:00.628000,420.92304789767496,100
2024-09-19 11:48:00.658000,420.9181850867807,996
2024-09-19 11:48:00.675000,420.9490139710288,1003
2024-09-19 11:48:00.742000,420.9744007243932,1000
2024-09-19 11:48:00.837000,420.908348193122,103
2024-09-19 11:48:00.875000,420.9275266788962,1005
2024-09-19 11:48:00.937000,420.93255607308487,7
2024-09-19 11:48:01.024000,420.9590635815369,95
2024-09-19 11:48:01.038000,420.9154103969573,9
2024-09-19 11:48:01.044000,420.96929758411216,1001
2024-09-19 11:48:01.061000,420.9500566667499,97
2024-09-19 11:48:01.207000,420.899629912222,14
2024-09-19 11:48:01.272000,420.9558869845546,5
2024-09-19 11:48:01.281000,420.9427117494644,13
2024-09-19 11:48:01.307000,420.9391816434462,99
2024-09-19 11:48:01.355000,420.9182524472842,101
2024-09-19 11:48:01.358000,421.0009353683461,1003
2024-09-19 11:48:01.369000,420.9738998064036,1000
2024-09-19 11:48:01.449000,420.9493670012728,103
2024-09-19 11:48:01.487000,420.93506360955325,104
2024-09-19 11:48:01.525000,420.9469289182812,995
2024-09-19 11:48:01.546000,420.971576011862,1002
2024-09-19 11:48:01.576000,420.9386241034596,101
2024-09-19 11:48:01.589000,420.9873571695257,10
2024-09-19 11:48:01.692000,420.9730405675272,7
2024-09-19 11:48:01.705000,420.9406350607235,995
2024-09-19 11:48:01.718000,420.91126742866646,5
2024-09-19 11:48:01.720000,420.93352006265536,1004
2024-09-19 11:48:01.782000,421.0069909504178,1004
2024-09-19 11:48:01.808000,420.9069090403243,5
2024-09-19 11:48:02.069000,421.02473682756215,97
2024-09-19 11:48:02.089000,421.03268312436535,95
2024-09-19 11:48:02.992000,421.0320346579612,14
2024-09-19 11:48:03,421.08026215325,96
2024-09-19 11:48:03.032000,421.03929099786296,5
2024-09-19 11:48:03.037000,421.0441212999476,995
2024-09-19 11:48:03.065000,421.0185299817199,101
2024-09-19 11:48:03.115000,421.0263397090756,101
2024-09-19 11:48:03.275000,421.01863948718494,998
2024-09-19 11:48:03.442000,421.0018453735235,1000
2024-09-19 11:48:03.456000,421.0405546202033,1004
2024-09-19 11:48:03.536000,421.0128753624545,7
2024-09-19 11:48:03.563000,421.0205537376464,13
2024-09-19 11:48:03.636000,421.0643803357525,14
2024-09-19 11:48:03.721000,421.0462634182986,1003
2024-09-19 11:48:03.805000,420.9977462989844,101
2024-09-19 11:48:03.817000,421.0363904077307,97
2024-09-19 11:48:03.898000,421.03267151416816,14
2024-09-19 11:48:03.989000,421.0174350921973,103
2024-09-19 11:48:04.111000,421.0131777324798,13
2024-09-19 11:48:04.183000,421.0212805659792,99
2024-09-19 11:48:05.004000,421.0211596428225,1001
2024-09-19 11:48:05.136000,420.9991122217219,13
2024-09-19 11:48:05.148000,420.9840808227667,99
2024-09-19 11:48:05.210000,420.9993380636209,96
2024-09-19 11:48:05.240000,420.9905006226842,1000
2024-09-19 11:48:05.257000,420.9925409839225,1001
2024-09-19 11:48:05.292000,421.0062172167772,14
2024-09-19 11:48:05.295000,421.0178990055853,999
2024-09-19 11:48:05.434000,421.0082330281079,12
2024-09-19 11:48:05.534000,420.991143086306,96
2024-09-19 11:48:05.813000,421.0195887098564,999
2024-09-19 11:48:05.857000,420.9868943445498,996
2024-09-19 11:48:05.861000,420.9944476611541,998
2024-09-19 11:48:05.933000,420.9772639303947,12
2024-09-19 11:48:05.936000,420.9836566606349,102
2024-09-19 11:48:07.001000,421.02805043253306,98
2024-09-19 11:48:07.062000,421.0270271882712,99
2024-09-19 11:48:07.075000,421.03455676889337,10
2024-09-19 11:48:07.078000,421.0219535226676,999
2024-09-19 11:48:07.167000,421.0384282306418,105
2024-09-19 11:48:07.176000,421.0399058483926,10
2024-09-19 11:48:07.181000,421.0171047049511,98
2024-09-19 11:48:07.285000,421.0265925893854,995
2024-09-19 11:48:07.376000,421.0381093511844,6
2024-09-19 11:48:07.455000,421.0282731925438,8
2024-09-19 11:48:07.646000,421.0113268543295,11
2024-09-19 11:48:07.653000,421.0416703567727,102
2024-09-19 11:48:07.761000,421.0117650364695,1000
2024-09-19 11:48:07.977000,421.013802811979,11
2024-09-19 11:48:09.025000,421.0950388643468,8
2024-09-19 11:48:09.045000,421.09445737743,98
2024-09-19 11:48:09.124000,421.0943804025171,98
2024-09-19 11:48:09.136000,421.07809520552735,14
2024-09-19 11:48:09.179000,421.1027345683121,6
2024-09-19 11:48:09.201000,421.04623529083,15
2024-09-19 11:48:09.341000,421.06479054387023,99
2024-09-19 11:48:09.362000,421.0584757385506,996
2024-09-19 11:48:09.381000,421.0821093670566,999
2024-09-19 11:48:09.425000,421.0552580217837,1002
2024-09-19 11:48:09.547000,421.0874061630488,1005
2024-09-19 11:48:09.567000,421.0529715412543,100
2024-09-19 11:48:09.591000,421.0962596308711,95
2024-09-19 11:48:09.599000,421.0838394080835,995
2024-09-19 11:48:09.604000,421.05919629795824,1005
2024-09-19 11:48:09.706000,421.06772635647394,998
2024-09-19 11:48:09.747000,421.0938153880259,7
2024-09-19 11:48:09.782000,421.0425778031921,1004
2024-09-19 11:48:09.863000,421.0523433259749,102
2024-09-19 11:48:09.986000,421.09481170749854,103
2024-09-19 11:48:10.042000,421.0693847502349,104
2024-09-19 11:48:10.072000,421.0725357566764,5
2024-09-19 11:48:10.319000,421.0763127640952,1001
2024-09-19 11:48:10.322000,421.0852692235183,9
2024-09-19 11:48:10.356000,421.0574071072056,101
2024-09-19 11:48:10.423000,421.0531345387628,97
2024-09-19 11:48:10.440000,421.0753391868162,103
2024-09-19 11:48:10.455000,421.0567145206542,1000
2024-09-19 11:48:10.570000,421.045607306438,9
2024-09-19 11:48:10.582000,421.062100342428,8
2024-09-19 11:48:10.644000,421.06093889444537,997
2024-09-19 11:48:10.679000,421.0810141172874,15
2024-09-19 11:48:10.693000,421.06919430499056,104
2024-09-19 11:48:10.931000,421.0533908956933,15
2024-09-19 11:48:10.957000,421.0790159174411,13
2024-09-19 11:48:10.992000,421.067252649378,9
2024-09-19 11:48:11.373000,421.0761801860132,11
2024-09-19 11:48:11.414000,421.06255293869776,999
2024-09-19 11:48:11.963000,421.0841417896251,97
2024-09-19 11:48:12.046000,421.1121269745085,95
2024-09-19 11:48:12.081000,421.063953897597,1002
2024-09-19 11:48:12.116000,421.0728924050838,96
2024-09-19 11:48:12.173000,421.1059516392468,97
2024-09-19 11:48:12.187000,421.09640208268576,995
2024-09-19 11:48:12.244000,421.1147994183788,101
2024-09-19 11:48:12.247000,421.1124565589437,8
2024-09-19 11:48:12.314000,421.105269876861,7
2024-09-19 11:48:12.349000,421.0546195621103,6
2024-09-19 11:48:12.364000,421.0959025447936,95
2024-09-19 11:48:12.393000,421.0761192649644,99
2024-09-19 11:48:12.409000,421.0986132464557,103
2024-09-19 11:48:12.414000,421.1171015525392,102
2024-09-19 11:48:12.414000,421.1225073890823,1005
2024-09-19 11:48:12.438000,421.08560457460106,1004
2024-09-19 11:48:12.455000,421.111437296208,1000
2024-09-19 11:48:12.471000,421.0998379746417,13
2024-09-19 11:48:12.553000,421.1138591117089,8
2024-09-19 11:48:12.662000,421.1006174494559,105
2024-09-19 11:48:12.668000,421.1058594463872,1001
2024-09-19 11:48:12.787000,421.1291829934516,14
2024-09-19 11:48:12.876000,421.1026164983366,12
2024-09-19 11:48:12.890000,421.0941093056165,103
2024-09-19 11:48:12.941000,421.1022855763518,997
2024-09-19 11:48:12.995000,421.125234030584,13
2024-09-19 11:48:13.005000,421.10592713735423,1001
2024-09-19 11:48:13.008000,421.1130072386772,104
2024-09-19 11:48:13.016000,421.08949792875205,998
2024-09-19 11:48:13.051000,421.1057384591347,97
2024-09-19 11:48:13.144000,421.1211659530292,997
2024-09-19 11:48:13.218000,421.1058091113086,97
2024-09-19 11:48:13.263000,421.08944777352775,13
2024-09-19 11:48:13.275000,421.0881916544874,105
2024-09-19 11:48:13.677000,421.1255616786456,998
2024-09-19 11:48:13.736000,421.10479972689126,11
2024-09-19 11:48:13.855000,421.11212249673326,5
2024-09-19 11:48:13.872000,421.10922439937417,999
2024-09-19 11:48:13.885000,421.138133550444,999
2024-09-19 11:48:13.902000,421.1250604616897,99
2024-09-19 11:48:14.126000,421.124182360833,13
2024-09-19 11:48:14.170000,421.09682905118507,13
2024-09-19 11:48:14.181000,421.1295914841456,995
2024-09-19 11:48:14.228000,421.1221088346367,97
2024-09-19 11:48:14.265000,421.11649911282046,15
2024-09-19 11:48:14.331000,421.1504079131151,102
2024-09-19 11:48:14.350000,421.1294373339715,15
2024-09-19 11:48:14.372000,421.14066964739067,1002
2024-09-19 11:48:14.379000,421.09781557485127,12
2024-09-19 11:48:14.386000,421.1100392410915,8
2024-09-19 11:48:14.397000,421.1206987011947,6
2024-09-19 11:48:14.519000,421.1155120220549,100
2024-09-19 11:48:14.566000,421.1307203406584,1002
2024-09-19 11:48:14.584000,421.0964429159382,98
2024-09-19 11:48:14.651000,421.1176280571028,105
2024-09-19 11:48:14.806000,421.13976589216696,1003
2024-09-19 11:48:14.816000,421.1295946835497,11
2024-09-19 11:48:14.843000,421.1157624868056,13
2024-09-19 11:48:14.844000,421.1311091841253,97
2024-09-19 11:48:14.884000,421.1491443259095,1004
2024-09-19 11:48:14.900000,421.1285904852751,1003
2024-09-19 11:48:14.920000,421.13218102797344,999
2024-09-19 11:48:14.929000,421.1553996282351,1003
2024-09-19 11:48:14.989000,421.1304487948093,97
2024-09-19 11:48:15.023000,421.1294590656258,1001
2024-09-19 11:48:15.848000,421.14527752877,5
2024-09-19 11:48:16.035000,421.1365606379135,12
2024-09-19 11:48:16.059000,421.2062766887214,104
2024-09-19 11:48:16.488000,421.1945315950556,95
2024-09-19 11:48:16.572000,421.1788964867796,9
2024-09-19 11:48:16.669000,421.19598921142097,999
2024-09-19 11:48:16.828000,421.1567397467423,104
2024-09-19 11:48:16.897000,421.2204952756648,5
2024-09-19 11:48:16.913000,421.2099860099468,1004
2024-09-19 11:48:16.985000,421.21682459406526,11
2024-09-19 11:48:17.063000,421.2380800499918,1000
2024-09-19 11:48:17.086000,421.3106165995577,97
2024-09-19 11:48:17.174000,421.2204675402748,1001
2024-09-19 11:48:17.208000,421.24122808653823,96
2024-09-19 11:48:17.222000,421.3004008401153,12
2024-09-19 11:48:17.279000,421.2779586031635,995
2024-09-19 11:48:17.283000,421.3127124569824,1003
2024-09-19 11:48:17.322000,421.2988794799279,1000
2024-09-19 11:48:17.485000,421.23169486272457,10
2024-09-19 11:48:17.517000,421.2347376110187,998
2024-09-19 11:48:17.575000,421.27597098040377,997
2024-09-19 11:48:17.632000,421.2178397505165,102
2024-09-19 11:48:17.712000,421.2261122789302,996
2024-09-19 11:48:17.758000,421.27364432652735,1000
2024-09-19 11:48:17.884000,421.3290303750677,15
2024-09-19 11:48:17.917000,421.2128235860854,1005
2024-09-19 11:48:17.967000,421.2600193852037,5
2024-09-19 11:48:18.131000,421.32405913717497,103
2024-09-19 11:48:18.136000,421.3309720516037,995
2024-09-19 11:48:18.217000,421.3306359187292,1003
2024-09-19 11:48:18.348000,421.3278283188586,5
2024-09-19 11:48:18.356000,421.3001687768166,9
2024-09-19 11:48:18.425000,421.3160191235768,998
2024-09-19 11:48:18.678000,421.3112939275472,104
2024-09-19 11:48:18.767000,421.3143391231547,1002
2024-09-19 11:48:18.770000,421.30380519318567,102
2024-09-19 11:48:18.811000,421.3185891362229,104
2024-09-19 11:48:18.831000,421.298984940496,96
2024-09-19 11:48:18.846000,421.330243630722,1001
2024-09-19 11:48:18.875000,421.331274466503,105
2024-09-19 11:48:18.891000,421.30551293137137,6
2024-09-19 11:48:18.906000,421.3176739298685,105
2024-09-19 11:48:18.931000,421.3442526400609,102
2024-09-19 11:48:18.955000,421.3491555944582,105
2024-09-19 11:48:18.968000,421.3085911709904,5
2024-09-19 11:48:18.972000,421.300345192516,1001
2024-09-19 11:48:18.979000,421.3393757940549,1000
2024-09-19 11:48:19.013000,421.3276123423192,104
2024-09-19 11:48:19.028000,421.2998191261249,9
2024-09-19 11:48:19.047000,421.3167874383335,1003
2024-09-19 11:48:19.072000,421.2894437916649,1003
2024-09-19 11:48:19.080000,421.2848930236865,997
2024-09-19 11:48:19.369000,421.3175838473613,6
2024-09-19 11:48:19.382000,421.3030853465296,7
2024-09-19 11:48:19.390000,421.3233900752749,1002
2024-09-19 11:48:19.403000,421.2769812877983,5
2024-09-19 11:48:19.415000,421.3128013041368,102
2024-09-19 11:48:19.466000,421.3099949342351,12
2024-09-19 11:48:19.474000,421.3148828774583,999
2024-09-19 11:48:19.491000,421.3043735629132,1002
2024-09-19 11:48:19.516000,421.3276607514239,9
2024-09-19 11:48:19.576000,421.3271391436559,995
2024-09-19 11:48:19.591000,421.32618564079365,96
2024-09-19 11:48:19.627000,421.30909699408767,11
2024-09-19 11:48:19.640000,421.2938978017919,11
2024-09-19 11:48:19.698000,421.3148040232418,101
2024-09-19 11:48:19.701000,421.3140253509488,995
2024-09-19 11:48:19.732000,421.31346234742807,7
2024-09-19 11:48:19.732000,421.3304261423383,5
2024-09-19 11:48:19.756000,421.325672802472,99
2024-09-19 11:48:19.816000,421.313945284332,11
2024-09-19 11:48:19.924000,421.30171661531386,105
2024-09-19 11:48:19.966000,421.3135775698144,1004
2024-09-19 11:48:20.003000,421.2965015321222,99
2024-09-19 11:48:20.052000,421.3778808078343,6
2024-09-19 11:48:20.052000,421.314420476097,100
2024-09-19 11:48:20.098000,421.2964029155444,95
2024-09-19 11:48:20.129000,421.3367908747583,10
2024-09-19 11:48:20.143000,421.3128873382055,5
2024-09-19 11:48:20.186000,421.3422579873459,9
2024-09-19 11:48:20.242000,421.29492217201874,6
2024-09-19 11:48:20.257000,421.3330668398879,1004
2024-09-19 11:48:20.329000,421.2786746913737,997
2024-09-19 11:48:20.338000,421.3008809012263,103
2024-09-19 11:48:20.353000,421.3196677720811,1001
2024-09-19 11:48:20.453000,421.3460004962357,1005
2024-09-19 11:48:20.459000,421.3631359677896,1003
2024-09-19 11:48:20.500000,421.3456809450831,1004
2024-09-19 11:48:20.516000,421.3096859037565,996
2024-09-19 11:48:20.517000,421.3010569976432,6
2024-09-19 11:48:20.657000,421.3113219108239,995
2024-09-19 11:48:20.676000,421.3263892143624,6
2024-09-19 11:48:20.720000,421.3256431151018,103
2024-09-19 11:48:20.731000,421.27804559646177,1000
2024-09-19 11:48:20.845000,421.3519617552969,102
2024-09-19 11:48:20.891000,421.2745785978351,14
2024-09-19 11:48:20.957000,421.3312200676448,95
2024-09-19 11:48:20.974000,421.3316782119542,1005
2024-09-19 11:48:20.994000,421.30960831007184,100
2024-09-19 11:48:21.021000,421.4403739022497,102
2024-09-19 11:48:21.145000,421.4199979968422,99
2024-09-19 11:48:21.253000,421.4325390909041,997
2024-09-19 11:48:21.457000,421.4465228235073,1005
2024-09-19 11:48:21.473000,421.5018113811898,6
2024-09-19 11:48:21.481000,421.4379972649983,998
2024-09-19 11:48:21.524000,421.4884722459535,5
2024-09-19 11:48:21.566000,421.4544684271241,999
2024-09-19 11:48:21.600000,421.39832225129817,5
2024-09-19 11:48:21.659000,421.4334862500229,99
2024-09-19 11:48:21.690000,421.5004299279052,97
2024-09-19 11:48:21.693000,421.3986108964957,1004
2024-09-19 11:48:21.798000,421.4843884870916,99
2024-09-19 11:48:21.886000,421.469191128355,100
2024-09-19 11:48:21.913000,421.4368462457047,6
2024-09-19 11:48:21.921000,421.471135648926,96
2024-09-19 11:48:21.990000,421.4982785625244,1000
2024-09-19 11:48:22.002000,421.46262538239534,97
2024-09-19 11:48:22.089000,421.4672084913104,104
2024-09-19 11:48:22.162000,421.4616335238227,97
2024-09-19 11:48:22.176000,421.47825748785857,1003
2024-09-19 11:48:22.180000,421.4851836498734,1000
2024-09-19 11:48:22.191000,421.4579927791758,105
2024-09-19 11:48:22.300000,421.4436863562356,7
2024-09-19 11:48:22.357000,421.47179534123126,1002
2024-09-19 11:48:22.378000,421.480018138364,96
2024-09-19 11:48:22.379000,421.4630064296588,998
2024-09-19 11:48:22.423000,421.4419867379696,997
2024-09-19 11:48:22.424000,421.44013995868926,97
2024-09-19 11:48:22.428000,421.4769773339549,997
2024-09-19 11:48:22.446000,421.4775727033577,104
2024-09-19 11:48:22.632000,421.4615225023887,1003
2024-09-19 11:48:22.652000,421.4692291828897,96
2024-09-19 11:48:22.674000,421.4801191708537,997
2024-09-19 11:48:22.675000,421.4667784530541,11
2024-09-19 11:48:22.694000,421.48478259948297,998
2024-09-19 11:48:22.705000,421.4262613147364,98
2024-09-19 11:48:22.723000,421.4359532465496,103
2024-09-19 11:48:22.751000,421.4324498227686,7
2024-09-19 11:48:22.835000,421.4864411049639,9
2024-09-19 11:48:22.976000,421.49768513148473,996
2024-09-19 11:48:23.059000,421.43798556898656,7
2024-09-19 11:48:23.077000,421.46268139786383,14
2024-09-19 11:48:23.105000,421.4384803578623,103
2024-09-19 11:48:23.153000,421.51743272587294,15
2024-09-19 11:48:23.181000,421.4309974502609,102
2024-09-19 11:48:23.237000,421.48559504998536,95
2024-09-19 11:48:23.325000,421.4472804773065,12
2024-09-19 11:48:23.367000,421.45367310868215,12
2024-09-19 11:48:23.463000,421.4515620732476,8
2024-09-19 11:48:23.520000,421.5197749108455,15
2024-09-19 11:48:23.588000,421.4439739025964,7
2024-09-19 11:48:23.730000,421.4693918244102,15
2024-09-19 11:48:23.806000,421.4553533036657,998
2024-09-19 11:48:23.809000,421.52247486812087,99
2024-09-19 11:48:23.853000,421.44052112614185,11
2024-09-19 11:48:23.898000,421.4576476467223,999
2024-09-19 11:48:24.019000,421.4969607543465,5
2024-09-19 11:48:24.262000,421.5170145238413,997
2024-09-19 11:48:24.407000,421.5155011532924,12
2024-09-19 11:48:24.543000,421.5196675718483,9
2024-09-19 11:48:24.678000,421.5333014152389,9
2024-09-19 11:48:24.840000,421.52684533151535,1001
2024-09-19 11:48:24.841000,421.5141199877431,98
2024-09-19 11:48:24.934000,421.50896670224273,1000
2024-09-19 11:48:24.980000,421.5174515444847,7
2024-09-19 11:48:25.233000,421.464543356866,995
2024-09-19 11:48:25.272000,421.4734013664713,13
2024-09-19 11:48:25.313000,421.47214841484623,10
2024-09-19 11:48:25.476000,421.4824296168513,99
2024-09-19 11:48:25.538000,421.47828658886766,95
2024-09-19 11:48:25.745000,421.5077434584822,1005
2024-09-19 11:48:25.833000,421.50486177424193,15
2024-09-19 11:48:25.895000,421.4775021676084,1005
2024-09-19 11:48:26.007000,421.505351682256,101
2024-09-19 11:48:26.037000,421.496551415268,5
2024-09-19 11:48:26.065000,421.54041705827314,9
2024-09-19 11:48:26.446000,421.5826355149859,95
2024-09-19 11:48:26.544000,421.524411514304,100
2024-09-19 11:48:26.576000,421.5346895741779,8
2024-09-19 11:48:26.684000,421.57667583859,5
2024-09-19 11:48:26.981000,421.5788512261019,6
2024-09-19 11:48:26.981000,421.5584017723567,998
2024-09-19 11:48:27.059000,421.54304087140616,102
2024-09-19 11:48:27.061000,421.5760045542633,11
2024-09-19 11:48:27.077000,421.55114337364216,100
2024-09-19 11:48:27.145000,421.58168869994216,10
2024-09-19 11:48:27.153000,421.5477972587309,96
2024-09-19 11:48:27.155000,421.580572947179,101
2024-09-19 11:48:27.240000,421.5689550943815,6
2024-09-19 11:48:27.271000,421.5440354627357,995
2024-09-19 11:48:27.397000,421.5911167495,102
2024-09-19 11:48:27.412000,421.5246639290798,12
2024-09-19 11:48:27.455000,421.56484801901104,9
2024-09-19 11:48:27.539000,421.5296145240802,96
2024-09-19 11:48:27.567000,421.551886756286,101
2024-09-19 11:48:27.612000,421.5781497943116,1003
2024-09-19 11:48:27.620000,421.5388716544532,12
2024-09-19 11:48:27.662000,421.5485613227865,97
2024-09-19 11:48:27.682000,421.5425789192651,6
2024-09-19 11:48:27.710000,421.5445574876146,101
2024-09-19 11:48:27.747000,421.5432687104296,1000
2024-09-19 11:48:27.786000,421.5891091574039,1003
2024-09-19 11:48:27.853000,421.5308115602106,14
2024-09-19 11:48:27.881000,421.5292817335072,1002
2024-09-19 11:48:27.887000,421.5543720497127,98
2024-09-19 11:48:27.938000,421.5543618929418,5
2024-09-19 11:48:27.962000,421.5789879739192,103
2024-09-19 11:48:28.003000,421.4669757289912,11
2024-09-19 11:48:28.076000,421.53586283937307,999
2024-09-19 11:48:28.077000,421.5068897368083,99
2024-09-19 11:48:28.093000,421.49469276315614,104
2024-09-19 11:48:28.165000,421.4590507072321,101
2024-09-19 11:48:28.223000,421.4558998776787,5
2024-09-19 11:48:28.225000,421.4522229428435,1000
2024-09-19 11:48:28.234000,421.505605616012,105
2024-09-19 11:48:28.333000,421.47989257448256,101
2024-09-19 11:48:28.347000,421.4472893497094,995
2024-09-19 11:48:28.380000,421.4966293933853,1000
2024-09-19 11:48:28.476000,421.4863003231856,14
2024-09-19 11:48:28.536000,421.4972030037219,1004
2024-09-19 11:48:28.569000,421.4766051347132,9
2024-09-19 11:48:28.686000,421.49351680093,7
2024-09-19 11:48:28.695000,421.51613547592495,99
2024-09-19 11:48:28.746000,421.4642152691136,97
2024-09-19 11:48:28.843000,421.5000898881036,104
2024-09-19 11:48:28.851000,421.51425344318784,998
2024-09-19 11:48:28.875000,421.47024380960846,105
2024-09-19 11:48:28.881000,421.4690461974267,14
2024-09-19 11:48:28.882000,421.459667707452,1000
2024-09-19 11:48:28.910000,421.4438134025196,103
2024-09-19 11:48:28.915000,421.4563883565903,12
2024-09-19 11:48:28.956000,421.4782116309728,12
2024-09-19 11:48:28.995000,421.5120761057598,101
2024-09-19 11:48:29,421.47082532786806,98
2024-09-19 11:48:29.009000,421.4687823282362,6
2024-09-19 11:48:29.171000,421.4966352761257,1004
2024-09-19 11:48:29.176000,421.4755654511685,97
2024-09-19 11:48:29.232000,421.4714493782324,97
2024-09-19 11:48:29.659000,421.48923816914106,5
2024-09-19 11:48:29.854000,421.4728169191585,1002
2024-09-19 11:48:29.942000,421.5104283978591,997
2024-09-19 11:48:30.086000,421.50612188669913,999
2024-09-19 11:48:30.102000,421.4904458454823,99
2024-09-19 11:48:30.103000,421.4903957704981,1001
2024-09-19 11:48:30.260000,421.4734637418896,101
2024-09-19 11:48:30.334000,421.49759254751353,101
2024-09-19 11:48:30.362000,421.4876569703959,102
2024-09-19 11:48:30.364000,421.48491061405343,997
2024-09-19 11:48:30.426000,421.4902393564352,1002
2024-09-19 11:48:30.427000,421.4946728295778,97
2024-09-19 11:48:30.523000,421.5170523108257,101
2024-09-19 11:48:30.611000,421.5218191324826,15
2024-09-19 11:48:30.663000,421.5186495465557,98
2024-09-19 11:48:30.729000,421.5070942306479,95
2024-09-19 11:48:30.781000,421.4945035203909,101
2024-09-19 11:48:30.871000,421.5052338041258,97
2024-09-19 11:48:30.925000,421.47282466238266,97
2024-09-19 11:48:31.020000,421.49889373516623,97
2024-09-19 11:48:31.020000,421.49357487218185,995
2024-09-19 11:48:31.044000,421.49333716383615,14
2024-09-19 11:48:31.077000,421.4864123499109,15
2024-09-19 11:48:31.083000,421.45029633403846,1002
2024-09-19 11:48:31.098000,421.5032582892302,5
2024-09-19 11:48:31.132000,421.5130111942636,13
2024-09-19 11:48:31.250000,421.4749579357543,1005
2024-09-19 11:48:31.279000,421.4832379836888,99
2024-09-19 11:48:31.371000,421.45537133703846,1000
2024-09-19 11:48:31.487000,421.4921334857341,13
2024-09-19 11:48:31.507000,421.4922419530016,105
2024-09-19 11:48:31.517000,421.4972716925391,9
2024-09-19 11:48:31.535000,421.47916900890806,11
2024-09-19 11:48:31.671000,421.4678654734808,6
2024-09-19 11:48:31.745000,421.455072459584,15
2024-09-19 11:48:31.907000,421.5003345935464,1001
2024-09-19 11:48:31.911000,421.458502220312,96
2024-09-19 11:48:31.962000,421.4836632513831,105
2024-09-19 11:48:32.051000,421.4818307194677,1005
2024-09-19 11:48:32.647000,421.4746066107945,14
2024-09-19 11:48:32.668000,421.47119643912106,1001
2024-09-19 11:48:32.676000,421.478063119159,1004
2024-09-19 11:48:33.073000,421.4356971609672,98
2024-09-19 11:48:33.355000,421.38478769361024,997
2024-09-19 11:48:33.379000,421.392442828138,1000
2024-09-19 11:48:33.417000,421.40073071425184,999
2024-09-19 11:48:33.551000,421.39638064544494,99
2024-09-19 11:48:33.635000,421.44584110625874,104
2024-09-19 11:48:33.640000,421.47066831269166,97
2024-09-19 11:48:33.664000,421.4506996165026,95
2024-09-19 11:48:33.701000,421.46396533750334,5
2024-09-19 11:48:33.858000,421.45886581246407,995
2024-09-19 11:48:33.935000,421.4251825853783,12
2024-09-19 11:48:34.028000,421.351801764996,1001
2024-09-19 11:48:34.040000,421.3577349809128,1005
2024-09-19 11:48:34.061000,421.376619090532,104
2024-09-19 11:48:34.080000,421.3563624677873,14
2024-09-19 11:48:34.092000,421.3735075449695,100
2024-09-19 11:48:34.206000,421.3772879661692,1002
2024-09-19 11:48:34.246000,421.3545127129785,14
2024-09-19 11:48:34.288000,421.35835422637126,10
2024-09-19 11:48:34.515000,421.3464846841684,10
2024-09-19 11:48:34.654000,421.3782200441355,104
2024-09-19 11:48:34.733000,421.3789361786412,998
2024-09-19 11:48:34.857000,421.35503652190295,1004
2024-09-19 11:48:34.878000,421.3588646817296,9
2024-09-19 11:48:34.885000,421.3654421953332,11
2024-09-19 11:48:34.889000,421.35912835207176,1001
2024-09-19 11:48:34.904000,421.3629050342876,7
2024-09-19 11:48:35.011000,421.3411461538993,1001
2024-09-19 11:48:35.039000,421.3512926792554,7
2024-09-19 11:48:35.053000,421.34025783620666,12
2024-09-19 11:48:35.062000,421.3266946840467,99
2024-09-19 11:48:35.109000,421.389935941304,999
2024-09-19 11:48:35.125000,421.41809725668406,104
2024-09-19 11:48:35.174000,421.3333475172349,102
2024-09-19 11:48:35.186000,421.3489462607439,97
2024-09-19 11:48:35.192000,421.3373343470727,14
2024-09-19 11:48:35.207000,421.3317735815605,15
2024-09-19 11:48:35.222000,421.3219466442908,1000
2024-09-19 11:48:35.229000,421.4124311863741,995
2024-09-19 11:48:35.277000,421.3559161918643,1003
2024-09-19 11:48:35.296000,421.3529910983735,96
2024-09-19 11:48:35.306000,421.3505293149905,101
2024-09-19 11:48:35.317000,421.3772160819637,96
2024-09-19 11:48:35.397000,421.33475309995936,1003
2024-09-19 11:48:35.483000,421.3418003702429,9
2024-09-19 11:48:35.513000,421.3452275920207,104
2024-09-19 11:48:35.607000,421.3180376957517,98
2024-09-19 11:48:35.611000,421.3778677189811,12
2024-09-19 11:48:35.677000,421.3921364273736,102
2024-09-19 11:48:35.719000,421.3618136166828,995
2024-09-19 11:48:35.793000,421.3587569964688,5
2024-09-19 11:48:35.966000,421.340687770764,996
2024-09-19 11:48:36.014000,421.3187334706057,997
2024-09-19 11:48:36.046000,421.2992401414713,1005
2024-09-19 11:48:36.058000,421.3558259339467,1005
2024-09-19 11:48:36.078000,421.3098421400588,996
2024-09-19 11:48:36.083000,421.3194459030996,101
2024-09-19 11:48:36.154000,421.321112064222,97
2024-09-19 11:48:36.216000,421.329824929568,997
2024-09-19 11:48:36.260000,421.3191391500097,103
2024-09-19 11:48:36.266000,421.3320423021894,101
2024-09-19 11:48:36.279000,421.3169959824853,997
2024-09-19 11:48:36.300000,421.3379727837532,996
2024-09-19 11:48:36.335000,421.3347419290302,5
2024-09-19 11:48:36.337000,421.3043289598126,10
2024-09-19 11:48:36.383000,421.3276507935998,1000
2024-09-19 11:48:36.415000,421.3759752917909,97
2024-09-19 11:48:36.584000,421.317177074576,98
2024-09-19 11:48:36.665000,421.3227078342873,14
2024-09-19 11:48:36.712000,421.33434399023423,8
2024-09-19 11:48:36.749000,421.2821942543353,98
2024-09-19 11:48:36.762000,421.3463301065647,998
2024-09-19 11:48:36.818000,421.36625747393566,8
2024-09-19 11:48:36.923000,421.3474035574081,99
2024-09-19 11:48:36.990000,421.3215167959313,7
2024-09-19 11:48:37.018000,421.2995534655745,13
2024-09-19 11:48:37.028000,421.27519953714017,996
2024-09-19 11:48:37.047000,421.2539534652838,103
2024-09-19 11:48:37.066000,421.21575770054267,1003
2024-09-19 11:48:37.135000,421.1795838272967,101
2024-09-19 11:48:37.137000,421.19277795953406,998
2024-09-19 11:48:37.251000,421.25883626126426,1001
2024-09-19 11:48:37.342000,421.2704304419831,995
2024-09-19 11:48:37.373000,421.2086241581537,101
2024-09-19 11:48:37.408000,421.2923170135069,998
2024-09-19 11:48:37.539000,421.3203605334166,995
2024-09-19 11:48:37.627000,421.294418625014,5
2024-09-19 11:48:37.658000,421.329778614642,5
2024-09-19 11:48:37.774000,421.1828592779931,6
2024-09-19 11:48:37.796000,421.26046007031846,97
2024-09-19 11:48:37.893000,421.3049135871087,999
2024-09-19 11:48:37.903000,421.2876076132718,9
2024-09-19 11:48:37.909000,421.28758460948734,997
2024-09-19 11:48:37.914000,421.29837396671815,7
2024-09-19 11:48:37.936000,421.2271885012033,1005
2024-09-19 11:48:37.944000,421.2744462069927,13
2024-09-19 11:48:38.031000,421.1311948776405,995
2024-09-19 11:48:38.045000,421.14855159987655,105
2024-09-19 11:48:38.327000,421.1338069665849,997
2024-09-19 11:48:38.332000,421.1692963619487,999
2024-09-19 11:48:38.482000,421.1359590167585,104
2024-09-19 11:48:38.514000,421.1146092604386,100
2024-09-19 11:48:38.530000,421.1503129991112,11
2024-09-19 11:48:38.534000,421.15662964348473,9
2024-09-19 11:48:38.560000,421.18414373882337,95
2024-09-19 11:48:38.602000,421.10348130813503,995
2024-09-19 11:48:38.618000,421.1234289368559,15
2024-09-19 11:48:38.725000,421.0932233947804,104
2024-09-19 11:48:38.780000,421.121682205798,100
2024-09-19 11:48:38.822000,421.1238689055016,1004
2024-09-19 11:48:39.147000,421.1481918619842,97
2024-09-19 11:48:39.381000,421.1279967781628,1003
2024-09-19 11:48:39.683000,421.1022940352357,103
2024-09-19 11:48:39.789000,421.1066918698223,103
2024-09-19 11:48:39.843000,421.0924470937324,995
2024-09-19 11:48:39.930000,421.1314110256682,1000
2024-09-19 11:48:39.936000,421.1338620681692,105
2024-09-19 11:48:39.962000,421.1457779916644,96
2024-09-19 11:48:40.084000,421.1505038971618,96
2024-09-19 11:48:40.249000,421.13226469739055,96
2024-09-19 11:48:40.370000,421.15965135153976,96
2024-09-19 11:48:40.505000,421.1508915677732,999
2024-09-19 11:48:40.594000,421.15955693267614,12
2024-09-19 11:48:40.724000,421.1194376907479,10
2024-09-19 11:48:40.788000,421.1389672321796,995
2024-09-19 11:48:41.201000,421.1575760444674,101
2024-09-19 11:48:41.616000,421.1582213667907,100
2024-09-19 11:48:41.654000,421.1448998029247,5
2024-09-19 11:48:41.703000,421.1520639444642,105
2024-09-19 11:48:41.853000,421.1485832852621,103
2024-09-19 11:48:42.172000,421.16932126220325,1000
2024-09-19 11:48:42.215000,421.1775290556535,5
2024-09-19 11:48:42.254000,421.1502629307393,5
2024-09-19 11:48:42.262000,421.129214549912,7
2024-09-19 11:48:42.298000,421.13192764537655,13
2024-09-19 11:48:42.330000,421.1621596945817,97
2024-09-19 11:48:42.368000,421.1533153166174,8
2024-09-19 11:48:42.404000,421.1265278760383,996
2024-09-19 11:48:42.408000,421.1542457868896,1002
2024-09-19 11:48:42.429000,421.1758225446064,12
2024-09-19 11:48:42.581000,421.16109137099807,7
2024-09-19 11:48:42.582000,421.1448410794306,10
2024-09-19 11:48:42.656000,421.1287104080385,11
2024-09-19 11:48:42.662000,421.1713084869121,5
2024-09-19 11:48:42.663000,421.16180290212935,9
2024-09-19 11:48:42.844000,421.1709855224376,102
2024-09-19 11:48:43.108000,421.1833234602353,102
2024-09-19 11:48:43.145000,421.192151867648,12
2024-09-19 11:48:43.175000,421.187125175702,104
2024-09-19 11:48:43.191000,421.18424873174536,996
2024-09-19 11:48:43.366000,421.203669938952,12
2024-09-19 11:48:43.436000,421.1668826240735,10
2024-09-19 11:48:43.530000,421.1911635331625,1000
2024-09-19 11:48:43.561000,421.1896052412846,998
2024-09-19 11:48:43.573000,421.2027474699241,99
2024-09-19 11:48:43.601000,421.1848498141039,15
2024-09-19 11:48:43.609000,421.19036044985074,996
2024-09-19 11:48:43.708000,421.1812738637916,98
2024-09-19 11:48:43.851000,421.19677941595,99
2024-09-19 11:48:44.033000,421.1265520314578,6
2024-09-19 11:48:44.071000,421.1379422745437,96
2024-09-19 11:48:44.072000,421.19249753617135,97
2024-09-19 11:48:44.097000,421.1955233025798,11
2024-09-19 11:48:44.155000,421.1823536114764,1004
2024-09-19 11:48:44.166000,421.18960287569337,95
2024-09-19 11:48:44.187000,421.1834136942063,998
2024-09-19 11:48:44.231000,421.1393752242087,96
2024-09-19 11:48:44.273000,421.1505889985344,1000
2024-09-19 11:48:44.358000,421.1733827043335,101
2024-09-19 11:48:44.464000,421.1530184851656,13
2024-09-19 11:48:44.544000,421.164513432133,5
2024-09-19 11:48:44.624000,421.1859867990394,100
2024-09-19 11:48:44.642000,421.13921901425385,99
2024-09-19 11:48:44.657000,421.14083286314,996
2024-09-19 11:48:44.687000,421.1587056437092,96
2024-09-19 11:48:44.769000,421.1477272355063,999
2024-09-19 11:48:44.772000,421.1875048654436,15
2024-09-19 11:48:44.790000,421.1537156651482,1005
2024-09-19 11:48:44.805000,421.1444019944224,996
2024-09-19 11:48:44.870000,421.1881979879689,15
2024-09-19 11:48:44.950000,421.19685973212654,100
2024-09-19 11:48:44.966000,421.1493400944105,103
2024-09-19 11:48:44.976000,421.1942048853424,14
2024-09-19 11:48:44.996000,421.1863214840489,98
2024-09-19 11:48:45.070000,421.190121518838,9
2024-09-19 11:48:45.081000,421.19006275241617,1001
2024-09-19 11:48:45.103000,421.2253511287576,10
2024-09-19 11:48:45.151000,421.1756977363369,104
2024-09-19 11:48:45.178000,421.2265486624049,96
2024-09-19 11:48:45.351000,421.2244398168852,100
2024-09-19 11:48:45.368000,421.19105573041566,96
2024-09-19 11:48:45.495000,421.1988117923699,6
2024-09-19 11:48:45.498000,421.2072801927313,5
2024-09-19 11:48:45.504000,421.2075598351273,103
2024-09-19 11:48:45.508000,421.1819759409879,14
2024-09-19 11:48:45.583000,421.1963766920221,100
2024-09-19 11:48:45.583000,421.1970223880701,1001
2024-09-19 11:48:45.679000,421.2065043899463,7
2024-09-19 11:48:45.685000,421.1961217861625,97
2024-09-19 11:48:45.805000,421.1918172680841,102
2024-09-19 11:48:45.853000,421.2327341293672,999
2024-09-19 11:48:45.869000,421.22928144972417,11
2024-09-19 11:48:45.948000,421.1940050446543,101
2024-09-19 11:48:46.005000,421.10304679768416,996
2024-09-19 11:48:46.023000,421.09395816053126,996
2024-09-19 11:48:46.047000,421.1212698872177,104
2024-09-19 11:48:46.089000,421.12228540596,103
2024-09-19 11:48:46.137000,421.1640743991626,100
2024-09-19 11:48:46.143000,421.14392308392274,996
2024-09-19 11:48:46.249000,421.1632083289256,98
2024-09-19 11:48:46.255000,421.1826055665389,101
2024-09-19 11:48:46.319000,421.0794169946975,998
2024-09-19 11:48:46.379000,421.13149026215785,98
2024-09-19 11:48:46.414000,421.1173363302725,14
2024-09-19 11:48:46.437000,421.1065766769519,999
2024-09-19 11:48:46.492000,421.1765345055288,9
2024-09-19 11:48:46.493000,421.1364909191002,1004
2024-09-19 11:48:46.541000,421.1156129887032,5
2024-09-19 11:48:46.555000,421.12347769350725,6
2024-09-19 11:48:46.662000,421.10903979181984,999
2024-09-19 11:48:46.762000,421.1336667629529,102
2024-09-19 11:48:46.781000,421.1565819756944,1000
2024-09-19 11:48:46.877000,421.1060153193545,97
2024-09-19 11:48:46.910000,421.1505031684093,95
2024-09-19 11:48:46.913000,421.1301677150215,999
2024-09-19 11:48:47.053000,421.1666610730296,1002
2024-09-19 11:48:47.054000,421.1587872233917,7
2024-09-19 11:48:47.079000,421.1331789394924,98
2024-09-19 11:48:47.081000,421.1489594717916,9
2024-09-19 11:48:47.121000,421.1510293113752,100
2024-09-19 11:48:47.215000,421.14894346896574,103
2024-09-19 11:48:47.225000,421.147144652886,1003
2024-09-19 11:48:47.228000,421.14160056249375,14
2024-09-19 11:48:47.295000,421.14894023731375,104
2024-09-19 11:48:47.297000,421.1489962028949,6
2024-09-19 11:48:47.299000,421.1381812280199,11
2024-09-19 11:48:47.400000,421.13941957567766,999
2024-09-19 11:48:47.424000,421.13332112254574,999
2024-09-19 11:48:47.440000,421.1253355583648,999
2024-09-19 11:48:47.463000,421.1391359794358,99
2024-09-19 11:48:47.503000,421.1577703996963,100
2024-09-19 11:48:47.507000,421.1554943111156,102
2024-09-19 11:48:47.566000,421.13335543389206,11
2024-09-19 11:48:47.640000,421.1327784944668,1003
2024-09-19 11:48:47.660000,421.126930155485,105
2024-09-19 11:48:47.688000,421.1243000887363,101
2024-09-19 11:48:47.697000,421.1357184413331,997
2024-09-19 11:48:47.767000,421.1238154430655,1000
2024-09-19 11:48:47.932000,421.1447713698898,1005
2024-09-19 11:48:47.956000,421.1502620655656,103
2024-09-19 11:48:47.966000,421.1293872471769,1005
2024-09-19 11:48:48.014000,421.1562525440871,15
2024-09-19 11:48:48.107000,421.154142832036,998
2024-09-19 11:48:48.214000,421.13061766320806,7
2024-09-19 11:48:48.245000,421.1533992982304,105
2024-09-19 11:48:48.302000,421.1607261863187,104
2024-09-19 11:48:48.395000,421.1425065316041,104
2024-09-19 11:48:48.411000,421.14235053497566,98
2024-09-19 11:48:48.470000,421.1397227884547,996
2024-09-19 11:48:48.472000,421.14833850929006,11
2024-09-19 11:48:48.526000,421.17162302775085,100
2024-09-19 11:48:48.549000,421.1319054114792,8
2024-09-19 11:48:48.740000,421.1317059855781,8
2024-09-19 11:48:48.888000,421.1206046086145,95
2024-09-19 11:48:49.086000,421.16155386799136,999
2024-09-19 11:48:49.795000,421.1815157666038,12
2024-09-19 11:48:50.302000,421.1666502938291,1003
2024-09-19 11:48:50.326000,421.1717214850414,101
2024-09-19 11:48:50.332000,421.16688502130864,12
2024-09-19 11:48:50.372000,421.16529889361937,11
2024-09-19 11:48:50.477000,421.1565337759391,103
2024-09-19 11:48:50.842000,421.169251865888,11
2024-09-19 11:48:50.944000,421.1762538895217,96
2024-09-19 11:48:51.028000,421.21227876379066,95
2024-09-19 11:48:51.079000,421.22285434917706,998
2024-09-19 11:48:51.104000,421.1914543112898,9
2024-09-19 11:48:51.114000,421.2511129023784,98
2024-09-19 11:48:51.132000,421.2078670125915,999
2024-09-19 11:48:51.142000,421.2614204101213,104
2024-09-19 11:48:51.179000,421.2266901609863,6
2024-09-19 11:48:51.273000,421.2588815029336,14
2024-09-19 11:48:51.364000,421.22404310401686,98
2024-09-19 11:48:51.392000,421.25463297773473,96
2024-09-19 11:48:51.449000,421.17331108091867,95
2024-09-19 11:48:51.503000,421.2516731398594,1002
2024-09-19 11:48:51.577000,421.20186648760017,1002
2024-09-19 11:48:51.688000,421.222584574604,13
2024-09-19 11:48:51.718000,421.23631983512365,1000
2024-09-19 11:48:51.732000,421.2247601190932,98
2024-09-19 11:48:51.831000,421.1958277170989,98
2024-09-19 11:48:51.839000,421.2265703202438,97
2024-09-19 11:48:51.856000,421.2627218144814,996
2024-09-19 11:48:51.946000,421.2484523111322,105
2024-09-19 11:48:51.951000,421.2239646041844,1000
2024-09-19 11:48:52,421.2625078739547,97
2024-09-19 11:48:52.080000,421.2593059339928,99
2024-09-19 11:48:52.115000,421.2841546459357,995
2024-09-19 11:48:52.117000,421.3036689699002,100
2024-09-19 11:48:52.124000,421.3041362246506,7
2024-09-19 11:48:52.388000,421.3099983318393,10
2024-09-19 11:48:52.469000,421.2626462389946,999
2024-09-19 11:48:52.520000,421.2755157163938,999
2024-09-19 11:48:52.536000,421.3155999341152,101
2024-09-19 11:48:52.569000,421.29070502104406,995
2024-09-19 11:48:52.600000,421.27400381930624,96
2024-09-19 11:48:52.682000,421.32167098030754,95
2024-09-19 11:48:52.685000,421.2651765544264,102
2024-09-19 11:48:52.739000,421.3102127066204,104
2024-09-19 11:48:52.872000,421.3006475918428,102
2024-09-19 11:48:54.072000,421.31103305856266,6
2024-09-19 11:48:54.961000,421.3274024154969,998
2024-09-19 11:48:55.036000,421.3447756099577,13
2024-09-19 11:48:55.039000,421.32898365229767,99
2024-09-19 11:48:55.078000,421.3462408806061,101
2024-09-19 11:48:55.153000,421.3534520043933,8
2024-09-19 11:48:55.400000,421.3427839084639,1001
2024-09-19 11:48:55.494000,421.3130205136124,104
2024-09-19 11:48:55.702000,421.3454607004045,105
2024-09-19 11:48:55.740000,421.3487375618937,100
2024-09-19 11:48:55.759000,421.3456496680031,11
2024-09-19 11:48:55.818000,421.31563021866367,998
2024-09-19 11:48:55.858000,421.3635606686156,10
2024-09-19 11:48:55.929000,421.3684014589064,10
2024-09-19 11:48:55.932000,421.3552763534922,9
2024-09-19 11:48:55.982000,421.3264736639045,15
2024-09-19 11:48:56.076000,421.3677421430662,11
2024-09-19 11:48:56.109000,421.2959273378919,6
2024-09-19 11:48:56.109000,421.2844219558074,104
2024-09-19 11:48:56.158000,421.3542486075528,997
2024-09-19 11:48:56.185000,421.3865942502998,97
2024-09-19 11:48:56.223000,421.35881375771976,100
2024-09-19 11:48:56.257000,421.3569304042235,15
2024-09-19 11:48:56.328000,421.30704647293857,14
2024-09-19 11:48:56.347000,421.358297362802,996
2024-09-19 11:48:56.411000,421.317748295646,14
2024-09-19 11:48:56.522000,421.276800921585,9
2024-09-19 11:48:56.578000,421.3460664787224,1003
2024-09-19 11:48:56.630000,421.373794928382,8
2024-09-19 11:48:56.647000,421.3731343395993,102
2024-09-19 11:48:56.815000,421.3602652983981,102
2024-09-19 11:48:56.862000,421.2878044887274,101
2024-09-19 11:48:56.939000,421.3243441171263,14
2024-09-19 11:48:56.945000,421.3486761739249,100
2024-09-19 11:48:56.951000,421.3567870109842,105
2024-09-19 11:48:57.365000,421.2991148165127,1000
2024-09-19 11:48:57.961000,421.29034061990376,102
2024-09-19 11:48:58.020000,421.2912797427807,999
2024-09-19 11:48:58.413000,421.3106702320195,1001
2024-09-19 11:48:58.423000,421.2897923048682,997
2024-09-19 11:48:58.461000,421.303403309852,97
2024-09-19 11:48:58.533000,421.2739537445311,11
2024-09-19 11:48:58.826000,421.2985019208994,6
2024-09-19 11:48:59.045000,421.30202482577886,996
2024-09-19 11:48:59.092000,421.2662887005857,12
2024-09-19 11:48:59.114000,421.2522107968552,101
2024-09-19 11:48:59.510000,421.2801891076552,1000
2024-09-19 11:48:59.578000,421.3103992284523,104
2024-09-19 11:48:59.610000,421.28405371581977,95
2024-09-19 11:48:59.685000,421.2967269838668,95
2024-09-19 11:48:59.722000,421.2880836782191,7
2024-09-19 11:48:59.888000,421.2657141838246,105
2024-09-19 11:48:59.904000,421.3045203395162,998
