Timestamp,Price,Size
2024-09-17 15:22:00.023000,407.533835880986,8
2024-09-17 15:22:00.101000,407.5200562400223,15
2024-09-17 15:22:00.118000,407.52686881747405,15
2024-09-17 15:22:00.178000,407.52810428071393,99
2024-09-17 15:22:00.201000,407.51464857182646,11
2024-09-17 15:22:00.233000,407.5176290062981,96
2024-09-17 15:22:00.242000,407.5165922057206,995
2024-09-17 15:22:00.249000,407.5446618602445,12
2024-09-17 15:22:00.269000,407.5477779753082,99
2024-09-17 15:22:00.275000,407.5338096522256,1005
2024-09-17 15:22:00.325000,407.5106814617526,99
2024-09-17 15:22:00.331000,407.5298416734984,1001
2024-09-17 15:22:00.382000,407.52200393233016,9
2024-09-17 15:22:00.425000,407.5327167619877,10
2024-09-17 15:22:00.467000,407.5392811175948,14
2024-09-17 15:22:00.494000,407.5286537155352,1005
2024-09-17 15:22:00.538000,407.5324206025255,103
2024-09-17 15:22:00.608000,407.5077349822549,5
2024-09-17 15:22:00.636000,407.55082663246606,105
2024-09-17 15:22:00.714000,407.5203223197378,101
2024-09-17 15:22:00.719000,407.51308088406296,102
2024-09-17 15:22:00.783000,407.5181204250184,9
2024-09-17 15:22:00.819000,407.5125247284757,998
2024-09-17 15:22:00.830000,407.51730390284325,1005
2024-09-17 15:22:00.902000,407.52208817406927,8
2024-09-17 15:22:00.946000,407.5441602758824,999
2024-09-17 15:22:00.959000,407.5215845859052,9
2024-09-17 15:22:01.019000,407.5469972017775,996
2024-09-17 15:22:01.336000,407.56568176824754,104
2024-09-17 15:22:01.424000,407.574461343405,13
2024-09-17 15:22:01.433000,407.5518073578045,13
2024-09-17 15:22:01.526000,407.5303541590231,105
2024-09-17 15:22:01.562000,407.561623808154,14
2024-09-17 15:22:01.647000,407.5555392799496,999
2024-09-17 15:22:01.668000,407.5726336104302,999
2024-09-17 15:22:01.692000,407.5746230526109,15
2024-09-17 15:22:01.844000,407.5653147247298,14
2024-09-17 15:22:01.878000,407.53352166584943,101
2024-09-17 15:22:02.987000,407.5597553113712,999
2024-09-17 15:22:03.012000,407.5832564947684,1005
2024-09-17 15:22:03.027000,407.5962732523829,1001
2024-09-17 15:22:03.028000,407.5895487896139,12
2024-09-17 15:22:03.030000,407.5858531859102,14
2024-09-17 15:22:03.179000,407.5828009316806,999
2024-09-17 15:22:03.209000,407.5797710439577,10
2024-09-17 15:22:03.291000,407.5626297284298,1001
2024-09-17 15:22:03.368000,407.5491746667343,99
2024-09-17 15:22:03.379000,407.58166977351,101
2024-09-17 15:22:03.489000,407.5867648046636,998
2024-09-17 15:22:03.504000,407.58454192353446,1000
2024-09-17 15:22:03.535000,407.56775571789984,99
2024-09-17 15:22:03.554000,407.5763674775753,7
2024-09-17 15:22:03.616000,407.5815320505446,105
2024-09-17 15:22:03.772000,407.5882738566061,1004
2024-09-17 15:22:03.816000,407.6043853007759,1000
2024-09-17 15:22:03.834000,407.56962672416535,995
2024-09-17 15:22:03.851000,407.5593108628401,999
2024-09-17 15:22:04.035000,407.6590372330005,103
2024-09-17 15:22:04.057000,407.69989702721074,8
2024-09-17 15:22:04.209000,407.6737923164029,12
2024-09-17 15:22:04.396000,407.6372801564901,14
2024-09-17 15:22:04.418000,407.6812182196383,1003
2024-09-17 15:22:04.419000,407.6730347477577,5
2024-09-17 15:22:04.438000,407.5782775005789,98
2024-09-17 15:22:04.442000,407.63587375243975,98
2024-09-17 15:22:04.491000,407.5954147694292,97
2024-09-17 15:22:04.492000,407.57709390974566,1000
2024-09-17 15:22:04.500000,407.5740016357348,7
2024-09-17 15:22:04.620000,407.6638363104528,95
2024-09-17 15:22:04.630000,407.6639669077181,1000
2024-09-17 15:22:04.651000,407.6911055678218,13
2024-09-17 15:22:04.665000,407.6190492358491,97
2024-09-17 15:22:04.672000,407.669049718514,103
2024-09-17 15:22:04.682000,407.6956240467398,97
2024-09-17 15:22:04.747000,407.5656150257275,6
2024-09-17 15:22:04.936000,407.693042096474,15
2024-09-17 15:22:05.088000,407.7273214822964,5
2024-09-17 15:22:05.102000,407.7172798024199,11
2024-09-17 15:22:05.107000,407.65091475110734,7
2024-09-17 15:22:05.116000,407.5673756530911,1005
2024-09-17 15:22:05.144000,407.6475639815847,7
2024-09-17 15:22:05.174000,407.5897192233986,98
2024-09-17 15:22:05.196000,407.5950807030094,9
2024-09-17 15:22:05.297000,407.60442405806,10
2024-09-17 15:22:05.316000,407.5770316453938,998
2024-09-17 15:22:05.368000,407.6605480489844,103
2024-09-17 15:22:05.387000,407.7137089909148,105
2024-09-17 15:22:05.415000,407.6094637949832,14
2024-09-17 15:22:05.592000,407.5681804380703,7
2024-09-17 15:22:05.621000,407.7097100207186,99
2024-09-17 15:22:05.700000,407.5736938802152,95
2024-09-17 15:22:05.709000,407.7110371661514,1002
2024-09-17 15:22:05.799000,407.7192021445954,13
2024-09-17 15:22:05.863000,407.7484123722949,99
2024-09-17 15:22:05.871000,407.6803852231795,1001
2024-09-17 15:22:05.891000,407.618773039338,14
2024-09-17 15:22:05.900000,407.6438459948816,1004
2024-09-17 15:22:05.930000,407.734406077206,9
2024-09-17 15:22:05.966000,407.6331023105945,105
2024-09-17 15:22:06.169000,407.5725185904847,11
2024-09-17 15:22:06.264000,407.5629457220215,14
2024-09-17 15:22:06.267000,407.5585334398217,1000
2024-09-17 15:22:06.289000,407.611750856398,997
2024-09-17 15:22:06.350000,407.5722917555689,8
2024-09-17 15:22:06.428000,407.5696593107386,1000
2024-09-17 15:22:06.609000,407.5682999068681,7
2024-09-17 15:22:06.666000,407.6023090004056,13
2024-09-17 15:22:06.745000,407.6110472882223,98
2024-09-17 15:22:06.766000,407.5753138503436,998
2024-09-17 15:22:06.919000,407.5651618706635,1005
2024-09-17 15:22:07.014000,407.60726356774086,10
2024-09-17 15:22:07.219000,407.6115383039612,98
2024-09-17 15:22:07.259000,407.6065998626461,100
2024-09-17 15:22:07.262000,407.609582737885,1004
2024-09-17 15:22:07.305000,407.5912172778805,996
2024-09-17 15:22:07.413000,407.59826157339904,1001
2024-09-17 15:22:07.608000,407.60423877431134,15
2024-09-17 15:22:07.703000,407.5889098405479,13
2024-09-17 15:22:07.726000,407.573696687294,1002
2024-09-17 15:22:07.768000,407.6220546716247,105
2024-09-17 15:22:07.814000,407.5913531193505,998
2024-09-17 15:22:07.876000,407.6124935469034,95
2024-09-17 15:22:07.898000,407.5830650727693,12
2024-09-17 15:22:07.967000,407.5607109302318,98
2024-09-17 15:22:07.993000,407.6184082256166,1002
2024-09-17 15:22:08.039000,407.5478689345346,15
2024-09-17 15:22:08.468000,407.53805611156974,1003
2024-09-17 15:22:08.476000,407.5255547586736,8
2024-09-17 15:22:08.631000,407.53848233051895,995
2024-09-17 15:22:08.920000,407.5006882116537,997
2024-09-17 15:22:09.157000,407.5103767203297,10
2024-09-17 15:22:09.178000,407.5065195001713,102
2024-09-17 15:22:09.253000,407.51751719149576,97
2024-09-17 15:22:09.364000,407.538657868012,1002
2024-09-17 15:22:09.418000,407.51187191512327,14
2024-09-17 15:22:09.691000,407.5170386942642,1003
2024-09-17 15:22:10.140000,407.53329984649565,102
2024-09-17 15:22:10.203000,407.47837545730897,96
2024-09-17 15:22:10.222000,407.4552553311795,100
2024-09-17 15:22:10.228000,407.488999952665,996
2024-09-17 15:22:10.253000,407.51239030405793,12
2024-09-17 15:22:10.310000,407.5455510506516,13
2024-09-17 15:22:10.379000,407.4831771048238,1002
2024-09-17 15:22:10.410000,407.4914608251523,7
2024-09-17 15:22:10.413000,407.4750063836798,5
2024-09-17 15:22:10.426000,407.4981487847949,1004
2024-09-17 15:22:10.431000,407.48472182922063,999
2024-09-17 15:22:10.473000,407.4861804424054,1000
2024-09-17 15:22:10.496000,407.4740707260369,9
2024-09-17 15:22:10.498000,407.48548460996017,98
2024-09-17 15:22:10.505000,407.4734876348873,15
2024-09-17 15:22:10.521000,407.5324959347705,999
2024-09-17 15:22:10.524000,407.5013673909294,14
2024-09-17 15:22:10.623000,407.4939465669689,96
2024-09-17 15:22:10.626000,407.47522601074616,99
2024-09-17 15:22:10.679000,407.45917026270325,998
2024-09-17 15:22:10.696000,407.4854890740191,995
2024-09-17 15:22:10.707000,407.5030211594202,999
2024-09-17 15:22:10.708000,407.4614652135751,8
2024-09-17 15:22:10.737000,407.4893415349915,996
2024-09-17 15:22:10.739000,407.4810585264111,104
2024-09-17 15:22:10.755000,407.4718066962384,995
2024-09-17 15:22:10.779000,407.46864980909805,97
2024-09-17 15:22:10.931000,407.4754073340724,1000
2024-09-17 15:22:10.998000,407.5325951062679,996
2024-09-17 15:22:11.062000,407.362692584,96
2024-09-17 15:22:11.081000,407.3773657404011,102
2024-09-17 15:22:11.096000,407.4809530510667,100
2024-09-17 15:22:11.099000,407.3769799575335,7
2024-09-17 15:22:11.259000,407.4298003074712,97
2024-09-17 15:22:11.276000,407.4015054255944,96
2024-09-17 15:22:11.276000,407.38515729143273,99
2024-09-17 15:22:11.298000,407.3762047206993,13
2024-09-17 15:22:11.305000,407.4928974150684,8
2024-09-17 15:22:11.437000,407.4666416368588,15
2024-09-17 15:22:11.468000,407.3994929365555,105
2024-09-17 15:22:11.489000,407.47758809341536,7
2024-09-17 15:22:11.640000,407.4329944546192,11
2024-09-17 15:22:11.647000,407.4660684215693,13
2024-09-17 15:22:11.659000,407.4599792458968,998
2024-09-17 15:22:11.705000,407.5072092697621,103
2024-09-17 15:22:11.719000,407.39397259620927,999
2024-09-17 15:22:11.736000,407.3921992856709,15
2024-09-17 15:22:11.748000,407.3951186479663,997
2024-09-17 15:22:11.778000,407.47212637571965,14
2024-09-17 15:22:11.858000,407.38747430526814,97
2024-09-17 15:22:11.874000,407.4034707526102,100
2024-09-17 15:22:11.891000,407.3883651388768,999
2024-09-17 15:22:11.909000,407.4156519583537,7
2024-09-17 15:22:11.937000,407.3627782485734,5
2024-09-17 15:22:11.979000,407.3963558768235,999
2024-09-17 15:22:12.012000,407.35513239491775,997
2024-09-17 15:22:12.013000,407.38832410525976,5
2024-09-17 15:22:12.095000,407.35588425030096,1001
2024-09-17 15:22:12.121000,407.3513503272415,11
2024-09-17 15:22:12.248000,407.38148645094265,1001
2024-09-17 15:22:13.044000,407.355143203542,104
2024-09-17 15:22:13.045000,407.37650330759993,15
2024-09-17 15:22:13.048000,407.3770164505764,100
2024-09-17 15:22:13.069000,407.3263061072852,11
2024-09-17 15:22:13.211000,407.3864944147552,999
2024-09-17 15:22:13.230000,407.3414431816931,5
2024-09-17 15:22:13.248000,407.3430153352834,1004
2024-09-17 15:22:13.372000,407.3205946857538,14
2024-09-17 15:22:13.442000,407.353215156038,7
2024-09-17 15:22:13.466000,407.3252120643164,13
2024-09-17 15:22:13.475000,407.3594656735977,11
2024-09-17 15:22:13.485000,407.3842805065162,12
2024-09-17 15:22:13.506000,407.3666398193964,995
2024-09-17 15:22:13.528000,407.3716056403287,104
2024-09-17 15:22:13.613000,407.35023027130126,1002
2024-09-17 15:22:13.622000,407.3818752306431,104
2024-09-17 15:22:13.646000,407.32520249235694,1002
2024-09-17 15:22:13.701000,407.35758634369904,996
2024-09-17 15:22:13.727000,407.3321831376432,1002
2024-09-17 15:22:14.099000,407.3699629872434,104
2024-09-17 15:22:14.179000,407.3731216688296,103
2024-09-17 15:22:14.226000,407.366496246366,99
2024-09-17 15:22:14.266000,407.3725908010682,1003
2024-09-17 15:22:14.299000,407.3357784700638,98
2024-09-17 15:22:14.342000,407.30664625191326,13
2024-09-17 15:22:14.394000,407.375504582063,12
2024-09-17 15:22:14.408000,407.3441931972545,102
2024-09-17 15:22:14.428000,407.3626573129859,102
2024-09-17 15:22:14.447000,407.3571797313746,1003
2024-09-17 15:22:14.481000,407.3254142572573,1004
2024-09-17 15:22:14.492000,407.3192322840573,13
2024-09-17 15:22:14.541000,407.33519612710097,100
2024-09-17 15:22:14.574000,407.3553929118525,102
2024-09-17 15:22:14.580000,407.3695205817875,12
2024-09-17 15:22:14.585000,407.3353321063812,1002
2024-09-17 15:22:14.591000,407.3607947154704,105
2024-09-17 15:22:14.721000,407.35003723895136,6
2024-09-17 15:22:14.726000,407.348469050086,99
2024-09-17 15:22:14.782000,407.30143695688406,103
2024-09-17 15:22:14.784000,407.3668037112608,1001
2024-09-17 15:22:14.879000,407.309615146805,1005
2024-09-17 15:22:14.882000,407.3776505917278,100
2024-09-17 15:22:14.895000,407.378928896071,1000
2024-09-17 15:22:14.898000,407.33403203613767,1004
2024-09-17 15:22:14.947000,407.3535968181196,98
2024-09-17 15:22:14.986000,407.3379093066642,1003
2024-09-17 15:22:15.248000,407.3069518713641,9
2024-09-17 15:22:15.579000,407.3126776460574,99
2024-09-17 15:22:15.772000,407.3006699086184,11
2024-09-17 15:22:16.104000,407.273920142614,11
2024-09-17 15:22:16.105000,407.2625379861915,998
2024-09-17 15:22:16.226000,407.2581587448361,103
2024-09-17 15:22:16.259000,407.26621995941616,1005
2024-09-17 15:22:16.347000,407.2827394477046,105
2024-09-17 15:22:16.451000,407.27365197658605,11
2024-09-17 15:22:16.454000,407.2871756949074,15
2024-09-17 15:22:16.485000,407.2499136815869,998
2024-09-17 15:22:16.523000,407.2592597250484,15
2024-09-17 15:22:16.576000,407.24967657958825,6
2024-09-17 15:22:16.582000,407.26879491613687,105
2024-09-17 15:22:16.693000,407.32234185044007,999
2024-09-17 15:22:16.695000,407.3119102492761,95
2024-09-17 15:22:16.700000,407.2663389958993,105
2024-09-17 15:22:16.716000,407.2968363926333,996
2024-09-17 15:22:16.748000,407.2728682698499,95
2024-09-17 15:22:16.891000,407.2740426394851,1000
2024-09-17 15:22:16.943000,407.2773344858493,97
2024-09-17 15:22:16.971000,407.3139653687256,95
2024-09-17 15:22:16.979000,407.250708568427,98
2024-09-17 15:22:17.006000,407.2322821910155,9
2024-09-17 15:22:17.008000,407.2677506229476,98
2024-09-17 15:22:17.108000,407.23929961227503,103
2024-09-17 15:22:17.125000,407.22228476610366,104
2024-09-17 15:22:17.280000,407.2461277036937,105
2024-09-17 15:22:17.480000,414.37570546885183,100
2024-09-17 15:22:17.614000,407.2546059945059,95
2024-09-17 15:22:17.890000,407.2275768142091,101
2024-09-17 15:22:17.939000,407.2455098103723,995
2024-09-17 15:22:18.121000,407.2555334681485,997
2024-09-17 15:22:18.215000,407.2309203887804,103
2024-09-17 15:22:18.449000,407.2268287212083,13
2024-09-17 15:22:18.566000,407.261975801315,100
2024-09-17 15:22:19.133000,407.211042156397,5
2024-09-17 15:22:19.156000,407.18704731335214,105
2024-09-17 15:22:19.208000,407.2223781816597,102
2024-09-17 15:22:19.236000,407.2162588510324,7
2024-09-17 15:22:19.369000,407.2244432663444,10
2024-09-17 15:22:19.551000,407.2212155686364,995
2024-09-17 15:22:19.735000,407.2041545272656,99
2024-09-17 15:22:19.840000,407.2049930414923,95
2024-09-17 15:22:19.860000,407.2017339255751,102
2024-09-17 15:22:20.097000,407.2289989552547,101
2024-09-17 15:22:20.124000,407.2304598499294,96
2024-09-17 15:22:20.187000,407.2151158503538,7
2024-09-17 15:22:20.248000,407.2416008011348,1001
2024-09-17 15:22:20.264000,407.23448779926827,1001
2024-09-17 15:22:20.294000,407.2068597224065,997
2024-09-17 15:22:20.392000,407.22888969786726,101
2024-09-17 15:22:20.435000,407.23391846371504,96
2024-09-17 15:22:20.489000,407.2072446632107,997
2024-09-17 15:22:20.536000,407.2315860846746,1004
2024-09-17 15:22:20.598000,407.2316658543816,9
2024-09-17 15:22:20.662000,407.2260818578997,103
2024-09-17 15:22:20.734000,407.2271040663925,100
2024-09-17 15:22:20.794000,407.2231912306419,1003
2024-09-17 15:22:20.894000,414.3364018947656,97
2024-09-17 15:22:21.578000,407.20222043309474,6
2024-09-17 15:22:21.653000,407.2442744624623,105
2024-09-17 15:22:21.685000,407.2106195687971,100
2024-09-17 15:22:21.739000,407.2104543697045,997
2024-09-17 15:22:21.810000,407.2142722998849,99
2024-09-17 15:22:21.853000,407.1952975191084,102
2024-09-17 15:22:21.865000,407.2263298820591,5
2024-09-17 15:22:22.107000,407.27000894189393,1001
2024-09-17 15:22:22.148000,407.2877447548667,7
2024-09-17 15:22:22.163000,407.2934281600503,999
2024-09-17 15:22:22.238000,407.271835571515,11
2024-09-17 15:22:22.292000,407.2735025381701,996
2024-09-17 15:22:22.319000,414.2839552123224,8
2024-09-17 15:22:22.345000,407.28936764861487,999
2024-09-17 15:22:22.372000,407.3014189379812,14
2024-09-17 15:22:22.408000,407.2484611886632,996
2024-09-17 15:22:22.434000,407.26450961882665,1002
2024-09-17 15:22:22.514000,407.264119304989,995
2024-09-17 15:22:22.521000,407.28715183948935,1000
2024-09-17 15:22:22.638000,407.2668662111672,998
2024-09-17 15:22:22.739000,407.2720244652225,5
2024-09-17 15:22:22.797000,407.28798677202775,101
2024-09-17 15:22:22.802000,407.303706352165,996
2024-09-17 15:22:22.825000,407.2953772198532,1005
2024-09-17 15:22:22.831000,407.26828164992025,12
2024-09-17 15:22:22.847000,407.28537168258487,1001
2024-09-17 15:22:22.928000,407.2698065849676,10
2024-09-17 15:22:22.935000,407.27735153104607,7
2024-09-17 15:22:22.940000,407.2846017570694,99
2024-09-17 15:22:22.980000,407.2691401613267,15
2024-09-17 15:22:23.627000,407.31831659825417,95
2024-09-17 15:22:23.744000,407.32718455832736,1004
2024-09-17 15:22:23.759000,407.3233586404373,103
2024-09-17 15:22:24.041000,407.34059135442135,105
2024-09-17 15:22:24.043000,407.34640583676224,1000
2024-09-17 15:22:24.059000,407.3668668411952,5
2024-09-17 15:22:24.072000,407.3432879719557,96
2024-09-17 15:22:24.110000,407.3584127412266,100
2024-09-17 15:22:24.278000,407.3561038537796,15
2024-09-17 15:22:24.297000,407.3718425885784,95
2024-09-17 15:22:24.394000,407.3513099864293,1004
2024-09-17 15:22:24.414000,407.3629956941031,10
2024-09-17 15:22:24.423000,407.3914399338302,11
2024-09-17 15:22:24.482000,407.3131107964247,102
2024-09-17 15:22:24.500000,407.3684726734664,995
2024-09-17 15:22:24.506000,407.3455713496437,1005
2024-09-17 15:22:24.512000,407.4126272493412,5
2024-09-17 15:22:24.516000,407.36861223194086,15
2024-09-17 15:22:24.521000,407.364348212992,7
2024-09-17 15:22:24.576000,407.4007545521815,996
2024-09-17 15:22:24.685000,407.3356881906173,97
2024-09-17 15:22:24.762000,407.3489922970023,1002
2024-09-17 15:22:24.777000,407.3213457358178,7
2024-09-17 15:22:24.826000,407.3248420338159,15
2024-09-17 15:22:24.918000,407.3703273957974,11
2024-09-17 15:22:24.972000,407.33435216493297,1004
2024-09-17 15:22:24.990000,407.3583959435843,14
2024-09-17 15:22:25.335000,407.41936586200165,6
2024-09-17 15:22:25.473000,407.4080851324991,13
2024-09-17 15:22:25.667000,407.4139269572629,10
2024-09-17 15:22:25.947000,407.4118628770206,6
2024-09-17 15:22:26.052000,407.39851576531606,98
2024-09-17 15:22:26.104000,407.3943846534999,13
2024-09-17 15:22:26.680000,407.4080997781586,997
2024-09-17 15:22:26.860000,407.4038849831055,12
2024-09-17 15:22:26.916000,407.4081715332862,1000
2024-09-17 15:22:26.946000,407.41908813039305,97
2024-09-17 15:22:27.038000,407.4016417371493,101
2024-09-17 15:22:27.129000,407.4044157106339,13
2024-09-17 15:22:27.136000,407.4045575368671,1000
2024-09-17 15:22:27.175000,407.3937426890086,10
2024-09-17 15:22:27.524000,407.3817678991293,6
2024-09-17 15:22:28.101000,407.379713077326,104
2024-09-17 15:22:28.120000,407.417282443427,1001
2024-09-17 15:22:28.214000,407.41520043136336,996
2024-09-17 15:22:28.343000,407.4092969496032,105
2024-09-17 15:22:28.374000,407.3867615829373,998
2024-09-17 15:22:28.435000,407.4016616558539,95
2024-09-17 15:22:28.481000,407.3944185714208,13
2024-09-17 15:22:28.482000,407.4217293606605,10
2024-09-17 15:22:28.498000,407.3773497502375,98
2024-09-17 15:22:28.798000,407.4009090163339,104
2024-09-17 15:22:28.957000,407.3991899463376,13
2024-09-17 15:22:28.986000,407.4170916990609,96
2024-09-17 15:22:29.032000,407.4043226266172,14
2024-09-17 15:22:29.080000,407.3718583413919,7
2024-09-17 15:22:29.085000,407.4158408944469,998
2024-09-17 15:22:29.092000,407.40585531701663,7
2024-09-17 15:22:29.148000,407.3943491782269,100
2024-09-17 15:22:29.154000,407.4133660175194,100
2024-09-17 15:22:29.173000,407.4041001046989,96
2024-09-17 15:22:29.218000,407.3671627724346,105
2024-09-17 15:22:29.221000,407.39028550336826,105
2024-09-17 15:22:29.250000,407.3866500585691,14
2024-09-17 15:22:29.410000,407.3898890488441,11
2024-09-17 15:22:29.418000,407.3979479065508,15
2024-09-17 15:22:29.423000,407.3945607585732,103
2024-09-17 15:22:29.487000,407.3936063545648,996
2024-09-17 15:22:29.683000,407.3895581318436,9
2024-09-17 15:22:29.765000,407.39154285884007,97
2024-09-17 15:22:29.787000,407.36204703240975,1005
2024-09-17 15:22:29.874000,407.3976044067993,997
2024-09-17 15:22:30.325000,407.4303292912615,998
2024-09-17 15:22:30.344000,407.4298739243963,995
2024-09-17 15:22:30.522000,407.4141137163488,100
2024-09-17 15:22:30.641000,407.4345788215987,6
2024-09-17 15:22:30.660000,407.443997268288,1002
2024-09-17 15:22:30.787000,407.40807092645474,1003
2024-09-17 15:22:30.793000,407.4703899183792,99
2024-09-17 15:22:30.910000,407.4755058952691,13
2024-09-17 15:22:31.041000,407.5220061875281,12
2024-09-17 15:22:31.092000,407.48051574076544,15
2024-09-17 15:22:31.119000,407.4783603361884,1002
2024-09-17 15:22:31.161000,407.5091178738596,995
2024-09-17 15:22:31.319000,407.4836246032343,99
2024-09-17 15:22:31.347000,407.51508236773714,999
2024-09-17 15:22:31.369000,407.4798802047653,7
2024-09-17 15:22:31.466000,414.5119385296463,102
2024-09-17 15:22:31.505000,407.4771951177782,8
2024-09-17 15:22:31.508000,407.4780534609665,100
2024-09-17 15:22:31.732000,407.5122440196183,999
2024-09-17 15:22:31.865000,407.5113211470275,7
2024-09-17 15:22:31.901000,407.4604533479417,1002
2024-09-17 15:22:31.904000,407.5268167558935,104
2024-09-17 15:22:31.996000,407.5190997023548,101
2024-09-17 15:22:32.315000,407.51485842236656,1003
2024-09-17 15:22:32.409000,407.5064769115282,95
2024-09-17 15:22:33.007000,407.4933635121604,95
2024-09-17 15:22:33.090000,407.47410862403706,14
2024-09-17 15:22:33.094000,407.4669227606076,14
2024-09-17 15:22:33.230000,407.4609007960868,15
2024-09-17 15:22:33.390000,407.5006815446442,997
2024-09-17 15:22:33.431000,407.47273647967296,6
2024-09-17 15:22:33.439000,407.5115126239614,96
2024-09-17 15:22:33.513000,407.4707913526858,5
2024-09-17 15:22:33.598000,407.4701546528167,998
2024-09-17 15:22:33.733000,407.5189304641107,97
2024-09-17 15:22:33.793000,407.4842039812056,98
2024-09-17 15:22:33.803000,407.47074314972,98
2024-09-17 15:22:33.881000,407.4747388281444,1004
2024-09-17 15:22:33.897000,407.4966345687849,95
2024-09-17 15:22:34.002000,407.492121285721,13
2024-09-17 15:22:34.373000,407.4749180128272,1002
2024-09-17 15:22:34.398000,407.4610538712357,998
2024-09-17 15:22:34.459000,407.49114994190046,14
2024-09-17 15:22:34.474000,407.4981390809796,1000
2024-09-17 15:22:34.505000,407.4776371766941,9
2024-09-17 15:22:34.681000,407.491876600206,97
2024-09-17 15:22:34.742000,407.4940611421272,97
2024-09-17 15:22:34.792000,407.46994737365856,95
2024-09-17 15:22:34.847000,407.4757110558787,1000
2024-09-17 15:22:34.851000,407.4453830532614,1003
2024-09-17 15:22:34.866000,407.4679463479585,1002
2024-09-17 15:22:35.258000,407.451534556422,9
2024-09-17 15:22:35.416000,407.4759377496839,100
2024-09-17 15:22:36.012000,407.45478038794187,999
2024-09-17 15:22:36.018000,407.4734564748624,997
2024-09-17 15:22:36.099000,407.4587360066705,9
2024-09-17 15:22:36.154000,407.44094280533983,103
2024-09-17 15:22:36.217000,407.4512789141697,15
2024-09-17 15:22:36.551000,407.45899291797934,997
2024-09-17 15:22:36.761000,407.4462761963667,100
2024-09-17 15:22:36.821000,407.448740561884,9
2024-09-17 15:22:36.945000,407.4369412338969,99
2024-09-17 15:22:37.020000,407.3980383633413,8
2024-09-17 15:22:37.054000,407.4754879089009,103
2024-09-17 15:22:37.177000,407.4751708870282,14
2024-09-17 15:22:37.315000,407.43200367846345,97
2024-09-17 15:22:37.521000,407.4226603888839,102
2024-09-17 15:22:37.624000,407.469604121732,999
2024-09-17 15:22:37.630000,407.4092716753561,10
2024-09-17 15:22:37.761000,407.4456170638265,1004
2024-09-17 15:22:37.901000,407.4621534663265,95
2024-09-17 15:22:38.027000,407.5321497745671,8
2024-09-17 15:22:38.041000,407.4272660808494,104
2024-09-17 15:22:38.044000,407.43096072113474,102
2024-09-17 15:22:38.061000,407.4249208499604,11
2024-09-17 15:22:38.100000,407.5371082673285,998
2024-09-17 15:22:38.216000,407.5350115282108,997
2024-09-17 15:22:38.237000,407.556925715636,100
2024-09-17 15:22:38.434000,407.4085563428416,11
2024-09-17 15:22:38.467000,407.4961830086635,98
2024-09-17 15:22:38.504000,407.54269976468913,102
2024-09-17 15:22:38.519000,407.535020536762,7
2024-09-17 15:22:38.540000,407.3836247024159,997
2024-09-17 15:22:38.578000,407.3852115531512,996
2024-09-17 15:22:38.624000,414.4817717820808,101
2024-09-17 15:22:38.655000,407.509655184254,1000
2024-09-17 15:22:38.693000,407.528238131262,96
2024-09-17 15:22:38.706000,407.5186921409359,103
2024-09-17 15:22:38.721000,407.409332323681,99
2024-09-17 15:22:38.742000,407.43638436361294,9
2024-09-17 15:22:38.783000,407.4188092319391,102
2024-09-17 15:22:38.797000,407.41713806603457,13
2024-09-17 15:22:38.838000,407.4573223995664,11
2024-09-17 15:22:38.900000,407.5316087080709,6
2024-09-17 15:22:38.901000,407.402810669694,104
2024-09-17 15:22:38.917000,407.3796272398077,9
2024-09-17 15:22:38.983000,407.5282130110986,7
2024-09-17 15:22:38.995000,407.47525700517326,11
2024-09-17 15:22:39.068000,407.57052897372,101
2024-09-17 15:22:39.141000,407.6070826918591,13
2024-09-17 15:22:39.247000,407.58330042294574,1002
2024-09-17 15:22:39.287000,407.6237759322528,104
2024-09-17 15:22:39.308000,407.5670447408643,14
2024-09-17 15:22:39.360000,407.5808540611703,997
2024-09-17 15:22:39.402000,407.62031715977696,10
2024-09-17 15:22:39.518000,407.5330703462984,99
2024-09-17 15:22:39.533000,407.5959697565213,101
2024-09-17 15:22:39.626000,407.549125965009,14
2024-09-17 15:22:39.659000,407.5360309452721,14
2024-09-17 15:22:39.702000,407.5797821301614,96
2024-09-17 15:22:39.751000,407.5991266579464,103
2024-09-17 15:22:39.759000,407.5966056761832,14
2024-09-17 15:22:39.902000,407.58897771613726,9
2024-09-17 15:22:39.907000,407.5847205657279,10
2024-09-17 15:22:40.062000,407.5912123834073,1003
2024-09-17 15:22:40.184000,407.6035516648144,996
2024-09-17 15:22:40.436000,407.599615002004,8
2024-09-17 15:22:40.444000,407.5877612221872,8
2024-09-17 15:22:40.530000,407.6002572922114,104
2024-09-17 15:22:40.609000,407.57947585536033,1001
2024-09-17 15:22:40.751000,407.5806085375589,1001
2024-09-17 15:22:40.902000,407.58579749330136,995
2024-09-17 15:22:40.915000,407.592427313789,1001
2024-09-17 15:22:41.025000,407.5708014884119,15
2024-09-17 15:22:41.029000,407.5547951439517,997
2024-09-17 15:22:41.045000,407.561421594634,101
2024-09-17 15:22:41.091000,407.5995246819204,1000
2024-09-17 15:22:41.110000,407.56209958551847,997
2024-09-17 15:22:41.110000,407.5613987345006,100
2024-09-17 15:22:41.234000,407.5737475824892,1001
2024-09-17 15:22:41.271000,407.5608631794592,1005
2024-09-17 15:22:41.286000,407.5617660928997,13
2024-09-17 15:22:41.341000,407.5352230305066,100
2024-09-17 15:22:41.385000,407.5514970709305,96
2024-09-17 15:22:41.389000,407.5328991044588,101
2024-09-17 15:22:41.461000,407.52952712381153,6
2024-09-17 15:22:41.477000,407.5763873221047,1002
2024-09-17 15:22:41.498000,407.5731348189885,8
2024-09-17 15:22:41.554000,407.5741775807229,998
2024-09-17 15:22:41.628000,407.5528219896896,104
2024-09-17 15:22:41.645000,407.5680015423616,7
2024-09-17 15:22:41.748000,407.5426617569021,105
2024-09-17 15:22:41.851000,407.59668312634665,12
2024-09-17 15:22:41.873000,407.55410286301526,105
2024-09-17 15:22:41.881000,407.5868837495527,999
2024-09-17 15:22:41.939000,407.5714554118918,102
2024-09-17 15:22:42.291000,407.5537005410512,999
2024-09-17 15:22:42.456000,414.6073399189568,1002
2024-09-17 15:22:43.010000,407.5567126007746,11
2024-09-17 15:22:43.045000,407.5533078590343,9
2024-09-17 15:22:43.057000,407.54645592220834,998
2024-09-17 15:22:43.086000,407.5451446981268,100
2024-09-17 15:22:43.119000,407.5391278571451,999
2024-09-17 15:22:43.131000,407.5490489380273,102
2024-09-17 15:22:43.153000,407.5305076202635,12
2024-09-17 15:22:43.215000,407.53965083848107,1001
2024-09-17 15:22:43.336000,407.55347168558967,995
2024-09-17 15:22:43.338000,407.5603239149423,99
2024-09-17 15:22:43.356000,407.5405738429246,105
2024-09-17 15:22:43.390000,407.55652873328495,13
2024-09-17 15:22:43.393000,407.5768023398822,1000
2024-09-17 15:22:43.507000,407.5571985642594,10
2024-09-17 15:22:43.544000,407.5489439531998,995
2024-09-17 15:22:43.719000,407.581092565509,98
2024-09-17 15:22:43.760000,407.57341794062233,105
2024-09-17 15:22:43.769000,407.55570182654645,996
2024-09-17 15:22:43.776000,407.5598190675425,98
2024-09-17 15:22:43.807000,407.5652318704604,12
2024-09-17 15:22:43.817000,407.5216541576421,1001
2024-09-17 15:22:43.836000,407.5598756171045,996
2024-09-17 15:22:43.855000,407.5263930668848,1000
2024-09-17 15:22:43.869000,407.5480859509496,99
2024-09-17 15:22:43.872000,407.5375532645761,5
2024-09-17 15:22:43.875000,407.5544756384554,1003
2024-09-17 15:22:43.986000,407.5371078041284,98
2024-09-17 15:22:44.133000,407.565369555076,104
2024-09-17 15:22:44.215000,407.5368081867915,105
2024-09-17 15:22:44.340000,407.5442285178101,98
2024-09-17 15:22:44.398000,407.54399088859793,102
2024-09-17 15:22:44.546000,407.5467281506984,1000
2024-09-17 15:22:44.583000,407.5477726042784,105
2024-09-17 15:22:44.590000,407.5565610887018,997
2024-09-17 15:22:44.643000,407.54922724420845,96
2024-09-17 15:22:44.649000,407.55529171736606,8
2024-09-17 15:22:44.933000,407.5559585696244,14
2024-09-17 15:22:44.933000,407.5363484935267,10
2024-09-17 15:22:45.042000,407.610861572879,15
2024-09-17 15:22:45.056000,407.5827550267898,10
2024-09-17 15:22:45.164000,407.62454227514655,102
2024-09-17 15:22:45.253000,407.54720898413433,997
2024-09-17 15:22:45.259000,407.54018742387626,998
2024-09-17 15:22:45.260000,407.6160172829778,998
2024-09-17 15:22:45.378000,407.5433206597932,998
2024-09-17 15:22:45.445000,407.6314772742779,9
2024-09-17 15:22:45.481000,407.5490876000213,96
2024-09-17 15:22:45.525000,407.5354678440456,1003
2024-09-17 15:22:45.533000,407.60309650063465,996
2024-09-17 15:22:45.550000,407.6080200304157,104
2024-09-17 15:22:45.705000,407.6171070656184,1001
2024-09-17 15:22:45.732000,407.5811792765464,9
2024-09-17 15:22:45.804000,407.54498492140056,99
2024-09-17 15:22:45.811000,407.62704048022965,9
2024-09-17 15:22:45.914000,407.5655273178868,10
2024-09-17 15:22:45.937000,407.56424371912607,104
2024-09-17 15:22:46.415000,407.65354871996783,997
2024-09-17 15:22:46.490000,407.642665104895,15
2024-09-17 15:22:46.631000,407.63918204930496,995
2024-09-17 15:22:46.648000,407.6711639243562,1005
2024-09-17 15:22:47.036000,407.6070579828166,6
2024-09-17 15:22:47.159000,407.5638529220465,1004
2024-09-17 15:22:47.168000,407.58600056061664,96
2024-09-17 15:22:47.171000,407.5812234563581,14
2024-09-17 15:22:47.256000,407.6071374826064,7
2024-09-17 15:22:47.281000,407.6105080538261,1003
2024-09-17 15:22:47.316000,407.62773883358005,97
2024-09-17 15:22:47.421000,407.62306795007015,105
2024-09-17 15:22:47.439000,407.61124978851257,5
2024-09-17 15:22:47.441000,407.57041649364174,999
2024-09-17 15:22:47.767000,407.5797281164903,103
2024-09-17 15:22:47.807000,407.6360653894977,102
2024-09-17 15:22:47.861000,407.63464388289134,995
2024-09-17 15:22:47.864000,407.63113039065104,998
2024-09-17 15:22:47.874000,407.5740042696274,101
2024-09-17 15:22:48.114000,414.6055818645165,9
2024-09-17 15:22:48.154000,407.5982269154255,97
2024-09-17 15:22:48.221000,407.5877928387508,103
2024-09-17 15:22:48.292000,407.592632522985,97
2024-09-17 15:22:48.429000,407.6147800434397,6
2024-09-17 15:22:48.452000,407.6185109258647,97
2024-09-17 15:22:48.520000,407.58110908555614,99
2024-09-17 15:22:48.612000,407.5863408537376,97
2024-09-17 15:22:48.814000,407.6113133561397,96
2024-09-17 15:22:48.903000,407.6062963373439,15
2024-09-17 15:22:49.095000,407.6001964208757,100
2024-09-17 15:22:49.298000,407.60152308840713,7
2024-09-17 15:22:49.378000,407.6436085906182,5
2024-09-17 15:22:49.473000,407.60424313343526,95
2024-09-17 15:22:49.500000,407.65469864294295,104
2024-09-17 15:22:49.548000,407.6119543688576,996
2024-09-17 15:22:49.661000,407.6037874216506,97
2024-09-17 15:22:49.722000,407.5944249568152,101
2024-09-17 15:22:49.834000,407.62832342126825,100
2024-09-17 15:22:49.859000,407.65194856577017,104
2024-09-17 15:22:49.926000,407.59124727638863,998
2024-09-17 15:22:50.011000,407.6178383346363,9
2024-09-17 15:22:50.011000,407.6320346929212,1005
2024-09-17 15:22:50.044000,407.5952811035743,995
2024-09-17 15:22:50.076000,407.64427799459344,101
2024-09-17 15:22:50.246000,407.6188023326101,995
2024-09-17 15:22:50.282000,407.6222730507613,8
2024-09-17 15:22:50.304000,407.66364777314016,9
2024-09-17 15:22:50.339000,407.65003062130114,13
2024-09-17 15:22:50.368000,407.60866194400944,997
2024-09-17 15:22:50.373000,407.6129656932914,104
2024-09-17 15:22:50.398000,407.63276998506257,14
2024-09-17 15:22:50.438000,407.6208228418158,97
2024-09-17 15:22:50.487000,407.632121550511,1005
2024-09-17 15:22:50.515000,407.6186154315927,9
2024-09-17 15:22:50.524000,407.62195718794135,1001
2024-09-17 15:22:50.540000,407.59979781479774,997
2024-09-17 15:22:50.853000,407.6291569177026,1002
2024-09-17 15:22:50.955000,407.6403921967645,996
2024-09-17 15:22:51.060000,407.5894456564848,103
2024-09-17 15:22:51.083000,407.58722254988106,1002
2024-09-17 15:22:51.141000,407.52426216143897,1000
2024-09-17 15:22:51.157000,407.5809637494376,995
2024-09-17 15:22:51.244000,407.540548829167,15
2024-09-17 15:22:51.291000,407.5670213203736,9
2024-09-17 15:22:51.338000,407.6154990992751,95
2024-09-17 15:22:51.362000,407.6270689354058,8
2024-09-17 15:22:51.466000,407.51583715071087,995
2024-09-17 15:22:51.582000,407.5795573640695,100
2024-09-17 15:22:51.708000,407.6052992109723,102
2024-09-17 15:22:51.731000,407.591740958775,12
2024-09-17 15:22:52.054000,407.5186601513554,8
2024-09-17 15:22:52.081000,407.5045032842948,96
2024-09-17 15:22:52.086000,407.5139642715336,996
2024-09-17 15:22:52.093000,407.5119138432181,7
2024-09-17 15:22:52.099000,407.5228979138509,5
2024-09-17 15:22:52.128000,407.5021782726109,10
2024-09-17 15:22:52.168000,407.5068415573167,105
2024-09-17 15:22:52.198000,407.524267667772,95
2024-09-17 15:22:52.200000,407.509650864457,96
2024-09-17 15:22:52.218000,407.5388842324942,13
2024-09-17 15:22:52.310000,407.5083729935664,95
2024-09-17 15:22:52.426000,407.5263593923451,95
2024-09-17 15:22:52.431000,407.51267507421534,1005
2024-09-17 15:22:52.438000,407.51167460649566,13
2024-09-17 15:22:52.471000,407.5328986477527,6
2024-09-17 15:22:52.621000,407.5170659825768,15
2024-09-17 15:22:52.681000,407.5494113368469,995
2024-09-17 15:22:52.701000,407.5268790284554,99
2024-09-17 15:22:52.740000,407.5108681849999,1000
2024-09-17 15:22:52.827000,414.7215604770325,997
2024-09-17 15:22:52.831000,407.5021810129917,1005
2024-09-17 15:22:53.003000,407.486852399599,13
2024-09-17 15:22:53.007000,407.512238604374,998
2024-09-17 15:22:53.038000,407.5098471113597,997
2024-09-17 15:22:53.101000,407.48815765806296,999
2024-09-17 15:22:53.128000,407.51289084438207,97
2024-09-17 15:22:53.182000,407.49096264283776,1000
2024-09-17 15:22:53.262000,407.4806489938846,999
2024-09-17 15:22:53.385000,407.5089345743786,7
2024-09-17 15:22:53.525000,407.4970126383402,1003
2024-09-17 15:22:53.615000,407.4981837679259,102
2024-09-17 15:22:53.638000,407.477317429398,5
2024-09-17 15:22:53.669000,407.4913156086159,1003
2024-09-17 15:22:53.702000,407.5122755517344,96
2024-09-17 15:22:53.716000,407.51810529125896,103
2024-09-17 15:22:54.054000,407.5180476194441,12
2024-09-17 15:22:54.087000,407.5373263481712,10
2024-09-17 15:22:54.138000,407.46867820774577,9
2024-09-17 15:22:54.142000,407.5031208683225,11
2024-09-17 15:22:54.156000,407.48109371165634,100
2024-09-17 15:22:54.164000,407.4790111172399,101
2024-09-17 15:22:54.176000,407.5495957767569,14
2024-09-17 15:22:54.185000,407.544783170566,995
2024-09-17 15:22:54.187000,407.4737905627773,997
2024-09-17 15:22:54.194000,407.5102086814081,6
2024-09-17 15:22:54.281000,407.4787425571562,995
2024-09-17 15:22:54.450000,407.4728679176173,7
2024-09-17 15:22:54.455000,407.5315515660042,103
2024-09-17 15:22:54.496000,407.51274203060046,104
2024-09-17 15:22:54.646000,407.4805083839023,10
2024-09-17 15:22:54.701000,407.473447064994,996
2024-09-17 15:22:54.761000,407.4902698390604,1004
2024-09-17 15:22:54.823000,407.4994197856575,1002
2024-09-17 15:22:54.857000,407.46767500748194,995
2024-09-17 15:22:54.899000,407.4796140787364,995
2024-09-17 15:22:54.925000,407.5333938845819,100
2024-09-17 15:22:55.029000,407.37126193543406,104
2024-09-17 15:22:55.045000,407.4098186418621,6
2024-09-17 15:22:55.106000,407.40684630613487,1000
2024-09-17 15:22:55.144000,407.4308114445771,1000
2024-09-17 15:22:55.194000,407.43194730918367,97
2024-09-17 15:22:55.252000,407.39277274076585,105
2024-09-17 15:22:55.336000,407.43481569804834,1003
2024-09-17 15:22:55.386000,407.38333692010895,100
2024-09-17 15:22:55.399000,407.3991221714515,5
2024-09-17 15:22:55.427000,407.3573987594356,105
2024-09-17 15:22:55.458000,407.3664041769332,1000
2024-09-17 15:22:55.462000,407.4126121650756,96
2024-09-17 15:22:55.467000,407.4387474080608,997
2024-09-17 15:22:55.505000,407.40649654958406,103
2024-09-17 15:22:55.516000,407.4104242525672,8
2024-09-17 15:22:55.623000,407.4095916688146,104
2024-09-17 15:22:55.692000,407.4270426622091,101
2024-09-17 15:22:55.754000,407.4285964946893,12
2024-09-17 15:22:55.791000,407.41538374714224,15
2024-09-17 15:22:55.934000,407.4557441257864,96
2024-09-17 15:22:56.022000,407.3525119733223,998
2024-09-17 15:22:56.026000,407.31002838747,11
2024-09-17 15:22:56.028000,407.3578464917322,101
2024-09-17 15:22:56.158000,407.33763355133897,102
2024-09-17 15:22:56.163000,407.367988738993,6
2024-09-17 15:22:56.164000,407.3463614763052,96
2024-09-17 15:22:56.207000,407.3189960814332,100
2024-09-17 15:22:56.322000,407.3431110926645,1005
2024-09-17 15:22:56.336000,407.3411650446323,999
2024-09-17 15:22:56.344000,407.3226704486804,100
2024-09-17 15:22:56.359000,407.36095438519067,1000
2024-09-17 15:22:56.440000,407.3636172397729,9
2024-09-17 15:22:56.495000,407.3445177631408,1002
2024-09-17 15:22:56.520000,407.3597213029778,15
2024-09-17 15:22:56.600000,407.3311598180984,10
2024-09-17 15:22:56.611000,407.3634023968579,99
2024-09-17 15:22:56.622000,407.3543131846415,97
2024-09-17 15:22:56.651000,407.3659304480231,11
2024-09-17 15:22:56.690000,407.35931919754216,14
2024-09-17 15:22:56.709000,407.3576828616632,14
2024-09-17 15:22:56.781000,407.3566743740487,7
2024-09-17 15:22:56.808000,407.3597039390334,103
2024-09-17 15:22:56.862000,407.3072926060729,96
2024-09-17 15:22:56.971000,407.3145160165072,15
2024-09-17 15:22:58.006000,407.33455033865386,9
2024-09-17 15:22:58.040000,407.3286598212495,999
2024-09-17 15:22:58.059000,407.34572956606274,1001
2024-09-17 15:22:58.252000,407.3099971449224,101
2024-09-17 15:22:58.295000,407.3449659556,7
2024-09-17 15:22:58.325000,407.3245623606634,13
2024-09-17 15:22:58.386000,407.3121260895109,103
2024-09-17 15:22:58.502000,407.3273943675185,8
2024-09-17 15:22:58.631000,407.3373200892118,104
2024-09-17 15:22:58.638000,407.33424074764105,998
2024-09-17 15:22:58.652000,407.3164481954804,101
2024-09-17 15:22:58.666000,407.32950819675415,998
2024-09-17 15:22:58.733000,407.3210917986175,98
2024-09-17 15:22:58.744000,407.3189967313104,1002
2024-09-17 15:22:58.762000,407.3417127786087,6
2024-09-17 15:22:58.881000,407.3404132049997,13
2024-09-17 15:22:58.919000,407.3133367129406,11
2024-09-17 15:22:58.935000,407.3474395148916,1005
2024-09-17 15:22:58.948000,407.32631389582485,998
2024-09-17 15:22:58.999000,407.3281934787148,996
2024-09-17 15:22:58.999000,407.30384955039966,100
2024-09-17 15:22:59.160000,407.2867850885159,9
2024-09-17 15:22:59.411000,407.2994670300314,996
2024-09-17 15:22:59.525000,407.2908361675447,998
2024-09-17 15:22:59.567000,407.2954374465224,11
2024-09-17 15:22:59.904000,407.3176403280716,1001
2024-09-17 15:22:59.910000,407.303577250636,996
2024-09-17 15:22:59.969000,407.2997644826128,103
2024-09-17 15:22:59.982000,407.3143431224073,95
