Timestamp,Price,Size
2024-09-18 12:22:00.007000,416.3374156217365,1004
2024-09-18 12:22:00.067000,416.3691558081582,98
2024-09-18 12:22:00.129000,416.3194079823252,100
2024-09-18 12:22:00.139000,416.3598666882647,6
2024-09-18 12:22:00.164000,416.3261336015549,1005
2024-09-18 12:22:00.238000,416.34705623305456,104
2024-09-18 12:22:00.290000,416.34440807754606,1000
2024-09-18 12:22:00.311000,416.3271030629994,95
2024-09-18 12:22:00.327000,416.3491939581911,6
2024-09-18 12:22:00.329000,416.3472084375597,98
2024-09-18 12:22:00.330000,416.3446273653942,1003
2024-09-18 12:22:00.481000,416.3278838883812,102
2024-09-18 12:22:00.496000,416.3593798649152,1004
2024-09-18 12:22:00.499000,416.374710688797,10
2024-09-18 12:22:00.569000,416.3732348463617,104
2024-09-18 12:22:00.570000,416.3652547686201,1005
2024-09-18 12:22:00.615000,416.3546308009114,102
2024-09-18 12:22:00.618000,416.3408290061071,996
2024-09-18 12:22:00.649000,416.3679020996523,1003
2024-09-18 12:22:00.692000,416.3069940488048,12
2024-09-18 12:22:00.724000,416.3517633387302,11
2024-09-18 12:22:00.740000,416.3593998755465,8
2024-09-18 12:22:00.887000,416.36166939824847,1003
2024-09-18 12:22:00.940000,416.3608558668938,99
2024-09-18 12:22:00.989000,416.3598550832402,100
2024-09-18 12:22:01.045000,416.3900581823881,105
2024-09-18 12:22:01.251000,416.42065628078,8
2024-09-18 12:22:01.333000,416.4386208280721,1002
2024-09-18 12:22:01.390000,416.4221701327334,15
2024-09-18 12:22:01.416000,416.3867611857525,100
2024-09-18 12:22:01.490000,416.407382277392,10
2024-09-18 12:22:01.506000,416.4174139334665,1003
2024-09-18 12:22:01.930000,416.3823616619108,105
2024-09-18 12:22:02.008000,416.390249279344,101
2024-09-18 12:22:02.099000,416.4242634885592,1000
2024-09-18 12:22:02.158000,416.41861424519067,11
2024-09-18 12:22:02.320000,416.4277301952888,7
2024-09-18 12:22:02.462000,416.4173357046552,105
2024-09-18 12:22:02.512000,416.4286442601916,104
2024-09-18 12:22:02.521000,416.4093132454564,14
2024-09-18 12:22:02.537000,416.4172712923972,105
2024-09-18 12:22:02.630000,416.40411571195625,98
2024-09-18 12:22:02.725000,416.43382223040805,100
2024-09-18 12:22:02.760000,416.4008649193648,97
2024-09-18 12:22:02.789000,416.4331952419692,6
2024-09-18 12:22:02.792000,416.396116343222,98
2024-09-18 12:22:02.804000,416.42905079939953,13
2024-09-18 12:22:02.956000,416.42436260059947,7
2024-09-18 12:22:03.056000,416.3930310410267,13
2024-09-18 12:22:03.200000,416.344534709267,95
2024-09-18 12:22:03.215000,416.39030896404864,999
2024-09-18 12:22:03.337000,416.3590944695301,95
2024-09-18 12:22:03.361000,416.38034388325167,9
2024-09-18 12:22:03.362000,416.3650707317012,99
2024-09-18 12:22:03.369000,416.4050693794776,14
2024-09-18 12:22:03.425000,416.3669816167927,1000
2024-09-18 12:22:03.526000,416.3730965069252,104
2024-09-18 12:22:03.531000,416.3700372664279,995
2024-09-18 12:22:03.549000,416.3738547101872,1003
2024-09-18 12:22:03.613000,416.3757718277016,13
2024-09-18 12:22:03.662000,416.3742688750152,9
2024-09-18 12:22:03.694000,416.42683710871273,995
2024-09-18 12:22:03.745000,416.3923357368403,1005
2024-09-18 12:22:03.770000,416.3683325551871,105
2024-09-18 12:22:03.807000,416.40543727222206,998
2024-09-18 12:22:03.831000,416.3878910067888,12
2024-09-18 12:22:03.868000,416.3971982564261,8
2024-09-18 12:22:03.891000,416.3601863876937,103
2024-09-18 12:22:03.943000,416.366569074802,103
2024-09-18 12:22:03.989000,416.3889762629792,6
2024-09-18 12:22:03.993000,416.39314225425375,1003
2024-09-18 12:22:04.023000,416.33898477007136,7
2024-09-18 12:22:04.284000,416.36120641449327,99
2024-09-18 12:22:04.333000,416.3587231712681,997
2024-09-18 12:22:04.420000,416.3359373312255,998
2024-09-18 12:22:04.449000,416.3425679896084,7
2024-09-18 12:22:04.502000,416.3512923154498,102
2024-09-18 12:22:04.579000,416.3472963213919,6
2024-09-18 12:22:04.591000,416.3414736623383,8
2024-09-18 12:22:04.621000,416.3640820228725,10
2024-09-18 12:22:04.631000,416.362821656409,13
2024-09-18 12:22:04.636000,416.336099676444,996
2024-09-18 12:22:04.720000,416.37316890176993,6
2024-09-18 12:22:04.738000,416.3400727139317,1003
2024-09-18 12:22:04.928000,416.3508473093127,102
2024-09-18 12:22:04.942000,416.3723858706633,998
2024-09-18 12:22:04.995000,416.3348398169634,98
2024-09-18 12:22:06.058000,416.3581252541889,996
2024-09-18 12:22:06.146000,416.2688139520901,6
2024-09-18 12:22:06.244000,416.2940432865641,104
2024-09-18 12:22:06.288000,416.2334769810228,104
2024-09-18 12:22:06.297000,416.2650849518726,14
2024-09-18 12:22:06.308000,416.3590326736778,13
2024-09-18 12:22:06.410000,416.3014562558273,7
2024-09-18 12:22:06.413000,416.33423639086857,15
2024-09-18 12:22:06.414000,416.2733631815077,103
2024-09-18 12:22:06.434000,416.32295357285705,95
2024-09-18 12:22:06.487000,416.3134382196466,5
2024-09-18 12:22:06.497000,416.30450693478855,9
2024-09-18 12:22:06.550000,416.3161802700648,104
2024-09-18 12:22:06.577000,416.3176092654408,1004
2024-09-18 12:22:06.596000,416.354510922025,13
2024-09-18 12:22:06.664000,416.25103319917,103
2024-09-18 12:22:06.666000,416.31882547379,102
2024-09-18 12:22:06.685000,416.259165372772,5
2024-09-18 12:22:06.743000,416.2866087798184,10
2024-09-18 12:22:06.864000,416.2973825182157,11
2024-09-18 12:22:06.966000,416.2438007199944,104
2024-09-18 12:22:06.977000,416.3189633630341,1001
2024-09-18 12:22:06.988000,416.3522576009439,102
2024-09-18 12:22:07.473000,416.2263275281866,10
2024-09-18 12:22:08.078000,416.2585170001043,99
2024-09-18 12:22:08.164000,416.2481508550241,995
2024-09-18 12:22:08.180000,416.257187853631,102
2024-09-18 12:22:08.184000,416.27716380902825,1004
2024-09-18 12:22:08.213000,416.2794179916257,100
2024-09-18 12:22:08.237000,416.28059128611983,95
2024-09-18 12:22:08.332000,416.23028542544375,995
2024-09-18 12:22:08.428000,416.235921033981,6
2024-09-18 12:22:08.502000,416.2351397358972,998
2024-09-18 12:22:08.517000,416.2333268017852,999
2024-09-18 12:22:08.548000,416.2749884297578,15
2024-09-18 12:22:08.588000,416.24717388317066,97
2024-09-18 12:22:08.670000,416.2367052758739,1004
2024-09-18 12:22:08.778000,416.2564103289021,12
2024-09-18 12:22:08.901000,416.27522918137,105
2024-09-18 12:22:08.916000,416.2586866058605,9
2024-09-18 12:22:08.922000,416.2670282564031,105
2024-09-18 12:22:08.969000,416.26853492365177,1000
2024-09-18 12:22:08.975000,416.2286242701204,8
2024-09-18 12:22:09.057000,416.257246491117,998
2024-09-18 12:22:09.071000,416.2307184101186,996
2024-09-18 12:22:09.114000,416.2286675619473,13
2024-09-18 12:22:09.128000,416.2352034814657,996
2024-09-18 12:22:09.161000,416.2446456816638,13
2024-09-18 12:22:09.234000,416.2064759742016,8
2024-09-18 12:22:09.265000,416.2728429245926,1003
2024-09-18 12:22:09.294000,416.22488895588793,103
2024-09-18 12:22:09.348000,416.2392243812918,1005
2024-09-18 12:22:09.410000,416.2658109313686,8
2024-09-18 12:22:09.432000,416.1944173234973,11
2024-09-18 12:22:09.531000,416.2578089622939,15
2024-09-18 12:22:09.568000,416.2205634052266,998
2024-09-18 12:22:09.585000,416.231847401225,6
2024-09-18 12:22:09.613000,416.207120808878,995
2024-09-18 12:22:09.618000,416.240483592032,6
2024-09-18 12:22:09.634000,416.2549190075724,1003
2024-09-18 12:22:09.645000,416.248352940952,96
2024-09-18 12:22:09.651000,416.2577611121187,101
2024-09-18 12:22:09.700000,416.20726201482194,11
2024-09-18 12:22:09.777000,416.257827447984,1004
2024-09-18 12:22:09.790000,416.24310717714826,9
2024-09-18 12:22:09.863000,416.2396880191943,95
2024-09-18 12:22:09.912000,416.2307550253694,1000
2024-09-18 12:22:09.918000,416.1865865625233,102
2024-09-18 12:22:09.920000,416.2757801748327,102
2024-09-18 12:22:10.615000,416.2507455406546,96
2024-09-18 12:22:10.784000,416.25190452387073,8
2024-09-18 12:22:10.847000,416.23793877427175,96
2024-09-18 12:22:11.047000,416.23507952026296,98
2024-09-18 12:22:12.138000,416.2395285082201,10
2024-09-18 12:22:12.662000,416.2133607465991,6
2024-09-18 12:22:12.994000,416.2135725345128,103
2024-09-18 12:22:13.031000,416.2574657349236,12
2024-09-18 12:22:13.048000,416.2038331770471,995
2024-09-18 12:22:13.085000,416.270482152708,10
2024-09-18 12:22:13.191000,416.19567823987046,1003
2024-09-18 12:22:13.196000,416.2016939978493,13
2024-09-18 12:22:13.334000,416.2246295583773,998
2024-09-18 12:22:13.419000,416.2507928660288,102
2024-09-18 12:22:13.459000,416.2211805254455,5
2024-09-18 12:22:13.605000,416.2010685247564,99
2024-09-18 12:22:13.641000,416.26691307429576,12
2024-09-18 12:22:13.642000,416.2528495924069,14
2024-09-18 12:22:13.647000,416.20133922056993,1004
2024-09-18 12:22:13.647000,416.21870809317767,996
2024-09-18 12:22:13.727000,416.2318478918445,10
2024-09-18 12:22:13.761000,416.2113732606581,5
2024-09-18 12:22:13.786000,416.2455661706655,99
2024-09-18 12:22:13.790000,416.2360675202427,99
2024-09-18 12:22:13.796000,416.2030083763264,15
2024-09-18 12:22:13.834000,416.2404411972069,102
2024-09-18 12:22:13.894000,416.2580497914166,96
2024-09-18 12:22:13.980000,416.2262683340891,1004
2024-09-18 12:22:14.153000,416.1911700336159,7
2024-09-18 12:22:14.168000,416.1733212387584,103
2024-09-18 12:22:14.302000,416.1820748269332,101
2024-09-18 12:22:14.592000,416.1806020187041,96
2024-09-18 12:22:14.738000,416.16930148926576,8
2024-09-18 12:22:15.026000,416.212378423239,1000
2024-09-18 12:22:15.086000,416.1796709748225,998
2024-09-18 12:22:15.101000,416.22103214504494,5
2024-09-18 12:22:15.124000,416.228254925783,10
2024-09-18 12:22:15.166000,416.2155789502369,7
2024-09-18 12:22:15.166000,416.2168595455569,15
2024-09-18 12:22:15.172000,416.160364148373,97
2024-09-18 12:22:15.187000,416.14896241868735,15
2024-09-18 12:22:15.291000,416.16569946261154,7
2024-09-18 12:22:15.344000,416.17491916129615,96
2024-09-18 12:22:15.398000,416.21883515374645,1005
2024-09-18 12:22:15.409000,416.186958464728,1002
2024-09-18 12:22:15.414000,416.211439415424,13
2024-09-18 12:22:15.503000,416.2043988058914,104
2024-09-18 12:22:15.521000,416.164925501262,998
2024-09-18 12:22:15.670000,416.2185826292286,998
2024-09-18 12:22:15.673000,416.2284203723142,6
2024-09-18 12:22:15.691000,416.2031130963121,1001
2024-09-18 12:22:15.741000,416.197270329231,6
2024-09-18 12:22:15.817000,416.2252312943444,6
2024-09-18 12:22:15.818000,416.1656826115776,9
2024-09-18 12:22:15.877000,416.1622343018789,96
2024-09-18 12:22:15.928000,416.1517773428661,1003
2024-09-18 12:22:16.073000,416.1539143955114,5
2024-09-18 12:22:16.089000,416.19191571102,10
2024-09-18 12:22:16.153000,416.1590946670227,6
2024-09-18 12:22:16.156000,416.18756489231487,12
2024-09-18 12:22:16.180000,416.1800871955266,11
2024-09-18 12:22:16.251000,416.1688241464077,98
2024-09-18 12:22:16.399000,416.18149808466273,1005
2024-09-18 12:22:16.419000,416.1491588859051,995
2024-09-18 12:22:16.454000,416.1681862531762,1004
2024-09-18 12:22:16.493000,416.1804491005031,99
2024-09-18 12:22:16.663000,416.18120555867097,97
2024-09-18 12:22:16.707000,416.2025277507672,105
2024-09-18 12:22:16.770000,416.2059034424448,995
2024-09-18 12:22:16.790000,416.16949721830673,99
2024-09-18 12:22:16.831000,416.1564418483404,996
2024-09-18 12:22:16.856000,416.15473213395234,8
2024-09-18 12:22:16.918000,416.1551671795714,5
2024-09-18 12:22:16.954000,416.1491869978262,1005
2024-09-18 12:22:16.966000,416.1646694985106,96
2024-09-18 12:22:16.977000,416.1857858249252,14
2024-09-18 12:22:16.979000,416.1567549143886,1004
2024-09-18 12:22:17.472000,416.18258290304976,1005
2024-09-18 12:22:17.690000,416.1772895309121,9
2024-09-18 12:22:17.775000,416.1853850418557,9
2024-09-18 12:22:18.033000,416.1867599734246,9
2024-09-18 12:22:18.054000,416.16359603475576,100
2024-09-18 12:22:18.126000,416.19195841500056,103
2024-09-18 12:22:18.205000,416.1807839923607,104
2024-09-18 12:22:18.233000,416.18415272591005,99
2024-09-18 12:22:18.253000,416.18740144157937,102
2024-09-18 12:22:18.271000,416.1927973945354,14
2024-09-18 12:22:18.307000,416.18212602468407,1004
2024-09-18 12:22:18.374000,416.16964913598594,12
2024-09-18 12:22:18.598000,416.177641171108,1001
2024-09-18 12:22:18.658000,416.2108988957247,105
2024-09-18 12:22:18.711000,416.1989968964098,95
2024-09-18 12:22:18.775000,416.1675477556697,11
2024-09-18 12:22:18.837000,416.2115036633956,1001
2024-09-18 12:22:18.887000,416.17781833821175,6
2024-09-18 12:22:18.978000,416.187374312102,104
2024-09-18 12:22:19.215000,416.17305794518927,13
2024-09-18 12:22:19.410000,416.1475492985591,14
2024-09-18 12:22:19.619000,416.16791728292,1004
2024-09-18 12:22:19.909000,416.13430301938257,102
2024-09-18 12:22:20.361000,416.1408312112262,15
2024-09-18 12:22:20.455000,416.1487772356938,997
2024-09-18 12:22:20.568000,416.1380980408356,9
2024-09-18 12:22:20.569000,416.1371182176528,6
2024-09-18 12:22:20.579000,416.1460648311647,98
2024-09-18 12:22:20.625000,416.1395068902784,5
2024-09-18 12:22:20.944000,416.1521935950542,8
2024-09-18 12:22:20.951000,416.1571556815576,95
2024-09-18 12:22:20.960000,416.1447902465791,7
2024-09-18 12:22:20.985000,416.1242225419728,998
2024-09-18 12:22:21.042000,416.1445052257409,102
2024-09-18 12:22:21.064000,416.1670875673358,995
2024-09-18 12:22:21.072000,416.1832940496681,997
2024-09-18 12:22:21.134000,416.1761746868244,100
2024-09-18 12:22:21.164000,416.1689811476168,9
2024-09-18 12:22:21.241000,416.16235326702144,5
2024-09-18 12:22:21.375000,416.1611084258087,102
2024-09-18 12:22:21.399000,416.1395168877169,1004
2024-09-18 12:22:21.555000,416.1481743904873,100
2024-09-18 12:22:21.590000,416.1779976976469,1002
2024-09-18 12:22:21.755000,416.1421005438631,997
2024-09-18 12:22:21.804000,416.16867616402,8
2024-09-18 12:22:22.322000,416.1167615506988,1003
2024-09-18 12:22:22.721000,416.1326482468595,99
2024-09-18 12:22:23.109000,416.0859231626673,995
2024-09-18 12:22:23.113000,416.097891725356,1001
2024-09-18 12:22:23.145000,416.0860452067057,8
2024-09-18 12:22:23.192000,416.0916342680446,15
2024-09-18 12:22:23.257000,416.1077852745931,8
2024-09-18 12:22:23.293000,416.0990300133565,7
2024-09-18 12:22:23.345000,416.0931133936678,1003
2024-09-18 12:22:23.350000,416.1091110928686,9
2024-09-18 12:22:23.374000,416.1132329509468,995
2024-09-18 12:22:23.520000,416.0990841060713,103
2024-09-18 12:22:23.546000,416.0885009755328,103
2024-09-18 12:22:23.558000,416.1009421499321,9
2024-09-18 12:22:23.581000,416.1076908598926,13
2024-09-18 12:22:23.605000,416.107147264347,9
2024-09-18 12:22:23.690000,416.0925292472747,95
2024-09-18 12:22:23.964000,416.07484782409387,98
2024-09-18 12:22:23.984000,416.0793646386342,102
2024-09-18 12:22:23.992000,416.0877580463338,100
2024-09-18 12:22:24.017000,416.0671786823476,1002
2024-09-18 12:22:24.021000,416.043118765704,14
2024-09-18 12:22:24.034000,416.0481386306724,96
2024-09-18 12:22:24.077000,416.04407003343147,1002
2024-09-18 12:22:24.228000,416.0867891057197,103
2024-09-18 12:22:24.237000,416.0911609591262,10
2024-09-18 12:22:24.254000,416.0656769748113,7
2024-09-18 12:22:24.332000,416.09787713910345,996
2024-09-18 12:22:24.369000,416.09932252239406,7
2024-09-18 12:22:24.478000,416.0479161527808,100
2024-09-18 12:22:24.536000,416.0703048424983,1002
2024-09-18 12:22:24.578000,416.0561287544365,1003
2024-09-18 12:22:24.583000,416.0673715967891,103
2024-09-18 12:22:24.597000,416.0603500557918,11
2024-09-18 12:22:24.620000,416.0638827878015,1001
2024-09-18 12:22:24.628000,416.1064789358404,995
2024-09-18 12:22:24.643000,416.0566232517774,12
2024-09-18 12:22:24.834000,416.0901347198582,1005
2024-09-18 12:22:24.841000,416.04541611222953,8
2024-09-18 12:22:25.024000,416.0902561358218,98
2024-09-18 12:22:25.362000,416.03826225821217,995
2024-09-18 12:22:25.421000,416.0724525549048,97
2024-09-18 12:22:25.510000,416.07289667725627,996
2024-09-18 12:22:25.531000,416.0220448054911,11
2024-09-18 12:22:25.645000,416.0676248942123,100
2024-09-18 12:22:25.840000,416.0510144004182,7
2024-09-18 12:22:25.931000,416.05984939447353,1000
2024-09-18 12:22:25.932000,416.0694154517452,1002
2024-09-18 12:22:25.991000,416.0724664383625,995
2024-09-18 12:22:26.079000,416.0565030991073,1003
2024-09-18 12:22:26.186000,416.0501990680808,1005
2024-09-18 12:22:26.210000,416.0657782670599,1001
2024-09-18 12:22:26.219000,416.0629260117448,95
2024-09-18 12:22:26.306000,416.08225097873935,1003
2024-09-18 12:22:26.375000,416.0516906100408,14
2024-09-18 12:22:26.613000,416.066383861961,997
2024-09-18 12:22:26.700000,416.0763018847016,101
2024-09-18 12:22:26.767000,416.0683329230624,96
2024-09-18 12:22:26.789000,416.0553969495292,7
2024-09-18 12:22:27.057000,416.0070443534116,103
2024-09-18 12:22:27.081000,415.9215907650439,996
2024-09-18 12:22:27.141000,416.0085124874552,1001
2024-09-18 12:22:27.207000,415.9589515946451,99
2024-09-18 12:22:27.323000,415.9962690376826,96
2024-09-18 12:22:27.340000,416.0205860538572,12
2024-09-18 12:22:27.424000,416.0398264558808,10
2024-09-18 12:22:27.473000,416.0291515142292,999
2024-09-18 12:22:27.477000,416.03485141885335,7
2024-09-18 12:22:27.479000,415.9513346146656,7
2024-09-18 12:22:27.571000,415.9627926818815,7
2024-09-18 12:22:27.625000,415.9709391291719,1001
2024-09-18 12:22:27.649000,415.9819903042503,999
2024-09-18 12:22:27.653000,416.0425958034574,11
2024-09-18 12:22:27.664000,416.0277178529981,96
2024-09-18 12:22:27.797000,416.0109071926276,105
2024-09-18 12:22:27.810000,415.9378704657869,1004
2024-09-18 12:22:27.902000,416.0394876781393,1004
2024-09-18 12:22:28.042000,415.9527497019316,102
2024-09-18 12:22:28.066000,415.9154080250389,14
2024-09-18 12:22:28.070000,415.92209146243147,999
2024-09-18 12:22:28.099000,415.9461905690297,998
2024-09-18 12:22:28.158000,415.9283435209599,101
2024-09-18 12:22:28.164000,415.9572316792184,99
2024-09-18 12:22:28.179000,415.9602950139025,103
2024-09-18 12:22:28.181000,415.9286084778519,1005
2024-09-18 12:22:28.201000,415.94211051108334,1001
2024-09-18 12:22:28.209000,415.9442789529976,12
2024-09-18 12:22:28.325000,415.9296817006623,103
2024-09-18 12:22:28.390000,415.9347820201031,13
2024-09-18 12:22:28.500000,415.9369632416668,7
2024-09-18 12:22:28.545000,415.9377667764483,1004
2024-09-18 12:22:28.553000,415.9499697043906,11
2024-09-18 12:22:28.622000,415.9406554046664,1002
2024-09-18 12:22:28.685000,415.9420137148909,999
2024-09-18 12:22:28.691000,415.941088408915,1000
2024-09-18 12:22:28.753000,415.9123798546471,14
2024-09-18 12:22:28.786000,415.9449591183521,11
2024-09-18 12:22:28.818000,415.917318316546,996
2024-09-18 12:22:28.850000,415.9354741213072,995
2024-09-18 12:22:28.942000,415.9258725156262,11
2024-09-18 12:22:28.944000,415.943595400112,998
2024-09-18 12:22:28.956000,415.9209879677085,5
2024-09-18 12:22:29.155000,415.9330013259866,1000
2024-09-18 12:22:30.086000,415.88112655694255,98
2024-09-18 12:22:30.095000,415.8848170322549,98
2024-09-18 12:22:30.128000,415.8841807448077,1002
2024-09-18 12:22:30.175000,415.9145392520182,97
2024-09-18 12:22:30.224000,415.89442164611216,98
2024-09-18 12:22:30.242000,415.9428390081914,999
2024-09-18 12:22:30.324000,415.8742933002741,99
2024-09-18 12:22:30.418000,415.89962697797534,1003
2024-09-18 12:22:30.433000,415.9158967827168,11
2024-09-18 12:22:30.464000,415.9006068966749,1005
2024-09-18 12:22:30.503000,415.9360265071931,1004
2024-09-18 12:22:30.532000,415.888186306165,996
2024-09-18 12:22:30.539000,415.87828200104894,15
2024-09-18 12:22:30.560000,415.9220881318912,105
2024-09-18 12:22:30.577000,415.8973967298544,1001
2024-09-18 12:22:30.596000,415.9380395381543,98
2024-09-18 12:22:30.631000,415.89534840215487,95
2024-09-18 12:22:30.637000,415.9020818496066,15
2024-09-18 12:22:30.711000,415.91802871806976,1005
2024-09-18 12:22:30.926000,415.8838565758276,996
2024-09-18 12:22:31.091000,415.8783406665624,997
2024-09-18 12:22:31.107000,415.9108604471388,1000
2024-09-18 12:22:31.135000,415.896977772261,1003
2024-09-18 12:22:31.229000,415.9105198831149,6
2024-09-18 12:22:31.231000,415.8989621868192,100
2024-09-18 12:22:31.335000,415.87160246940783,1000
2024-09-18 12:22:31.497000,415.90591716929055,102
2024-09-18 12:22:31.542000,415.90005505475983,1002
2024-09-18 12:22:31.628000,415.89323093414737,1002
2024-09-18 12:22:31.753000,415.86751542303296,98
2024-09-18 12:22:31.783000,415.8766163166868,99
2024-09-18 12:22:31.783000,415.89711221936335,5
2024-09-18 12:22:31.825000,415.8857422273646,12
2024-09-18 12:22:31.932000,415.89502518615456,999
2024-09-18 12:22:32.010000,415.8999715904565,998
2024-09-18 12:22:32.225000,415.99144548660496,97
2024-09-18 12:22:32.263000,415.983073217239,1003
2024-09-18 12:22:32.270000,415.9350167315099,996
2024-09-18 12:22:32.273000,415.9250306474482,996
2024-09-18 12:22:32.308000,415.9315586831644,97
2024-09-18 12:22:32.363000,415.9316700417966,9
2024-09-18 12:22:32.367000,415.83450249234016,100
2024-09-18 12:22:32.390000,415.84809010457735,997
2024-09-18 12:22:32.438000,415.9006899693603,105
2024-09-18 12:22:32.439000,415.89340421647904,996
2024-09-18 12:22:32.488000,415.9320644230142,1000
2024-09-18 12:22:32.568000,415.9739985698615,97
2024-09-18 12:22:32.616000,415.9157023015624,8
2024-09-18 12:22:32.622000,415.87357530629737,101
2024-09-18 12:22:32.661000,415.946273414992,9
2024-09-18 12:22:32.683000,415.8752919599991,8
2024-09-18 12:22:32.705000,415.8585151726501,102
2024-09-18 12:22:32.708000,415.9402534593947,100
2024-09-18 12:22:32.729000,415.9491600017424,1005
2024-09-18 12:22:32.863000,415.8613201671618,998
2024-09-18 12:22:33.332000,415.9978071101244,999
2024-09-18 12:22:33.529000,415.9956614874207,995
2024-09-18 12:22:33.540000,415.9924364861242,8
2024-09-18 12:22:33.669000,416.0075279003023,997
2024-09-18 12:22:33.690000,416.00711096425766,1004
2024-09-18 12:22:33.815000,416.0053522231264,999
2024-09-18 12:22:33.980000,415.99954699854896,12
2024-09-18 12:22:34.301000,415.98654210167496,10
2024-09-18 12:22:35.033000,415.9981353118967,97
2024-09-18 12:22:35.169000,415.9897620911896,1001
2024-09-18 12:22:35.203000,415.98075977551287,6
2024-09-18 12:22:35.259000,416.0214012872799,7
2024-09-18 12:22:35.410000,415.9714352951437,997
2024-09-18 12:22:35.490000,416.00735223576817,996
2024-09-18 12:22:35.823000,416.019138853112,11
2024-09-18 12:22:36.019000,416.0169907806793,1001
2024-09-18 12:22:36.045000,416.0181710299715,14
2024-09-18 12:22:36.060000,415.9543424371837,14
2024-09-18 12:22:36.151000,415.9634240887519,98
2024-09-18 12:22:36.162000,415.9704365644048,12
2024-09-18 12:22:36.181000,415.97362176717405,10
2024-09-18 12:22:36.267000,415.97586459243286,996
2024-09-18 12:22:36.283000,416.01920494735793,1001
2024-09-18 12:22:36.301000,415.9600543785738,103
2024-09-18 12:22:36.312000,416.03371054442135,95
2024-09-18 12:22:36.326000,416.0000830824527,104
2024-09-18 12:22:36.352000,416.0245067683642,1000
2024-09-18 12:22:36.363000,416.0122413686845,103
2024-09-18 12:22:36.367000,415.96595674191445,99
2024-09-18 12:22:36.486000,415.972279297415,6
2024-09-18 12:22:36.490000,416.0024318667032,99
2024-09-18 12:22:36.568000,415.9515102913056,98
2024-09-18 12:22:36.595000,415.9795102754885,7
2024-09-18 12:22:36.639000,415.9654960772235,104
2024-09-18 12:22:36.656000,415.9857030146816,98
2024-09-18 12:22:36.708000,415.9971464690467,97
2024-09-18 12:22:36.752000,415.996704888387,997
2024-09-18 12:22:36.816000,415.9628180372195,8
2024-09-18 12:22:36.825000,415.96700558108216,10
2024-09-18 12:22:36.843000,415.9555987780636,8
2024-09-18 12:22:36.844000,415.980699836034,13
2024-09-18 12:22:36.872000,416.0235740583632,105
2024-09-18 12:22:36.896000,415.9719755619035,1000
2024-09-18 12:22:36.901000,416.0059893550925,999
2024-09-18 12:22:36.922000,415.9929068024183,12
2024-09-18 12:22:37.051000,415.9335466315308,995
2024-09-18 12:22:37.145000,415.87517130376057,995
2024-09-18 12:22:37.145000,415.8865181080292,101
2024-09-18 12:22:37.150000,415.8793796601093,103
2024-09-18 12:22:37.190000,415.9674048526828,12
2024-09-18 12:22:37.193000,415.8988585585252,998
2024-09-18 12:22:37.326000,415.882754183956,999
2024-09-18 12:22:37.334000,415.8827520777563,9
2024-09-18 12:22:37.365000,415.8996674091979,1001
2024-09-18 12:22:37.449000,415.9715473296108,1000
2024-09-18 12:22:37.507000,415.9205282775756,12
2024-09-18 12:22:37.532000,415.87886966112495,101
2024-09-18 12:22:37.534000,415.88402242784986,1002
2024-09-18 12:22:37.723000,415.8870770901351,1004
2024-09-18 12:22:37.756000,415.8732798531256,1004
2024-09-18 12:22:37.757000,415.8834226397172,7
2024-09-18 12:22:37.770000,415.9027886237823,10
2024-09-18 12:22:37.792000,415.9183914894248,1001
2024-09-18 12:22:37.794000,415.9037660269517,12
2024-09-18 12:22:37.795000,415.8906422647389,102
2024-09-18 12:22:37.809000,415.8897231760792,995
2024-09-18 12:22:37.820000,415.9235528904572,6
2024-09-18 12:22:37.825000,415.8804284653583,8
2024-09-18 12:22:38.031000,415.8624199058213,12
2024-09-18 12:22:38.064000,415.837470021644,995
2024-09-18 12:22:38.105000,415.8518506647913,104
2024-09-18 12:22:38.113000,415.8635946270892,997
2024-09-18 12:22:38.114000,415.8770374847484,1003
2024-09-18 12:22:38.118000,415.8802106446557,11
2024-09-18 12:22:38.176000,415.8412173134638,9
2024-09-18 12:22:38.256000,415.9114426203388,1005
2024-09-18 12:22:38.343000,415.8348576959824,995
2024-09-18 12:22:38.481000,415.8837546965103,1002
2024-09-18 12:22:38.493000,415.8782039156522,9
2024-09-18 12:22:38.541000,415.9263030562468,1000
2024-09-18 12:22:38.557000,415.9258605184688,1005
2024-09-18 12:22:38.568000,415.9043449186256,97
2024-09-18 12:22:38.596000,415.85644428644827,12
2024-09-18 12:22:38.601000,415.8206848532234,104
2024-09-18 12:22:38.738000,415.8234538354073,12
2024-09-18 12:22:38.878000,415.9311632473084,12
2024-09-18 12:22:38.986000,415.8661173404266,7
2024-09-18 12:22:39.064000,415.93708611585214,97
2024-09-18 12:22:39.071000,415.96195666000887,997
2024-09-18 12:22:39.093000,415.93538853925634,999
2024-09-18 12:22:39.107000,415.931374064328,996
2024-09-18 12:22:39.183000,415.9250025089377,12
2024-09-18 12:22:39.345000,415.9437020516886,995
2024-09-18 12:22:39.363000,415.9558312113919,7
2024-09-18 12:22:39.413000,415.9521937363975,9
2024-09-18 12:22:39.421000,415.9515672435239,999
2024-09-18 12:22:39.429000,415.93433017321,995
2024-09-18 12:22:39.460000,415.9492469931587,11
2024-09-18 12:22:39.503000,415.9525349511841,104
2024-09-18 12:22:39.564000,415.9326694085745,7
2024-09-18 12:22:39.570000,415.9313656666816,1001
2024-09-18 12:22:39.585000,415.9509315557361,96
2024-09-18 12:22:39.646000,415.9372501907244,995
2024-09-18 12:22:39.750000,415.9348643633243,15
2024-09-18 12:22:39.844000,415.9334372780812,1001
2024-09-18 12:22:39.855000,415.9352119981784,996
2024-09-18 12:22:39.960000,415.9462207400837,11
2024-09-18 12:22:40.028000,415.973280328396,99
2024-09-18 12:22:40.174000,415.9615228399907,1000
2024-09-18 12:22:40.246000,415.9923988295529,6
2024-09-18 12:22:40.283000,416.0014188836224,7
2024-09-18 12:22:40.420000,415.9539195922398,98
2024-09-18 12:22:40.440000,415.954093293274,96
2024-09-18 12:22:40.543000,415.9793759921159,101
2024-09-18 12:22:40.544000,415.9482472481045,5
2024-09-18 12:22:40.593000,415.92851560659045,95
2024-09-18 12:22:40.601000,416.00710308629687,7
2024-09-18 12:22:40.646000,415.9430294904792,14
2024-09-18 12:22:40.830000,415.9517133866868,104
2024-09-18 12:22:40.844000,415.9846639825966,95
2024-09-18 12:22:40.976000,415.9611295334665,7
2024-09-18 12:22:41.010000,415.9986531448774,13
2024-09-18 12:22:41.035000,415.99093950020114,999
2024-09-18 12:22:41.200000,416.0142478561108,1003
2024-09-18 12:22:41.248000,415.9999765819948,15
2024-09-18 12:22:41.311000,415.97695815495246,100
2024-09-18 12:22:41.327000,415.9861576529392,13
2024-09-18 12:22:41.328000,415.9752026108435,95
2024-09-18 12:22:41.361000,415.9963017649208,1002
2024-09-18 12:22:41.477000,415.9793615950508,97
2024-09-18 12:22:41.590000,416.0013830107539,96
2024-09-18 12:22:41.611000,415.991590985036,12
2024-09-18 12:22:41.648000,415.97626594685096,1004
2024-09-18 12:22:41.735000,416.0055489882877,96
2024-09-18 12:22:41.916000,415.9891159146749,13
2024-09-18 12:22:41.920000,415.9688258119722,103
2024-09-18 12:22:42.007000,416.04038061409295,105
2024-09-18 12:22:42.019000,415.9807167401728,9
2024-09-18 12:22:42.222000,416.0265819141746,996
2024-09-18 12:22:42.286000,416.0050863932543,10
2024-09-18 12:22:42.291000,416.0289575478228,105
2024-09-18 12:22:42.561000,416.0105152884304,1004
2024-09-18 12:22:42.561000,416.0632510675859,8
2024-09-18 12:22:42.590000,416.0028677782216,15
2024-09-18 12:22:42.755000,415.9811734385256,1001
2024-09-18 12:22:42.824000,416.0779477272471,14
2024-09-18 12:22:42.904000,416.02649134244535,996
2024-09-18 12:22:42.958000,416.0352526893263,99
2024-09-18 12:22:43,416.07703397665085,998
2024-09-18 12:22:43.054000,416.0326493855295,998
2024-09-18 12:22:43.129000,416.0902409630738,7
2024-09-18 12:22:43.145000,416.0799958266672,102
2024-09-18 12:22:43.168000,416.0743609901767,13
2024-09-18 12:22:43.196000,416.06127674304224,15
2024-09-18 12:22:43.222000,416.0450572678473,97
2024-09-18 12:22:43.244000,416.0496525878453,12
2024-09-18 12:22:43.328000,416.0754179460396,999
2024-09-18 12:22:43.474000,416.0886887548705,15
2024-09-18 12:22:43.480000,416.0789352458079,99
2024-09-18 12:22:43.492000,416.0497499377737,1000
2024-09-18 12:22:43.560000,416.0299780852474,995
2024-09-18 12:22:43.743000,416.0988628057474,995
2024-09-18 12:22:43.766000,416.0543409912658,95
2024-09-18 12:22:43.824000,416.0443658694838,95
2024-09-18 12:22:43.841000,416.0881249684436,11
2024-09-18 12:22:43.931000,416.0266596054168,15
2024-09-18 12:22:43.931000,416.093660431789,97
2024-09-18 12:22:43.966000,416.06012696975415,998
2024-09-18 12:22:43.979000,416.0913183754703,101
2024-09-18 12:22:43.984000,416.0317660008889,5
2024-09-18 12:22:44.022000,416.0227367257828,6
2024-09-18 12:22:44.040000,415.9808366591871,6
2024-09-18 12:22:44.099000,416.00117773497095,97
2024-09-18 12:22:44.151000,415.9664813689904,95
2024-09-18 12:22:44.193000,415.9320959073072,999
2024-09-18 12:22:44.199000,416.00636500272816,13
2024-09-18 12:22:44.206000,415.9070672709652,998
2024-09-18 12:22:44.266000,415.85902070887386,1005
2024-09-18 12:22:44.274000,415.95546193116814,10
2024-09-18 12:22:44.336000,415.965165276602,1004
2024-09-18 12:22:44.338000,416.038375626935,6
2024-09-18 12:22:44.428000,415.9291399733567,1001
2024-09-18 12:22:44.443000,416.0253234300821,996
2024-09-18 12:22:44.444000,416.0111060542432,98
2024-09-18 12:22:44.445000,415.9170053249951,7
2024-09-18 12:22:44.458000,416.0152527552839,100
2024-09-18 12:22:44.509000,415.8934127468232,12
2024-09-18 12:22:44.526000,416.0164615366882,8
2024-09-18 12:22:44.616000,415.9637629058428,15
2024-09-18 12:22:44.625000,415.9772448591848,1003
2024-09-18 12:22:44.654000,415.9546020748896,10
2024-09-18 12:22:44.692000,415.93951999359496,5
2024-09-18 12:22:44.735000,416.0374240494926,5
2024-09-18 12:22:44.755000,415.9949254861757,1004
2024-09-18 12:22:44.823000,415.94429795937486,5
2024-09-18 12:22:44.878000,416.02082814502927,8
2024-09-18 12:22:44.941000,415.9537121046995,99
2024-09-18 12:22:44.952000,415.964966984552,998
2024-09-18 12:22:44.999000,416.003659541626,1000
2024-09-18 12:22:44.999000,415.891899044229,105
2024-09-18 12:22:45.035000,415.8103663932926,1000
2024-09-18 12:22:45.165000,415.8391813079848,103
2024-09-18 12:22:45.218000,415.8173003676234,996
2024-09-18 12:22:45.303000,415.8490970124947,14
2024-09-18 12:22:45.362000,415.8337848876694,1005
2024-09-18 12:22:45.474000,415.85205017576766,103
2024-09-18 12:22:45.507000,415.8278538758662,103
2024-09-18 12:22:45.687000,415.8593869997921,6
2024-09-18 12:22:45.704000,415.845112529759,12
2024-09-18 12:22:45.707000,415.8457445455762,100
2024-09-18 12:22:45.712000,415.84595950727135,102
2024-09-18 12:22:45.775000,415.846403129582,101
2024-09-18 12:22:45.822000,415.81293510331005,12
2024-09-18 12:22:45.833000,415.8366004569023,1005
2024-09-18 12:22:46.040000,415.8046611988007,5
2024-09-18 12:22:46.084000,415.8766348663928,7
2024-09-18 12:22:46.127000,415.8131255074702,15
2024-09-18 12:22:46.257000,415.8457040597986,14
2024-09-18 12:22:46.268000,415.8244236603554,995
2024-09-18 12:22:46.411000,415.8514301867215,1000
2024-09-18 12:22:46.417000,415.837299966009,1002
2024-09-18 12:22:46.430000,415.8712199419009,1002
2024-09-18 12:22:46.502000,415.8531146907778,97
2024-09-18 12:22:46.532000,415.8319083323056,1001
2024-09-18 12:22:46.556000,415.8148617489205,1002
2024-09-18 12:22:46.749000,415.87033026090864,999
2024-09-18 12:22:46.832000,415.8072234326695,14
2024-09-18 12:22:47.007000,415.8956244271064,97
2024-09-18 12:22:47.034000,415.9061785174763,996
2024-09-18 12:22:47.039000,415.8818104621116,1003
2024-09-18 12:22:47.057000,415.8584539180505,1000
2024-09-18 12:22:47.080000,415.8712940460231,1004
2024-09-18 12:22:47.112000,415.86634269863447,10
2024-09-18 12:22:47.182000,415.90466717591886,5
2024-09-18 12:22:47.207000,415.9297115679989,1001
2024-09-18 12:22:47.250000,415.8925956920233,1003
2024-09-18 12:22:47.257000,415.915476920951,996
2024-09-18 12:22:47.308000,415.8706805931248,98
2024-09-18 12:22:47.313000,415.88628495328686,999
2024-09-18 12:22:47.330000,415.9219385611306,997
2024-09-18 12:22:47.360000,415.8657033715905,11
2024-09-18 12:22:47.380000,415.8642020813928,96
2024-09-18 12:22:47.392000,415.8665295319242,7
2024-09-18 12:22:47.444000,415.9025122884234,100
2024-09-18 12:22:47.509000,415.8820894047939,97
2024-09-18 12:22:47.535000,415.879558222486,9
2024-09-18 12:22:47.577000,415.86324166148194,13
2024-09-18 12:22:47.699000,415.8766994429355,104
2024-09-18 12:22:47.704000,415.8929910888468,995
2024-09-18 12:22:47.772000,415.870721691957,14
2024-09-18 12:22:47.818000,415.90313283389287,15
2024-09-18 12:22:47.850000,415.9084767836917,14
2024-09-18 12:22:47.928000,415.85351459351466,98
2024-09-18 12:22:47.963000,415.8817943985241,9
2024-09-18 12:22:48.141000,415.87684852178165,7
2024-09-18 12:22:48.143000,415.8736222073619,9
2024-09-18 12:22:48.305000,415.88296913072656,96
2024-09-18 12:22:48.361000,415.9182747406309,10
2024-09-18 12:22:48.378000,415.8802158480521,1003
2024-09-18 12:22:48.647000,415.90485720784295,1005
2024-09-18 12:22:48.706000,415.8499809299951,100
2024-09-18 12:22:48.745000,415.86242570808696,9
2024-09-18 12:22:48.765000,415.8528056837779,98
2024-09-18 12:22:48.791000,415.859347959075,998
2024-09-18 12:22:48.828000,415.9205465483426,1004
2024-09-18 12:22:48.879000,415.85388095229297,12
2024-09-18 12:22:48.913000,415.8351796875082,998
2024-09-18 12:22:50.025000,415.8641825842905,10
2024-09-18 12:22:50.117000,415.86645628694896,1004
2024-09-18 12:22:50.299000,415.8261182274804,999
2024-09-18 12:22:50.323000,415.8802232829247,103
2024-09-18 12:22:50.368000,415.865289533978,12
2024-09-18 12:22:50.441000,415.9055527043026,99
2024-09-18 12:22:50.499000,415.82418918825664,12
2024-09-18 12:22:50.529000,415.9228763169536,5
2024-09-18 12:22:50.580000,415.8709205815074,15
2024-09-18 12:22:50.675000,415.837062940377,12
2024-09-18 12:22:50.678000,415.85399819054845,104
2024-09-18 12:22:50.686000,415.8883555754469,97
2024-09-18 12:22:50.739000,415.87385112202327,15
2024-09-18 12:22:50.780000,415.9277140118046,995
2024-09-18 12:22:50.828000,415.8446241194771,98
2024-09-18 12:22:50.834000,415.8441926286656,96
2024-09-18 12:22:50.842000,415.8771899170607,95
2024-09-18 12:22:50.874000,415.8633351670598,14
2024-09-18 12:22:50.938000,415.8191942472784,6
2024-09-18 12:22:50.972000,415.8776242926103,103
2024-09-18 12:22:51.031000,415.92893384412497,101
2024-09-18 12:22:51.111000,415.850481454801,102
2024-09-18 12:22:51.182000,415.9191941448779,95
2024-09-18 12:22:51.201000,415.9224457189134,9
2024-09-18 12:22:51.213000,415.8945455046088,1005
2024-09-18 12:22:51.213000,415.8405770812314,1001
2024-09-18 12:22:51.224000,415.93141036017454,10
2024-09-18 12:22:51.267000,415.9282320347619,998
2024-09-18 12:22:51.323000,415.8504516791637,11
2024-09-18 12:22:51.371000,415.8658376372181,101
2024-09-18 12:22:51.376000,415.9239155429932,7
2024-09-18 12:22:51.379000,415.8609634303256,97
2024-09-18 12:22:51.403000,415.91445953102095,10
2024-09-18 12:22:51.466000,415.8640101115075,998
2024-09-18 12:22:51.505000,415.9232203897401,9
2024-09-18 12:22:51.536000,415.85174099819614,1001
2024-09-18 12:22:51.543000,415.86396717022114,7
2024-09-18 12:22:51.658000,415.864961195662,10
2024-09-18 12:22:51.685000,415.8461424631439,103
2024-09-18 12:22:51.758000,415.9305488479073,999
2024-09-18 12:22:51.789000,415.887467871563,1002
2024-09-18 12:22:51.811000,415.9001374497648,14
2024-09-18 12:22:51.915000,415.92990701024667,5
2024-09-18 12:22:51.917000,415.8804900310504,9
2024-09-18 12:22:51.962000,415.9088467355304,11
2024-09-18 12:22:53.114000,415.9254968476682,5
2024-09-18 12:22:53.532000,415.92164731017976,1001
2024-09-18 12:22:54.005000,415.9604533707952,997
2024-09-18 12:22:54.046000,415.95129658021256,8
2024-09-18 12:22:54.062000,415.9551451758221,6
2024-09-18 12:22:54.071000,415.9470492885532,998
2024-09-18 12:22:54.092000,415.97280338449656,6
2024-09-18 12:22:54.161000,415.9723708369805,1004
2024-09-18 12:22:54.293000,415.97848192986686,104
2024-09-18 12:22:54.311000,415.97857447561495,995
2024-09-18 12:22:54.316000,415.96057273954057,1002
2024-09-18 12:22:54.317000,415.9896895358261,8
2024-09-18 12:22:54.348000,415.9581553414703,12
2024-09-18 12:22:54.361000,415.99841258729833,998
2024-09-18 12:22:54.427000,415.9881554975015,104
2024-09-18 12:22:54.432000,415.9839224568632,997
2024-09-18 12:22:54.505000,415.986971601137,997
2024-09-18 12:22:54.551000,415.937319771963,996
2024-09-18 12:22:54.626000,415.986903481994,12
2024-09-18 12:22:54.774000,415.9299397995258,97
2024-09-18 12:22:54.781000,415.9765891970859,105
2024-09-18 12:22:54.790000,415.9834242905698,103
2024-09-18 12:22:54.914000,415.9579655074324,13
2024-09-18 12:22:55.013000,415.93984720550975,997
2024-09-18 12:22:55.078000,415.96255687294695,105
2024-09-18 12:22:55.143000,415.9136173222476,14
2024-09-18 12:22:55.144000,415.927937624996,1004
2024-09-18 12:22:55.215000,415.9554906973489,999
2024-09-18 12:22:55.227000,415.9576620642104,6
2024-09-18 12:22:55.251000,415.947367908491,7
2024-09-18 12:22:55.252000,415.9421626834755,98
2024-09-18 12:22:55.267000,415.9471614513516,99
2024-09-18 12:22:55.272000,415.90548359433774,1000
2024-09-18 12:22:55.300000,415.9543773736752,9
2024-09-18 12:22:55.414000,415.9068616562434,999
2024-09-18 12:22:55.469000,415.9614197475748,1005
2024-09-18 12:22:55.502000,415.93215552956536,100
2024-09-18 12:22:55.539000,415.9368167935431,1001
2024-09-18 12:22:55.544000,415.95580075308135,100
2024-09-18 12:22:55.546000,415.9447444820176,1003
2024-09-18 12:22:55.711000,415.9461027572747,997
2024-09-18 12:22:55.752000,415.9328656245579,1005
2024-09-18 12:22:55.794000,415.8850215312576,997
2024-09-18 12:22:55.863000,415.9361125451757,96
2024-09-18 12:22:55.978000,415.9319393533933,9
2024-09-18 12:22:56.016000,415.8862237495012,104
2024-09-18 12:22:56.027000,415.8904667493664,105
2024-09-18 12:22:56.044000,415.89822843586967,101
2024-09-18 12:22:56.237000,415.8993835759512,97
2024-09-18 12:22:56.248000,415.88756937752026,103
2024-09-18 12:22:56.469000,415.8904108093418,100
2024-09-18 12:22:56.471000,415.8709577069637,999
2024-09-18 12:22:56.565000,415.8789157186554,95
2024-09-18 12:22:56.617000,415.8536448943189,103
2024-09-18 12:22:56.666000,415.84543849604415,1002
2024-09-18 12:22:56.669000,415.8657940403768,99
2024-09-18 12:22:56.722000,415.8730734673807,7
2024-09-18 12:22:56.770000,415.87788921740326,8
2024-09-18 12:22:56.867000,415.895555110494,1000
2024-09-18 12:22:57.102000,415.9207052588025,14
2024-09-18 12:22:57.701000,415.9240032029591,1002
2024-09-18 12:22:57.887000,415.90341051993744,102
2024-09-18 12:22:57.989000,415.91427686651946,5
2024-09-18 12:22:58.024000,415.9218714760925,999
2024-09-18 12:22:58.443000,415.9448054116662,15
2024-09-18 12:22:58.950000,415.9416813633106,1002
2024-09-18 12:22:58.993000,415.9434053206039,96
2024-09-18 12:22:59.072000,415.9297236451023,101
2024-09-18 12:22:59.987000,415.9192745665084,8
