Timestamp,Price,Size
2024-09-20 12:18:00.053000,429.147818757043,101
2024-09-20 12:18:00.224000,429.1676081169609,6
2024-09-20 12:18:00.297000,429.1640275705274,13
2024-09-20 12:18:00.333000,429.1749029775216,1001
2024-09-20 12:18:00.334000,429.16786624271856,105
2024-09-20 12:18:00.420000,429.1549755064556,1003
2024-09-20 12:18:00.501000,429.1673824325134,13
2024-09-20 12:18:00.535000,429.14556571942455,99
2024-09-20 12:18:00.554000,429.1622135088044,5
2024-09-20 12:18:00.671000,429.16837684305744,1005
2024-09-20 12:18:01.096000,429.2057401925761,104
2024-09-20 12:18:01.099000,429.1394389082619,6
2024-09-20 12:18:01.118000,429.1365821015754,1002
2024-09-20 12:18:01.173000,429.1703521088032,6
2024-09-20 12:18:01.228000,429.15888745329096,104
2024-09-20 12:18:01.412000,429.19495868287134,105
2024-09-20 12:18:01.447000,429.17626827151975,97
2024-09-20 12:18:01.451000,429.2082696134983,15
2024-09-20 12:18:01.483000,429.1894504276926,103
2024-09-20 12:18:01.498000,429.1908618415016,6
2024-09-20 12:18:01.511000,429.2034856248636,1004
2024-09-20 12:18:01.511000,429.1867885004018,9
2024-09-20 12:18:01.559000,429.1573683361574,1001
2024-09-20 12:18:01.560000,429.1519864753949,95
2024-09-20 12:18:01.672000,429.1919071808852,1001
2024-09-20 12:18:01.720000,429.1800689098501,1001
2024-09-20 12:18:01.802000,429.13160964065673,104
2024-09-20 12:18:01.809000,429.208858399911,7
2024-09-20 12:18:01.882000,429.210875622886,8
2024-09-20 12:18:02.004000,429.2202231127271,7
2024-09-20 12:18:02.005000,429.22346116692,13
2024-09-20 12:18:02.066000,429.2296520221408,1003
2024-09-20 12:18:02.071000,429.2170431117862,996
2024-09-20 12:18:02.074000,429.241055049616,98
2024-09-20 12:18:02.244000,429.2302156337775,102
2024-09-20 12:18:02.374000,429.2185601588004,13
2024-09-20 12:18:02.400000,429.23170340934735,104
2024-09-20 12:18:02.406000,429.2331681477262,1005
2024-09-20 12:18:02.448000,429.23571264028976,13
2024-09-20 12:18:02.455000,429.2461115714893,11
2024-09-20 12:18:02.516000,429.2207930605123,13
2024-09-20 12:18:02.891000,429.2251612008224,102
2024-09-20 12:18:02.926000,429.22871602094233,1002
2024-09-20 12:18:02.952000,429.2545688613512,1001
2024-09-20 12:18:03.007000,429.18091116300553,10
2024-09-20 12:18:03.079000,429.1900755736996,998
2024-09-20 12:18:03.108000,429.1876860822319,103
2024-09-20 12:18:03.131000,429.1902017324402,12
2024-09-20 12:18:03.166000,429.20255040629,1000
2024-09-20 12:18:03.169000,429.23016557635344,103
2024-09-20 12:18:03.229000,429.2406988755217,1002
2024-09-20 12:18:03.340000,429.1971975885732,105
2024-09-20 12:18:03.358000,429.2433894617479,104
2024-09-20 12:18:03.381000,429.1945981735355,6
2024-09-20 12:18:03.432000,429.1939574710701,998
2024-09-20 12:18:03.461000,429.2277966137249,103
2024-09-20 12:18:03.556000,429.21946928598,995
2024-09-20 12:18:03.606000,429.1872117840536,104
2024-09-20 12:18:03.694000,429.1876845739234,15
2024-09-20 12:18:03.738000,429.19813907874834,8
2024-09-20 12:18:03.757000,429.2331056956021,99
2024-09-20 12:18:03.781000,429.2519983718684,9
2024-09-20 12:18:03.797000,429.20027843125774,101
2024-09-20 12:18:03.838000,429.19710169662494,995
2024-09-20 12:18:03.885000,429.19080619838496,96
2024-09-20 12:18:03.934000,429.1817181693007,7
2024-09-20 12:18:03.943000,429.17877043207886,998
2024-09-20 12:18:03.975000,429.2071395128876,101
2024-09-20 12:18:04.105000,429.2821043458051,105
2024-09-20 12:18:04.230000,429.2726613851599,99
2024-09-20 12:18:04.242000,429.27688218316166,98
2024-09-20 12:18:04.263000,429.2739315746905,5
2024-09-20 12:18:04.450000,429.2513886418509,995
2024-09-20 12:18:04.487000,429.2792063934752,6
2024-09-20 12:18:04.495000,429.27968965833696,996
2024-09-20 12:18:04.558000,429.29047971975166,995
2024-09-20 12:18:04.944000,429.2567294472697,999
2024-09-20 12:18:04.957000,429.23909962104926,102
2024-09-20 12:18:04.983000,429.2797218117645,15
2024-09-20 12:18:05.087000,429.3109989623006,8
2024-09-20 12:18:05.339000,429.3095957834021,997
2024-09-20 12:18:05.405000,429.3092924840068,102
2024-09-20 12:18:05.438000,429.33127100057146,995
2024-09-20 12:18:05.757000,429.3098706844584,1000
2024-09-20 12:18:06.035000,429.42589718886177,12
2024-09-20 12:18:06.089000,429.3551951917292,14
2024-09-20 12:18:06.091000,429.3990053644604,98
2024-09-20 12:18:06.119000,429.3791172919241,999
2024-09-20 12:18:06.143000,429.3621492377577,100
2024-09-20 12:18:06.147000,429.3939995004718,14
2024-09-20 12:18:06.165000,429.3977247202818,103
2024-09-20 12:18:06.195000,429.4172362423452,95
2024-09-20 12:18:06.238000,429.37738038307646,995
2024-09-20 12:18:06.273000,429.3863398514056,995
2024-09-20 12:18:06.364000,429.3445969569794,1003
2024-09-20 12:18:06.365000,429.3594133538104,104
2024-09-20 12:18:06.412000,429.3782952744128,9
2024-09-20 12:18:06.421000,429.3106100904976,105
2024-09-20 12:18:06.481000,429.3650721449348,1004
2024-09-20 12:18:06.589000,429.33206116994126,14
2024-09-20 12:18:06.708000,429.3875729449816,9
2024-09-20 12:18:06.723000,429.4092658311926,6
2024-09-20 12:18:06.724000,429.3604784536314,95
2024-09-20 12:18:06.818000,429.3756628370464,1003
2024-09-20 12:18:06.831000,429.4041449508414,8
2024-09-20 12:18:06.937000,429.312610641758,12
2024-09-20 12:18:07.085000,429.4769419544081,10
2024-09-20 12:18:07.154000,429.429684597218,1004
2024-09-20 12:18:07.166000,429.4687496345257,1000
2024-09-20 12:18:07.184000,429.41117785860814,1001
2024-09-20 12:18:07.199000,429.48985868340617,95
2024-09-20 12:18:07.286000,429.38578618060575,102
2024-09-20 12:18:07.287000,429.3994565949972,997
2024-09-20 12:18:07.327000,429.4455138675453,102
2024-09-20 12:18:07.336000,429.37046426045697,999
2024-09-20 12:18:07.378000,429.46409004156646,1002
2024-09-20 12:18:07.440000,429.4538187876182,998
2024-09-20 12:18:07.507000,429.4356957052991,97
2024-09-20 12:18:07.516000,429.4524388653858,98
2024-09-20 12:18:07.585000,429.446572980988,99
2024-09-20 12:18:07.610000,429.4316916669729,100
2024-09-20 12:18:07.732000,429.38509011639326,1001
2024-09-20 12:18:07.736000,429.3953428750877,12
2024-09-20 12:18:07.832000,429.3644303576981,13
2024-09-20 12:18:07.833000,429.4240675973368,101
2024-09-20 12:18:07.843000,429.4383128526572,13
2024-09-20 12:18:07.853000,429.3960592320003,995
2024-09-20 12:18:07.868000,429.4169143288261,996
2024-09-20 12:18:07.918000,429.3997397993473,999
2024-09-20 12:18:07.934000,429.4084177552867,997
2024-09-20 12:18:07.998000,429.4287565327466,9
2024-09-20 12:18:08.041000,429.5496485939403,13
2024-09-20 12:18:08.048000,429.5147352767213,13
2024-09-20 12:18:08.111000,429.4851225493754,15
2024-09-20 12:18:08.221000,429.4941617617197,13
2024-09-20 12:18:08.279000,429.52221656980566,12
2024-09-20 12:18:08.328000,429.52900473776367,6
2024-09-20 12:18:08.332000,429.50082481330446,95
2024-09-20 12:18:08.337000,429.5269768152284,11
2024-09-20 12:18:08.360000,429.498033833948,12
2024-09-20 12:18:08.383000,429.5063497621165,104
2024-09-20 12:18:08.401000,429.5517465479023,97
2024-09-20 12:18:08.413000,429.52293532905,1001
2024-09-20 12:18:08.442000,429.5086563255705,1004
2024-09-20 12:18:08.601000,429.5102657017047,5
2024-09-20 12:18:08.660000,429.5121954317196,11
2024-09-20 12:18:08.720000,429.5188071363961,105
2024-09-20 12:18:08.837000,429.4989062706757,101
2024-09-20 12:18:08.888000,429.5432503407998,12
2024-09-20 12:18:08.902000,429.4915281968743,13
2024-09-20 12:18:08.914000,429.5206519306415,100
2024-09-20 12:18:08.944000,429.5001121668821,8
2024-09-20 12:18:08.962000,429.51349978236857,5
2024-09-20 12:18:09.056000,429.4298619107776,1001
2024-09-20 12:18:09.068000,429.44464811144366,99
2024-09-20 12:18:09.116000,429.49884286652207,9
2024-09-20 12:18:09.143000,429.4840621443749,8
2024-09-20 12:18:09.163000,429.3265423790662,1000
2024-09-20 12:18:09.177000,429.4468951413334,1002
2024-09-20 12:18:09.214000,429.4815317051428,98
2024-09-20 12:18:09.241000,429.4913168649069,1004
2024-09-20 12:18:09.306000,429.3940434835799,6
2024-09-20 12:18:09.351000,429.3347833760338,15
2024-09-20 12:18:09.388000,429.36018049886,103
2024-09-20 12:18:09.395000,429.4841984030455,11
2024-09-20 12:18:09.510000,429.3480996119827,999
2024-09-20 12:18:09.585000,429.4563661624094,96
2024-09-20 12:18:09.697000,429.3842335269604,11
2024-09-20 12:18:09.734000,429.4848770791273,13
2024-09-20 12:18:09.754000,429.4935581327211,1002
2024-09-20 12:18:09.833000,429.4951734232984,97
2024-09-20 12:18:09.856000,429.41395177920106,95
2024-09-20 12:18:09.863000,429.4628549289396,105
2024-09-20 12:18:09.922000,429.435470023032,14
2024-09-20 12:18:10.039000,429.3075302942048,7
2024-09-20 12:18:10.093000,429.2932279050831,996
2024-09-20 12:18:10.116000,429.3410816521607,996
2024-09-20 12:18:10.302000,429.31183062987554,14
2024-09-20 12:18:10.321000,429.321727230201,12
2024-09-20 12:18:10.425000,429.3291972977995,14
2024-09-20 12:18:10.543000,429.31921951095006,97
2024-09-20 12:18:10.577000,429.3382228658456,12
2024-09-20 12:18:10.580000,429.3193258104673,1004
2024-09-20 12:18:10.609000,429.3188416735333,8
2024-09-20 12:18:10.627000,429.33037261466,6
2024-09-20 12:18:10.802000,429.3231450237925,15
2024-09-20 12:18:10.810000,429.3118351320994,1004
2024-09-20 12:18:10.922000,429.3115746019608,12
2024-09-20 12:18:10.941000,429.29298375649256,14
2024-09-20 12:18:10.951000,429.2919487074366,15
2024-09-20 12:18:11.257000,429.2718714973073,105
2024-09-20 12:18:11.469000,429.2880489150464,99
2024-09-20 12:18:11.489000,429.3025803877602,100
2024-09-20 12:18:11.501000,429.3097165741904,999
2024-09-20 12:18:11.526000,429.2933574292272,1002
2024-09-20 12:18:11.536000,429.26278449024943,102
2024-09-20 12:18:11.615000,429.2821256973239,14
2024-09-20 12:18:11.792000,429.28068263015984,1000
2024-09-20 12:18:11.868000,429.30064877145895,95
2024-09-20 12:18:11.955000,429.2820530202981,104
2024-09-20 12:18:12.045000,429.2810536147718,99
2024-09-20 12:18:12.068000,429.2843617656458,1004
2024-09-20 12:18:12.078000,429.2361715863296,12
2024-09-20 12:18:12.129000,429.3029484381432,14
2024-09-20 12:18:12.164000,429.2782370071093,100
2024-09-20 12:18:12.244000,429.1602028211808,97
2024-09-20 12:18:12.275000,429.22435199258,13
2024-09-20 12:18:12.448000,429.1820767093854,9
2024-09-20 12:18:12.457000,429.2636313565957,15
2024-09-20 12:18:12.523000,429.2824370926971,96
2024-09-20 12:18:12.562000,429.2848403875267,101
2024-09-20 12:18:12.603000,429.179450198185,104
2024-09-20 12:18:12.640000,429.27012438067794,14
2024-09-20 12:18:12.656000,429.29196888007095,95
2024-09-20 12:18:12.671000,429.2813767124064,12
2024-09-20 12:18:12.772000,429.1833201244585,13
2024-09-20 12:18:12.810000,429.2032743397769,1001
2024-09-20 12:18:12.846000,429.2259746933203,7
2024-09-20 12:18:12.870000,429.2120258649844,1004
2024-09-20 12:18:12.939000,429.1518804731898,6
2024-09-20 12:18:12.956000,429.1956531535269,103
2024-09-20 12:18:13.033000,429.1912151085863,97
2024-09-20 12:18:13.034000,429.2166220152249,14
2024-09-20 12:18:13.088000,429.1780978556991,1002
2024-09-20 12:18:13.218000,429.20178917855065,105
2024-09-20 12:18:13.427000,429.2107992375951,1000
2024-09-20 12:18:13.575000,429.181552336341,1004
2024-09-20 12:18:13.773000,429.2210623650517,104
2024-09-20 12:18:14.004000,429.17569189359006,999
2024-09-20 12:18:14.015000,429.1712764133589,98
2024-09-20 12:18:14.057000,429.16780684617015,1003
2024-09-20 12:18:14.379000,429.17178823241056,105
2024-09-20 12:18:14.509000,429.17762749808776,998
2024-09-20 12:18:14.511000,429.1992290537622,105
2024-09-20 12:18:14.551000,429.1876793904008,103
2024-09-20 12:18:14.794000,429.1716192661816,95
2024-09-20 12:18:14.929000,429.1970044388103,10
2024-09-20 12:18:15.278000,429.2228183815972,15
2024-09-20 12:18:15.290000,429.1790181666947,15
2024-09-20 12:18:15.331000,429.211010720024,997
2024-09-20 12:18:15.344000,429.2115504999534,5
2024-09-20 12:18:15.366000,429.2329097253584,99
2024-09-20 12:18:15.434000,429.2013843391907,11
2024-09-20 12:18:15.481000,429.22128550491993,95
2024-09-20 12:18:15.533000,429.215089532937,998
2024-09-20 12:18:15.603000,429.2248491008006,14
2024-09-20 12:18:15.644000,429.2014322664938,103
2024-09-20 12:18:15.667000,429.21975793616,15
2024-09-20 12:18:15.862000,429.2285335126592,13
2024-09-20 12:18:15.906000,429.2233592418634,97
2024-09-20 12:18:15.916000,429.2201361076858,96
2024-09-20 12:18:15.920000,429.23635073363226,995
2024-09-20 12:18:16.045000,429.1860376892072,95
2024-09-20 12:18:16.056000,429.20194765029214,103
2024-09-20 12:18:16.064000,429.2063373846572,9
2024-09-20 12:18:16.066000,429.2112499452987,10
2024-09-20 12:18:16.108000,429.17835444473866,10
2024-09-20 12:18:16.160000,429.17788404635536,9
2024-09-20 12:18:16.194000,429.20447973563057,11
2024-09-20 12:18:16.196000,429.1682811791248,999
2024-09-20 12:18:16.245000,429.192654104487,100
2024-09-20 12:18:16.269000,429.1841608860664,1005
2024-09-20 12:18:16.283000,429.20286181819023,102
2024-09-20 12:18:16.407000,429.1721049197751,5
2024-09-20 12:18:16.440000,429.2193515788404,98
2024-09-20 12:18:16.484000,429.1847534848585,9
2024-09-20 12:18:16.488000,429.1954716992505,7
2024-09-20 12:18:16.550000,429.2189898969456,998
2024-09-20 12:18:16.555000,429.2282577023352,101
2024-09-20 12:18:16.559000,429.16303312913385,1005
2024-09-20 12:18:16.615000,429.221571972735,5
2024-09-20 12:18:16.645000,429.1732218633594,100
2024-09-20 12:18:16.656000,429.1809915002983,14
2024-09-20 12:18:16.703000,429.1890256497448,1003
2024-09-20 12:18:16.732000,429.16449968753824,1005
2024-09-20 12:18:16.733000,429.17442272007366,97
2024-09-20 12:18:16.756000,429.20692644473127,8
2024-09-20 12:18:16.839000,429.1926271116928,100
2024-09-20 12:18:16.843000,429.1981241589529,6
2024-09-20 12:18:16.922000,429.18907562225417,1000
2024-09-20 12:18:17.038000,429.1748270246175,97
2024-09-20 12:18:17.258000,429.1799571179359,1004
2024-09-20 12:18:17.279000,429.1673199733466,96
2024-09-20 12:18:17.288000,429.1799102538565,1002
2024-09-20 12:18:17.438000,429.17808098960046,1002
2024-09-20 12:18:17.674000,429.15966759123415,100
2024-09-20 12:18:17.680000,429.17105630097575,103
2024-09-20 12:18:17.915000,429.1722794739651,6
2024-09-20 12:18:17.971000,429.1771085050048,95
2024-09-20 12:18:18.043000,429.17261817889545,99
2024-09-20 12:18:18.060000,429.1837459066441,99
2024-09-20 12:18:18.092000,429.1999017236108,103
2024-09-20 12:18:18.131000,429.2106893134117,1004
2024-09-20 12:18:18.156000,429.1644101943476,998
2024-09-20 12:18:18.237000,429.1111333575229,11
2024-09-20 12:18:18.253000,429.1298957695422,99
2024-09-20 12:18:18.274000,429.2160246973205,1002
2024-09-20 12:18:18.381000,429.1954863717024,997
2024-09-20 12:18:18.426000,429.1693671113968,103
2024-09-20 12:18:18.442000,429.1977732520186,1003
2024-09-20 12:18:18.534000,429.15067723433447,104
2024-09-20 12:18:18.632000,429.12197965626456,7
2024-09-20 12:18:18.660000,429.1933254783804,8
2024-09-20 12:18:18.714000,429.1034882107959,15
2024-09-20 12:18:18.779000,429.1026095825682,997
2024-09-20 12:18:18.790000,429.1915626773847,15
2024-09-20 12:18:18.815000,429.1057989252549,96
2024-09-20 12:18:18.870000,429.1462962384289,8
2024-09-20 12:18:18.878000,429.1333237171645,105
2024-09-20 12:18:18.924000,429.17329100143104,995
2024-09-20 12:18:19.002000,429.05305955559874,97
2024-09-20 12:18:19.028000,428.9902094534767,5
2024-09-20 12:18:19.104000,429.08696139321216,5
2024-09-20 12:18:19.131000,428.9896886276273,15
2024-09-20 12:18:19.133000,429.06371744413184,1005
2024-09-20 12:18:19.227000,429.0700585838532,104
2024-09-20 12:18:19.272000,429.0722342800597,1002
2024-09-20 12:18:19.369000,428.97816813167367,6
2024-09-20 12:18:19.406000,429.06460783237634,1004
2024-09-20 12:18:19.430000,428.9938549732755,6
2024-09-20 12:18:19.515000,428.9709290207589,995
2024-09-20 12:18:19.571000,429.0763885653076,997
2024-09-20 12:18:19.624000,429.0327375766105,11
2024-09-20 12:18:19.657000,429.0918550635009,13
2024-09-20 12:18:19.676000,429.0490477422638,11
2024-09-20 12:18:19.691000,428.9745507933102,10
2024-09-20 12:18:19.774000,428.98872309109896,102
2024-09-20 12:18:19.784000,428.98095157383807,99
2024-09-20 12:18:19.867000,429.0651232532667,101
2024-09-20 12:18:19.899000,429.0373270960658,998
2024-09-20 12:18:19.907000,429.01733767505954,13
2024-09-20 12:18:19.966000,429.0704555588101,100
2024-09-20 12:18:19.986000,428.98529145492535,996
2024-09-20 12:18:19.997000,429.06666792797824,99
2024-09-20 12:18:20.008000,429.0069396414743,97
2024-09-20 12:18:20.038000,428.9769188023264,13
2024-09-20 12:18:20.137000,429.0041415155008,98
2024-09-20 12:18:20.268000,428.9955763607793,11
2024-09-20 12:18:20.493000,428.9931187907762,9
2024-09-20 12:18:20.725000,429.0049585194148,1001
2024-09-20 12:18:20.896000,429.00402929144303,1001
2024-09-20 12:18:21.046000,429.01315691405966,15
2024-09-20 12:18:21.080000,429.0231544824385,996
2024-09-20 12:18:21.371000,429.01664356702,101
2024-09-20 12:18:21.417000,429.0352669382598,12
2024-09-20 12:18:22.050000,429.00977963441255,1000
2024-09-20 12:18:22.142000,429.0051513233065,995
2024-09-20 12:18:22.202000,429.0124097583527,995
2024-09-20 12:18:22.281000,428.995065378794,102
2024-09-20 12:18:22.326000,428.9962665593092,10
2024-09-20 12:18:22.476000,429.0181071855963,95
2024-09-20 12:18:22.512000,428.9966725656751,997
2024-09-20 12:18:22.650000,428.99775521332737,105
2024-09-20 12:18:22.665000,429.0197337825364,15
2024-09-20 12:18:22.695000,429.00764773999856,7
2024-09-20 12:18:22.754000,428.9866783278133,6
2024-09-20 12:18:22.873000,429.0011203836878,5
2024-09-20 12:18:22.898000,429.02213567604895,9
2024-09-20 12:18:22.965000,428.9989606958266,995
2024-09-20 12:18:23.104000,429.03563731512673,97
2024-09-20 12:18:23.119000,429.0272025337408,103
2024-09-20 12:18:23.234000,429.0372148461304,8
2024-09-20 12:18:23.371000,429.0462880796573,998
2024-09-20 12:18:23.403000,429.0142187328393,103
2024-09-20 12:18:23.549000,429.02319574344966,998
2024-09-20 12:18:23.613000,429.0382511823172,96
2024-09-20 12:18:23.753000,429.0168047228603,104
2024-09-20 12:18:23.881000,429.01113903809545,105
2024-09-20 12:18:23.890000,429.0122408284278,14
2024-09-20 12:18:23.893000,429.04973794947546,9
2024-09-20 12:18:23.958000,429.03852156018087,104
2024-09-20 12:18:24.129000,429.0603524592945,95
2024-09-20 12:18:24.139000,429.0529584837504,101
2024-09-20 12:18:24.176000,429.0549310480836,103
2024-09-20 12:18:24.213000,429.0324135430907,6
2024-09-20 12:18:24.255000,429.0431590742624,14
2024-09-20 12:18:24.269000,429.0408197575392,11
2024-09-20 12:18:24.302000,429.0420927680084,105
2024-09-20 12:18:24.303000,429.055748126298,995
2024-09-20 12:18:24.340000,429.0490450332125,1004
2024-09-20 12:18:24.365000,429.018525684984,104
2024-09-20 12:18:24.368000,429.0527149929978,5
2024-09-20 12:18:24.395000,429.0403300200768,104
2024-09-20 12:18:24.406000,429.0404394594282,101
2024-09-20 12:18:24.551000,429.03121969571725,9
2024-09-20 12:18:24.601000,429.0500325813271,14
2024-09-20 12:18:24.669000,429.0427893897589,97
2024-09-20 12:18:24.678000,429.0461303245287,96
2024-09-20 12:18:24.698000,429.0228051175892,97
2024-09-20 12:18:24.748000,429.0256650229224,95
2024-09-20 12:18:24.765000,429.04197386582166,103
2024-09-20 12:18:24.789000,429.0565960143595,1001
2024-09-20 12:18:24.831000,429.0587552118044,12
2024-09-20 12:18:24.870000,429.03365438185847,1003
2024-09-20 12:18:24.992000,429.0385991090198,1001
2024-09-20 12:18:25.042000,429.0485996105264,101
2024-09-20 12:18:25.115000,429.0480768890546,1003
2024-09-20 12:18:25.158000,429.0437728740186,997
2024-09-20 12:18:25.175000,429.0409312212301,14
2024-09-20 12:18:25.244000,429.0510474983854,995
2024-09-20 12:18:25.281000,429.06310972424376,15
2024-09-20 12:18:25.536000,429.05388846782193,101
2024-09-20 12:18:25.540000,429.0458629254768,1000
2024-09-20 12:18:25.633000,429.0603860151275,996
2024-09-20 12:18:26.220000,429.0833092815778,1000
2024-09-20 12:18:26.233000,429.0816041135173,98
2024-09-20 12:18:26.234000,429.0256356142073,6
2024-09-20 12:18:26.329000,429.0809562849679,1001
2024-09-20 12:18:26.399000,429.0555495861544,101
2024-09-20 12:18:26.574000,429.0794490605318,8
2024-09-20 12:18:26.588000,429.028118190438,1002
2024-09-20 12:18:26.862000,429.0415277242888,103
2024-09-20 12:18:26.863000,429.0298660839461,9
2024-09-20 12:18:27.039000,429.0242207830779,101
2024-09-20 12:18:27.118000,429.0050581300341,1000
2024-09-20 12:18:27.163000,429.022240869303,1002
2024-09-20 12:18:27.193000,429.0214611046153,103
2024-09-20 12:18:27.203000,428.9876925940711,15
2024-09-20 12:18:27.217000,429.0066911766548,97
2024-09-20 12:18:27.238000,429.0278510845711,996
2024-09-20 12:18:27.244000,429.0088875159543,1003
2024-09-20 12:18:27.369000,429.0179955095912,103
2024-09-20 12:18:27.413000,428.99855040648544,15
2024-09-20 12:18:27.422000,429.01268744349767,14
2024-09-20 12:18:27.465000,429.03658124032313,8
2024-09-20 12:18:27.531000,429.04115559511706,14
2024-09-20 12:18:27.544000,429.0387838776485,5
2024-09-20 12:18:27.573000,428.98332110902174,95
2024-09-20 12:18:27.654000,429.03610318361285,100
2024-09-20 12:18:27.670000,429.0231870672557,12
2024-09-20 12:18:27.681000,429.0264032025516,8
2024-09-20 12:18:27.693000,428.987735620225,1003
2024-09-20 12:18:27.786000,428.9751292089977,1003
2024-09-20 12:18:27.822000,429.04298851900194,14
2024-09-20 12:18:27.870000,429.0048812803532,105
2024-09-20 12:18:27.905000,429.01734056021024,14
2024-09-20 12:18:28.013000,429.0337480103412,1001
2024-09-20 12:18:28.026000,429.04472779181566,97
2024-09-20 12:18:28.039000,429.0535435072555,102
2024-09-20 12:18:28.057000,429.0019400226884,996
2024-09-20 12:18:28.062000,429.042269165826,12
2024-09-20 12:18:28.094000,428.9771966918882,1002
2024-09-20 12:18:28.099000,428.9727178893783,10
2024-09-20 12:18:28.183000,428.9927829951756,99
2024-09-20 12:18:28.224000,428.9666040670869,1002
2024-09-20 12:18:28.247000,428.9687054547893,15
2024-09-20 12:18:28.296000,429.0340620850523,997
2024-09-20 12:18:28.307000,428.9992904614232,13
2024-09-20 12:18:28.321000,429.0012119645641,1004
2024-09-20 12:18:28.376000,429.00142363379314,98
2024-09-20 12:18:28.393000,429.0000436304181,97
2024-09-20 12:18:28.523000,429.0584630882989,15
2024-09-20 12:18:28.619000,429.0585501882277,9
2024-09-20 12:18:28.662000,429.06090784884833,5
2024-09-20 12:18:28.857000,429.0158859589757,104
2024-09-20 12:18:28.878000,429.038635327769,98
2024-09-20 12:18:28.916000,428.9800083132735,97
2024-09-20 12:18:29.047000,429.04077868648176,105
2024-09-20 12:18:29.047000,429.0527717302385,12
2024-09-20 12:18:29.148000,429.1039268754549,101
2024-09-20 12:18:29.321000,428.9901589785849,10
2024-09-20 12:18:29.334000,429.0570067401953,1002
2024-09-20 12:18:29.377000,429.0352377550646,13
2024-09-20 12:18:29.390000,429.1315717727418,103
2024-09-20 12:18:29.593000,429.12800432151727,104
2024-09-20 12:18:29.655000,429.0221165574371,13
2024-09-20 12:18:29.682000,429.031033932204,9
2024-09-20 12:18:29.686000,429.0543108600225,1001
2024-09-20 12:18:29.828000,429.03405406444574,6
2024-09-20 12:18:29.915000,429.01110315308097,9
2024-09-20 12:18:29.955000,429.0516410627784,6
2024-09-20 12:18:29.966000,429.0669276627488,14
2024-09-20 12:18:29.974000,429.05399830044456,7
2024-09-20 12:18:29.976000,429.097291908086,8
2024-09-20 12:18:29.981000,429.12425372466106,98
2024-09-20 12:18:30.017000,429.1780556952718,102
2024-09-20 12:18:30.065000,429.2217009216765,101
2024-09-20 12:18:30.206000,429.1087569626735,5
2024-09-20 12:18:30.223000,429.2295850294663,996
2024-09-20 12:18:30.226000,429.1160277375537,99
2024-09-20 12:18:30.285000,429.12789825709245,5
2024-09-20 12:18:30.297000,429.23755548555454,1002
2024-09-20 12:18:30.297000,429.1201272148477,8
2024-09-20 12:18:30.323000,429.1078219813335,97
2024-09-20 12:18:30.333000,429.097507959427,102
2024-09-20 12:18:30.351000,429.1968217275239,97
2024-09-20 12:18:30.353000,429.2282201400794,14
2024-09-20 12:18:30.414000,429.2103487703392,14
2024-09-20 12:18:30.510000,429.1791155878769,1002
2024-09-20 12:18:30.531000,429.1565543699755,7
2024-09-20 12:18:30.584000,429.2043477912154,95
2024-09-20 12:18:30.639000,429.2135145875518,999
2024-09-20 12:18:30.702000,429.17441759298487,5
2024-09-20 12:18:30.833000,429.2452329683226,104
2024-09-20 12:18:30.876000,429.2359073215202,1004
2024-09-20 12:18:30.934000,429.1538420410172,14
2024-09-20 12:18:31.001000,429.2595667623988,1001
2024-09-20 12:18:31.003000,429.2079160686286,5
2024-09-20 12:18:31.023000,429.22201067361976,95
2024-09-20 12:18:31.051000,429.2408624898408,1001
2024-09-20 12:18:31.138000,429.2265989075188,1003
2024-09-20 12:18:31.143000,429.2363668619077,995
2024-09-20 12:18:31.407000,429.2298479322508,13
2024-09-20 12:18:31.410000,429.2135535484047,7
2024-09-20 12:18:31.532000,429.2160350330336,996
2024-09-20 12:18:31.899000,429.2707767615113,15
2024-09-20 12:18:31.904000,429.2534223321278,997
2024-09-20 12:18:32.029000,429.21689953901273,5
2024-09-20 12:18:32.037000,429.2176380099844,96
2024-09-20 12:18:32.075000,429.1929467344669,14
2024-09-20 12:18:32.099000,429.2025778061085,5
2024-09-20 12:18:32.241000,429.2135903256292,100
2024-09-20 12:18:32.300000,429.19215658345337,1001
2024-09-20 12:18:32.350000,429.2035405341047,1002
2024-09-20 12:18:32.383000,429.2264192512294,997
2024-09-20 12:18:32.431000,429.2180045446627,1003
2024-09-20 12:18:32.458000,429.22366996002063,6
2024-09-20 12:18:32.515000,429.2103812234452,1002
2024-09-20 12:18:33.056000,429.184715572332,105
2024-09-20 12:18:33.350000,429.1914167737156,13
2024-09-20 12:18:33.576000,429.2066168680304,1005
2024-09-20 12:18:33.656000,429.2095264224714,1005
2024-09-20 12:18:33.760000,429.2035903774151,995
2024-09-20 12:18:33.977000,429.1997542748927,1001
2024-09-20 12:18:34.091000,429.20364455377904,99
2024-09-20 12:18:34.164000,429.2033826680135,102
2024-09-20 12:18:34.282000,429.2054014434552,998
2024-09-20 12:18:34.320000,429.2144620498999,1004
2024-09-20 12:18:34.425000,429.20656852156657,995
2024-09-20 12:18:34.725000,429.215425806939,1005
2024-09-20 12:18:34.775000,429.2004490077326,103
2024-09-20 12:18:34.950000,429.22233154764695,105
2024-09-20 12:18:34.965000,429.23005958332055,14
2024-09-20 12:18:35,429.209950093581,13
2024-09-20 12:18:35.023000,429.1966537116436,99
2024-09-20 12:18:35.122000,429.2199575433416,995
2024-09-20 12:18:35.152000,429.2019924051124,1005
2024-09-20 12:18:35.179000,429.2388510181081,6
2024-09-20 12:18:35.290000,429.221123568582,5
2024-09-20 12:18:35.339000,429.1993612054511,99
2024-09-20 12:18:35.374000,429.2025762531124,105
2024-09-20 12:18:35.420000,429.21788898783336,102
2024-09-20 12:18:35.585000,429.2204316294038,998
2024-09-20 12:18:35.703000,429.2118117527115,998
2024-09-20 12:18:35.736000,429.2266874301888,1001
2024-09-20 12:18:35.744000,429.2241370980061,96
2024-09-20 12:18:35.837000,429.2241844288713,12
2024-09-20 12:18:35.847000,429.2301309217678,14
2024-09-20 12:18:35.894000,429.2033791122181,13
2024-09-20 12:18:35.912000,429.2306500684441,10
2024-09-20 12:18:35.987000,429.2285742512645,14
2024-09-20 12:18:36.023000,429.1812466755218,101
2024-09-20 12:18:36.032000,429.22357822559854,14
2024-09-20 12:18:36.089000,429.1469236757086,14
2024-09-20 12:18:36.158000,429.1466680442044,101
2024-09-20 12:18:36.158000,429.2306230503968,100
2024-09-20 12:18:36.224000,429.243703430762,1002
2024-09-20 12:18:36.276000,429.2266938640244,998
2024-09-20 12:18:36.290000,429.1547533500205,995
2024-09-20 12:18:36.294000,429.2517613773903,95
2024-09-20 12:18:36.334000,429.2357565783876,96
2024-09-20 12:18:36.349000,429.1396782692003,101
2024-09-20 12:18:36.371000,429.25035506751976,98
2024-09-20 12:18:36.414000,429.2685303905661,14
2024-09-20 12:18:36.429000,429.227030823344,13
2024-09-20 12:18:36.430000,429.2550039922351,996
2024-09-20 12:18:36.437000,429.2061639993218,5
2024-09-20 12:18:36.505000,429.1522040053591,103
2024-09-20 12:18:36.583000,429.2334972175988,995
2024-09-20 12:18:36.854000,429.2442992782445,104
2024-09-20 12:18:36.885000,429.2409456027444,6
2024-09-20 12:18:36.979000,429.216559253884,10
2024-09-20 12:18:36.985000,429.2476363492824,1005
2024-09-20 12:18:36.996000,429.26034969805664,13
2024-09-20 12:18:37.012000,429.1639718517736,100
2024-09-20 12:18:37.036000,429.2000459996181,6
2024-09-20 12:18:37.059000,429.1585338201182,7
2024-09-20 12:18:37.080000,429.15775983817537,99
2024-09-20 12:18:37.086000,429.16387545548537,995
2024-09-20 12:18:37.095000,429.19840798902106,99
2024-09-20 12:18:37.113000,429.1861523973128,105
2024-09-20 12:18:37.152000,429.1446310721542,1001
2024-09-20 12:18:37.232000,429.1772588122973,15
2024-09-20 12:18:37.273000,429.1865613646565,11
2024-09-20 12:18:37.300000,429.1414976640592,1002
2024-09-20 12:18:37.324000,429.18132110864224,98
2024-09-20 12:18:37.448000,429.14958423599984,1005
2024-09-20 12:18:37.473000,429.1459523081989,8
2024-09-20 12:18:37.545000,429.19888181993,996
2024-09-20 12:18:37.600000,429.1509796657761,1001
2024-09-20 12:18:37.628000,429.19188782313,95
2024-09-20 12:18:37.711000,429.1804288983532,12
2024-09-20 12:18:37.839000,429.1974763856015,99
2024-09-20 12:18:37.868000,429.1731268695232,100
2024-09-20 12:18:37.882000,429.1902000676878,999
2024-09-20 12:18:37.888000,429.1672907459067,7
2024-09-20 12:18:37.965000,429.1801413500003,13
2024-09-20 12:18:37.970000,429.1587580688313,96
2024-09-20 12:18:37.995000,429.15187000357,101
2024-09-20 12:18:38.036000,429.13575663130206,998
2024-09-20 12:18:38.071000,429.11142178119513,100
2024-09-20 12:18:38.100000,429.0769709887372,1004
2024-09-20 12:18:38.235000,429.0904181250884,6
2024-09-20 12:18:38.251000,429.1213703114834,101
2024-09-20 12:18:38.286000,429.1238276036091,97
2024-09-20 12:18:38.470000,429.109730063182,10
2024-09-20 12:18:38.509000,429.07852495453017,100
2024-09-20 12:18:38.536000,429.07768700737495,11
2024-09-20 12:18:38.611000,429.072856257283,105
2024-09-20 12:18:38.633000,429.1009021475133,1003
2024-09-20 12:18:38.697000,429.0867376256256,1004
2024-09-20 12:18:38.702000,429.1136790001356,8
2024-09-20 12:18:38.722000,429.073653160784,99
2024-09-20 12:18:38.777000,429.1229343215618,1003
2024-09-20 12:18:38.777000,429.10339818387376,7
2024-09-20 12:18:38.802000,429.1039864860166,95
2024-09-20 12:18:38.808000,429.1091638836047,11
2024-09-20 12:18:38.853000,429.1108167572366,10
2024-09-20 12:18:38.876000,429.0805205778292,105
2024-09-20 12:18:38.900000,429.1112156421868,102
2024-09-20 12:18:38.907000,429.070293365801,12
2024-09-20 12:18:38.974000,429.10029641036914,11
2024-09-20 12:18:39.014000,429.06982147277233,1004
2024-09-20 12:18:39.017000,429.0356455343349,12
2024-09-20 12:18:39.031000,429.0158770018306,95
2024-09-20 12:18:39.061000,429.0735520381032,14
2024-09-20 12:18:39.075000,429.0666045448835,14
2024-09-20 12:18:39.122000,429.0306932540095,1003
2024-09-20 12:18:39.130000,429.08175762321787,6
2024-09-20 12:18:39.163000,429.0313143391804,1001
2024-09-20 12:18:39.163000,429.05732725291534,11
2024-09-20 12:18:39.198000,429.088814635239,95
2024-09-20 12:18:39.209000,429.0844755626359,99
2024-09-20 12:18:39.318000,429.0709563276789,103
2024-09-20 12:18:39.365000,429.0240507294624,15
2024-09-20 12:18:39.403000,429.1003024275463,7
2024-09-20 12:18:39.422000,429.0639049741926,102
2024-09-20 12:18:39.443000,429.029436790278,997
2024-09-20 12:18:39.658000,429.0689942070326,996
2024-09-20 12:18:39.683000,429.0429031848424,12
2024-09-20 12:18:39.740000,429.08611549172895,103
2024-09-20 12:18:39.770000,429.0505849941188,1004
2024-09-20 12:18:39.915000,429.0851244791298,11
2024-09-20 12:18:39.937000,429.03065617948033,98
2024-09-20 12:18:39.937000,429.082926848197,1005
2024-09-20 12:18:39.956000,429.0572279124633,998
2024-09-20 12:18:40.016000,429.0858322699053,104
2024-09-20 12:18:40.075000,429.04904461966873,8
2024-09-20 12:18:40.079000,429.0600590837048,104
2024-09-20 12:18:40.144000,429.1296760828752,11
2024-09-20 12:18:40.346000,429.1134477769897,6
2024-09-20 12:18:40.386000,429.076693467664,95
2024-09-20 12:18:40.526000,429.1243109485442,8
2024-09-20 12:18:40.746000,429.1030812424559,102
2024-09-20 12:18:40.867000,429.0703931058608,11
2024-09-20 12:18:41.278000,429.10462253390114,15
2024-09-20 12:18:41.621000,429.1218171146351,14
2024-09-20 12:18:41.709000,429.1216505215312,996
2024-09-20 12:18:42.075000,429.0813202792498,12
2024-09-20 12:18:42.136000,429.09722970746975,100
2024-09-20 12:18:42.195000,429.0804585849002,12
2024-09-20 12:18:42.219000,429.05508793333576,995
2024-09-20 12:18:42.250000,429.0526277586409,103
2024-09-20 12:18:42.349000,429.1201722192052,12
2024-09-20 12:18:42.548000,429.0553330545861,1003
2024-09-20 12:18:42.637000,429.0920481282031,100
2024-09-20 12:18:42.680000,429.0669876301475,1000
2024-09-20 12:18:42.701000,429.06386787821714,996
2024-09-20 12:18:42.800000,429.118977201212,8
2024-09-20 12:18:42.834000,429.04721287426594,96
2024-09-20 12:18:42.837000,429.06127188056416,999
2024-09-20 12:18:42.843000,429.07241140645766,996
2024-09-20 12:18:42.894000,429.1130136963,997
2024-09-20 12:18:42.934000,429.0557897070834,103
2024-09-20 12:18:42.980000,429.06274326042507,995
2024-09-20 12:18:43.012000,429.0656496395744,7
2024-09-20 12:18:43.020000,429.1096394548602,100
2024-09-20 12:18:43.123000,429.0518834057224,7
2024-09-20 12:18:43.204000,429.1017598641581,1002
2024-09-20 12:18:43.342000,429.0967324825978,1000
2024-09-20 12:18:43.533000,429.1069290372651,7
2024-09-20 12:18:43.576000,429.09922840665183,996
2024-09-20 12:18:43.645000,429.06103808517,996
2024-09-20 12:18:43.922000,429.1019236032113,1005
2024-09-20 12:18:44.014000,429.1317711985213,8
2024-09-20 12:18:44.049000,429.1067139777712,1004
2024-09-20 12:18:44.061000,429.0758502733719,97
2024-09-20 12:18:44.069000,429.09537554527327,100
2024-09-20 12:18:44.073000,429.13763497291774,999
2024-09-20 12:18:44.177000,429.1074716000164,5
2024-09-20 12:18:44.283000,429.1455382775515,98
2024-09-20 12:18:44.385000,429.10436941504753,995
2024-09-20 12:18:44.468000,429.1212450825367,105
2024-09-20 12:18:44.481000,429.0890525258173,1002
2024-09-20 12:18:44.483000,429.1018976838071,8
2024-09-20 12:18:44.488000,429.1132786512785,15
2024-09-20 12:18:44.617000,429.1259980762296,996
2024-09-20 12:18:44.677000,429.0803932773821,99
2024-09-20 12:18:44.684000,429.1269675584364,101
2024-09-20 12:18:44.761000,429.1252014304764,5
2024-09-20 12:18:44.779000,429.1148590357759,99
2024-09-20 12:18:44.893000,429.0925718858996,11
2024-09-20 12:18:44.964000,429.12318522825234,15
2024-09-20 12:18:46.078000,429.0537064529526,99
2024-09-20 12:18:46.110000,429.0608170923881,101
2024-09-20 12:18:46.139000,429.0953198962718,95
2024-09-20 12:18:46.213000,429.0803406857796,104
2024-09-20 12:18:46.236000,429.1014448712083,1005
2024-09-20 12:18:46.257000,429.01883863279113,1001
2024-09-20 12:18:46.275000,429.0530069604709,1004
2024-09-20 12:18:46.282000,429.0649580171483,997
2024-09-20 12:18:46.283000,429.0572099289966,102
2024-09-20 12:18:46.300000,429.06488516743207,10
2024-09-20 12:18:46.323000,429.07757241810697,98
2024-09-20 12:18:46.391000,429.0111861039167,102
2024-09-20 12:18:46.475000,429.01163552898765,1001
2024-09-20 12:18:46.534000,429.0821201170097,1001
2024-09-20 12:18:46.550000,429.072207083884,15
2024-09-20 12:18:46.554000,429.1074779134648,1005
2024-09-20 12:18:46.595000,428.99434500367056,14
2024-09-20 12:18:46.771000,429.04240503638334,14
2024-09-20 12:18:46.811000,428.9995170372246,11
2024-09-20 12:18:46.811000,429.0811914914949,100
2024-09-20 12:18:46.836000,428.9997456729978,15
2024-09-20 12:18:46.898000,429.0121411674375,95
2024-09-20 12:18:46.932000,429.0273531443929,11
2024-09-20 12:18:46.937000,429.0490761472752,102
2024-09-20 12:18:46.967000,429.0707984930911,997
2024-09-20 12:18:46.970000,429.0614926206169,998
2024-09-20 12:18:46.982000,429.0879667874577,15
2024-09-20 12:18:48.072000,429.0475740397635,996
2024-09-20 12:18:48.257000,429.0095262043953,6
2024-09-20 12:18:48.307000,429.0133454765941,1004
2024-09-20 12:18:48.353000,428.9941949716161,1004
2024-09-20 12:18:48.470000,429.0655638572279,101
2024-09-20 12:18:48.592000,429.0008058018976,8
2024-09-20 12:18:48.597000,429.04580772967154,11
2024-09-20 12:18:48.608000,429.06470288781264,9
2024-09-20 12:18:48.665000,428.9894098894875,9
2024-09-20 12:18:48.673000,428.9906258938877,95
2024-09-20 12:18:48.682000,428.9925681139261,997
2024-09-20 12:18:48.725000,429.0004238522499,14
2024-09-20 12:18:49.041000,429.0400584062384,15
2024-09-20 12:18:49.052000,429.0503820691422,999
2024-09-20 12:18:49.106000,429.0666433814439,999
2024-09-20 12:18:49.112000,429.0471274676357,5
2024-09-20 12:18:49.337000,429.0622252372909,15
2024-09-20 12:18:49.359000,429.0099125796112,104
2024-09-20 12:18:49.369000,429.05036902832006,8
2024-09-20 12:18:49.398000,429.0153190772761,1005
2024-09-20 12:18:49.407000,429.0737031798243,15
2024-09-20 12:18:49.446000,429.0677086528692,996
2024-09-20 12:18:49.456000,429.06815318756975,1002
2024-09-20 12:18:49.507000,429.0829902841233,1004
2024-09-20 12:18:49.520000,429.05880923246735,105
2024-09-20 12:18:49.559000,429.0674836054645,12
2024-09-20 12:18:49.660000,429.0381285566413,97
2024-09-20 12:18:49.985000,429.09232560703344,103
2024-09-20 12:18:50.009000,429.1031393636639,8
2024-09-20 12:18:50.029000,429.0730902918826,996
2024-09-20 12:18:50.029000,429.0952915245944,995
2024-09-20 12:18:50.064000,429.1119290133915,14
2024-09-20 12:18:50.102000,429.0758729813703,99
2024-09-20 12:18:50.129000,429.0894368497657,9
2024-09-20 12:18:50.157000,429.0906930201838,14
2024-09-20 12:18:50.332000,429.1078687452133,999
2024-09-20 12:18:50.368000,429.1051868202464,7
2024-09-20 12:18:50.585000,429.1082328700685,5
2024-09-20 12:18:50.589000,429.0910358079565,996
2024-09-20 12:18:50.637000,429.10315922421006,96
2024-09-20 12:18:50.654000,429.10422868500245,998
2024-09-20 12:18:50.665000,429.1217482074822,1004
2024-09-20 12:18:50.683000,429.1118589148121,97
2024-09-20 12:18:50.690000,429.10347695004697,7
2024-09-20 12:18:50.693000,429.1011127352744,13
2024-09-20 12:18:50.719000,429.1062471912216,1003
2024-09-20 12:18:50.741000,429.1045846597214,999
2024-09-20 12:18:50.760000,429.1045884017322,15
2024-09-20 12:18:50.784000,429.0804402484757,997
2024-09-20 12:18:50.800000,429.0880659910276,101
2024-09-20 12:18:50.803000,429.106378257301,98
2024-09-20 12:18:50.840000,429.105513292912,996
2024-09-20 12:18:50.881000,429.1103858546696,6
2024-09-20 12:18:50.883000,429.0799558826751,15
2024-09-20 12:18:51.097000,429.0770662147509,8
2024-09-20 12:18:51.696000,429.0717843147669,100
2024-09-20 12:18:52.059000,429.0284977450409,96
2024-09-20 12:18:52.067000,429.11476821753246,1002
2024-09-20 12:18:52.100000,429.0747109628301,99
2024-09-20 12:18:52.126000,429.0656705967314,996
2024-09-20 12:18:52.150000,429.07444458200166,999
2024-09-20 12:18:52.206000,429.1163555661988,1004
2024-09-20 12:18:52.221000,429.1278520493372,1000
2024-09-20 12:18:52.257000,429.02173822160455,95
2024-09-20 12:18:52.322000,429.0555346376904,7
2024-09-20 12:18:52.388000,429.10331813056166,105
2024-09-20 12:18:52.404000,429.07848012395823,997
2024-09-20 12:18:52.418000,429.1003710742845,998
2024-09-20 12:18:52.426000,429.07950154264273,13
2024-09-20 12:18:52.454000,429.0563345693215,8
2024-09-20 12:18:52.465000,429.0495633201477,1002
2024-09-20 12:18:52.504000,429.1183873193931,100
2024-09-20 12:18:52.534000,429.0400285202893,1000
2024-09-20 12:18:52.551000,429.0458008796933,997
2024-09-20 12:18:52.552000,429.0555299095529,15
2024-09-20 12:18:52.563000,429.07418217710347,6
2024-09-20 12:18:52.624000,429.0829394135823,8
2024-09-20 12:18:52.653000,429.0500568068655,1005
2024-09-20 12:18:52.704000,429.0398805863869,997
2024-09-20 12:18:52.720000,429.05212227456417,105
2024-09-20 12:18:52.814000,429.1434901351338,96
2024-09-20 12:18:52.924000,429.061884621961,101
2024-09-20 12:18:52.941000,429.070260887051,8
2024-09-20 12:18:52.963000,429.0664483484607,997
2024-09-20 12:18:53.011000,429.114109840213,996
2024-09-20 12:18:53.021000,429.0484513039471,8
2024-09-20 12:18:53.034000,429.0857189349595,14
2024-09-20 12:18:53.044000,429.0922438206517,1001
2024-09-20 12:18:53.178000,429.0547478772455,1003
2024-09-20 12:18:53.187000,429.0728674134947,5
2024-09-20 12:18:53.191000,429.04033379995167,995
2024-09-20 12:18:53.201000,429.0580128582695,98
2024-09-20 12:18:53.204000,429.127477915142,8
2024-09-20 12:18:53.307000,429.0769258656414,1003
2024-09-20 12:18:53.413000,429.08168929343407,1002
2024-09-20 12:18:53.437000,429.132923362033,8
2024-09-20 12:18:53.513000,429.10245072480615,996
2024-09-20 12:18:53.568000,429.0573271652512,97
2024-09-20 12:18:53.585000,429.0679198365118,95
2024-09-20 12:18:53.598000,429.0925826265421,8
2024-09-20 12:18:53.604000,429.0553008721571,8
2024-09-20 12:18:53.641000,429.10729456226727,7
2024-09-20 12:18:53.686000,429.0411227824727,14
2024-09-20 12:18:53.705000,429.0499786540748,15
2024-09-20 12:18:53.785000,429.1013555499974,995
2024-09-20 12:18:53.795000,429.0769396637039,97
2024-09-20 12:18:53.819000,429.0679677047039,14
2024-09-20 12:18:53.946000,429.1185080276648,100
2024-09-20 12:18:54.047000,429.2117755592625,103
2024-09-20 12:18:54.063000,429.1862745094991,995
2024-09-20 12:18:54.129000,429.1895347593552,11
2024-09-20 12:18:54.137000,429.13015082493513,15
2024-09-20 12:18:54.237000,429.09940859365145,11
2024-09-20 12:18:54.245000,429.1600025181772,995
2024-09-20 12:18:54.250000,429.1965038759744,99
2024-09-20 12:18:54.250000,429.210261776676,95
2024-09-20 12:18:54.321000,429.19720914177344,995
2024-09-20 12:18:54.392000,429.1676479761771,11
2024-09-20 12:18:54.397000,429.116431215962,103
2024-09-20 12:18:54.416000,429.1752232018068,104
2024-09-20 12:18:54.503000,429.15697230972046,5
2024-09-20 12:18:54.506000,429.0858506017367,1003
2024-09-20 12:18:54.523000,429.1702713269984,95
2024-09-20 12:18:54.527000,429.18375872561927,997
2024-09-20 12:18:54.529000,429.1387060504289,5
2024-09-20 12:18:54.627000,429.1006953162837,6
2024-09-20 12:18:54.684000,429.17649133167765,105
2024-09-20 12:18:54.691000,429.2169086557987,100
2024-09-20 12:18:54.732000,429.1746460336555,995
2024-09-20 12:18:54.824000,429.1207214439847,104
2024-09-20 12:18:54.868000,429.08992740348975,998
2024-09-20 12:18:54.881000,429.146108851983,15
2024-09-20 12:18:54.918000,429.1076778718431,1003
2024-09-20 12:18:54.939000,429.079776944786,1002
2024-09-20 12:18:54.945000,429.15900361441686,1001
2024-09-20 12:18:54.947000,429.1328170826474,99
2024-09-20 12:18:54.963000,429.216343301401,9
2024-09-20 12:18:55.053000,429.1872615009113,99
2024-09-20 12:18:55.101000,429.1371849272997,98
2024-09-20 12:18:55.177000,429.1451677206255,14
2024-09-20 12:18:55.180000,429.1540051155707,100
2024-09-20 12:18:55.201000,429.1258738368285,99
2024-09-20 12:18:55.250000,429.1748489080517,101
2024-09-20 12:18:55.303000,429.1643572651554,997
2024-09-20 12:18:55.333000,429.1399856373118,997
2024-09-20 12:18:55.357000,429.1153241897738,5
2024-09-20 12:18:55.362000,429.1497490681297,1004
2024-09-20 12:18:55.369000,429.1639254115251,1001
2024-09-20 12:18:55.392000,429.1288370823842,9
2024-09-20 12:18:55.409000,429.1613616607593,97
2024-09-20 12:18:55.453000,429.1538639373532,6
2024-09-20 12:18:55.460000,429.14432859504393,101
2024-09-20 12:18:55.529000,429.1264750140597,14
2024-09-20 12:18:55.599000,429.1360882282995,1002
2024-09-20 12:18:55.655000,429.1345072666851,14
2024-09-20 12:18:55.675000,429.1304738518128,999
2024-09-20 12:18:55.711000,429.1569889993894,12
2024-09-20 12:18:55.855000,429.127577688694,99
2024-09-20 12:18:55.862000,429.148434218352,1004
2024-09-20 12:18:55.888000,429.1673110313421,8
2024-09-20 12:18:55.894000,429.1452381935553,11
2024-09-20 12:18:55.914000,429.1502412393577,1003
2024-09-20 12:18:55.961000,429.14525882668266,103
2024-09-20 12:18:55.982000,429.180355274309,104
2024-09-20 12:18:55.988000,429.162758701328,101
2024-09-20 12:18:55.996000,429.1623418175739,996
2024-09-20 12:18:56.030000,429.1435772378359,1001
2024-09-20 12:18:56.367000,429.1148635040922,6
2024-09-20 12:18:56.408000,429.1269679710438,1000
2024-09-20 12:18:56.667000,429.118223907399,103
2024-09-20 12:18:56.810000,429.140380873971,10
2024-09-20 12:18:56.827000,429.12842381194633,995
2024-09-20 12:18:56.969000,429.0996290664265,1002
2024-09-20 12:18:57.024000,429.1442915447611,101
2024-09-20 12:18:57.056000,429.21670147012094,14
2024-09-20 12:18:57.155000,429.20600490368906,8
2024-09-20 12:18:57.162000,429.2030052411732,95
2024-09-20 12:18:57.244000,429.1916301604586,101
2024-09-20 12:18:57.273000,429.1732879928735,102
2024-09-20 12:18:57.288000,429.1949025540384,6
2024-09-20 12:18:57.328000,429.2046176948617,1000
2024-09-20 12:18:57.331000,429.1290348017454,1005
2024-09-20 12:18:57.380000,429.1744312180517,999
2024-09-20 12:18:57.395000,429.1932307144006,104
2024-09-20 12:18:57.459000,429.2168629904128,1005
2024-09-20 12:18:57.475000,429.17871365574905,7
2024-09-20 12:18:57.478000,429.1885623254134,1005
2024-09-20 12:18:57.494000,429.1996961860161,96
2024-09-20 12:18:57.520000,429.1694002493087,996
2024-09-20 12:18:57.530000,429.2020334423788,8
2024-09-20 12:18:57.603000,429.187701361269,14
2024-09-20 12:18:57.614000,429.21993867077214,10
2024-09-20 12:18:57.686000,429.2036005078144,998
2024-09-20 12:18:57.687000,429.18219973923937,13
2024-09-20 12:18:57.743000,429.2091466400673,6
2024-09-20 12:18:57.788000,429.1949336805458,103
2024-09-20 12:18:57.819000,429.1881039200997,5
2024-09-20 12:18:57.841000,429.13372360181495,996
2024-09-20 12:18:57.869000,429.1852543544256,104
2024-09-20 12:18:57.884000,429.1747069817199,1002
2024-09-20 12:18:58.025000,429.174678583036,104
2024-09-20 12:18:58.054000,429.15000714833553,7
2024-09-20 12:18:58.151000,429.148661962561,995
2024-09-20 12:18:58.513000,429.1639471023733,995
2024-09-20 12:18:58.771000,429.17659519463285,996
2024-09-20 12:18:59.047000,429.1448960328033,101
2024-09-20 12:18:59.069000,429.1011509890869,7
2024-09-20 12:18:59.081000,429.1809612502103,104
2024-09-20 12:18:59.091000,429.1180790517937,96
2024-09-20 12:18:59.117000,429.10259992921095,11
2024-09-20 12:18:59.175000,429.08920083535406,102
2024-09-20 12:18:59.247000,429.1039828894208,99
2024-09-20 12:18:59.276000,429.1083170000941,5
2024-09-20 12:18:59.281000,429.1450868888699,13
2024-09-20 12:18:59.444000,429.1086978760645,1003
2024-09-20 12:18:59.475000,429.0794634992056,1005
2024-09-20 12:18:59.502000,429.1797511490236,997
2024-09-20 12:18:59.505000,429.1819913463332,9
2024-09-20 12:18:59.538000,429.12556243403264,97
2024-09-20 12:18:59.671000,429.18230179894914,995
2024-09-20 12:18:59.749000,429.18377641974695,1002
2024-09-20 12:18:59.782000,429.0882185990818,95
2024-09-20 12:18:59.816000,429.1811059638009,15
2024-09-20 12:18:59.916000,429.1762514535351,1003
