Timestamp,Price,Size
2024-09-17 14:05:00.183000,402.1612956880467,97
2024-09-17 14:05:00.186000,402.1876741869028,10
2024-09-17 14:05:00.251000,402.153932941727,104
2024-09-17 14:05:00.268000,402.18253138254255,996
2024-09-17 14:05:00.346000,402.1687008151263,13
2024-09-17 14:05:00.457000,402.1372016474692,12
2024-09-17 14:05:00.477000,402.1686032649369,96
2024-09-17 14:05:00.580000,402.1667469295775,995
2024-09-17 14:05:00.666000,402.1502356626756,13
2024-09-17 14:05:00.764000,402.17284544297456,15
2024-09-17 14:05:00.771000,402.20767288539145,103
2024-09-17 14:05:00.833000,402.1817210031647,98
2024-09-17 14:05:00.839000,402.1888336246178,1004
2024-09-17 14:05:00.877000,402.15341566706667,13
2024-09-17 14:05:00.936000,402.1661780001273,9
2024-09-17 14:05:00.966000,402.2011142461221,1001
2024-09-17 14:05:00.986000,402.2007755857438,6
2024-09-17 14:05:00.988000,402.1783079064985,1001
2024-09-17 14:05:01.018000,402.1952637944985,1005
2024-09-17 14:05:01.023000,402.181468712406,997
2024-09-17 14:05:01.148000,402.1321939104955,1000
2024-09-17 14:05:01.179000,402.1658587619567,996
2024-09-17 14:05:01.193000,402.1967243912524,8
2024-09-17 14:05:01.193000,402.20438537166206,1001
2024-09-17 14:05:01.206000,402.1594717017152,96
2024-09-17 14:05:01.244000,402.2006988759499,104
2024-09-17 14:05:01.269000,402.14831724753407,5
2024-09-17 14:05:01.274000,402.1282200722396,9
2024-09-17 14:05:01.413000,402.1796995205442,1003
2024-09-17 14:05:01.448000,402.1805316979717,1005
2024-09-17 14:05:01.471000,402.19764863240266,6
2024-09-17 14:05:01.486000,402.1255471890608,1000
2024-09-17 14:05:01.599000,402.1712770724793,103
2024-09-17 14:05:01.629000,402.2018617354571,1002
2024-09-17 14:05:01.636000,402.1415757042682,1001
2024-09-17 14:05:01.680000,402.1626362164811,98
2024-09-17 14:05:01.696000,402.1824184972848,104
2024-09-17 14:05:01.815000,402.1935681344441,99
2024-09-17 14:05:01.889000,402.1550715904408,10
2024-09-17 14:05:01.969000,402.1433279951065,6
2024-09-17 14:05:01.980000,402.1690242325666,8
2024-09-17 14:05:02.046000,402.2060815956069,1001
2024-09-17 14:05:02.247000,402.1946678121963,96
2024-09-17 14:05:02.263000,402.1954970536743,1003
2024-09-17 14:05:02.263000,402.2165033647005,1003
2024-09-17 14:05:02.442000,402.2202586329475,105
2024-09-17 14:05:02.515000,402.2111516226271,105
2024-09-17 14:05:02.523000,402.2137460993901,5
2024-09-17 14:05:02.580000,402.20245087557714,997
2024-09-17 14:05:02.599000,402.18731531662576,995
2024-09-17 14:05:02.731000,402.2200352618816,14
2024-09-17 14:05:02.802000,402.21115630323885,997
2024-09-17 14:05:02.874000,402.2169672453308,101
2024-09-17 14:05:03.038000,402.1658366747072,1001
2024-09-17 14:05:03.114000,402.1840324092016,11
2024-09-17 14:05:03.159000,402.16428755486095,96
2024-09-17 14:05:03.168000,402.2129696733776,1002
2024-09-17 14:05:03.168000,402.1865857482088,96
2024-09-17 14:05:03.192000,402.213524698987,99
2024-09-17 14:05:03.327000,402.1732052382333,996
2024-09-17 14:05:03.393000,402.2046853515047,7
2024-09-17 14:05:03.552000,402.1574165031995,97
2024-09-17 14:05:03.583000,402.1683883525076,15
2024-09-17 14:05:03.675000,402.1693675552454,5
2024-09-17 14:05:03.751000,402.2127988449102,1002
2024-09-17 14:05:03.775000,402.18038037873214,1003
2024-09-17 14:05:04.003000,402.19154603222296,1005
2024-09-17 14:05:04.011000,402.2183940741036,98
2024-09-17 14:05:04.043000,402.2352943903191,11
2024-09-17 14:05:04.068000,402.19197428452026,105
2024-09-17 14:05:04.114000,402.2345174199192,100
2024-09-17 14:05:04.152000,402.2320763413202,15
2024-09-17 14:05:04.181000,402.1471118489871,8
2024-09-17 14:05:04.185000,402.2080046779925,14
2024-09-17 14:05:04.254000,402.2063776414644,101
2024-09-17 14:05:04.268000,402.2253875106244,12
2024-09-17 14:05:04.303000,402.2183695905668,14
2024-09-17 14:05:04.320000,402.18462792711534,996
2024-09-17 14:05:04.335000,402.196478955212,995
2024-09-17 14:05:04.351000,402.2218079739462,1001
2024-09-17 14:05:04.433000,402.20509225970153,12
2024-09-17 14:05:04.492000,402.1611241621896,100
2024-09-17 14:05:04.504000,402.19710764540713,98
2024-09-17 14:05:04.632000,402.16981208013976,998
2024-09-17 14:05:04.664000,402.1584264945826,100
2024-09-17 14:05:04.687000,402.1876849882015,10
2024-09-17 14:05:04.759000,402.2049521686676,6
2024-09-17 14:05:04.760000,402.146866842424,1004
2024-09-17 14:05:04.768000,402.23261184848894,104
2024-09-17 14:05:04.782000,402.2105042055855,13
2024-09-17 14:05:04.828000,402.244038313062,1004
2024-09-17 14:05:04.835000,402.2301021094245,12
2024-09-17 14:05:04.870000,402.1532341727416,15
2024-09-17 14:05:04.927000,402.1883763707563,14
2024-09-17 14:05:05.498000,402.1349892677258,104
2024-09-17 14:05:05.924000,402.1359702884749,5
2024-09-17 14:05:06.003000,402.15512248807016,8
2024-09-17 14:05:06.038000,402.142836607962,102
2024-09-17 14:05:06.114000,402.115627909736,1004
2024-09-17 14:05:06.355000,402.13886836794114,1000
2024-09-17 14:05:06.361000,402.09801793318513,96
2024-09-17 14:05:06.463000,402.13853934825215,1004
2024-09-17 14:05:06.476000,402.13815298760096,997
2024-09-17 14:05:06.488000,402.1592076091671,10
2024-09-17 14:05:06.498000,402.11447157047184,999
2024-09-17 14:05:06.554000,402.1187862759977,13
2024-09-17 14:05:06.564000,402.12764361778727,98
2024-09-17 14:05:06.627000,402.1324788793592,96
2024-09-17 14:05:06.754000,402.1546728502873,1001
2024-09-17 14:05:06.779000,402.1556477641225,98
2024-09-17 14:05:06.826000,402.1159190343562,6
2024-09-17 14:05:06.971000,402.103315694952,10
2024-09-17 14:05:06.991000,402.0878672583714,104
2024-09-17 14:05:07.076000,402.1611220351767,14
2024-09-17 14:05:07.107000,402.1360271698746,11
2024-09-17 14:05:07.148000,402.1429915451055,1002
2024-09-17 14:05:07.234000,402.1378422360864,999
2024-09-17 14:05:07.654000,402.1332331414828,101
2024-09-17 14:05:07.671000,402.1537484103395,8
2024-09-17 14:05:07.857000,402.12631006829344,997
2024-09-17 14:05:07.986000,402.1283979952708,997
2024-09-17 14:05:08.078000,402.1250277667237,1004
2024-09-17 14:05:08.176000,402.1426904203313,1004
2024-09-17 14:05:08.189000,402.1463984299125,103
2024-09-17 14:05:08.235000,402.1324906029017,13
2024-09-17 14:05:08.277000,402.1243661294084,102
2024-09-17 14:05:08.279000,402.1447238753801,1005
2024-09-17 14:05:08.348000,402.14074417539337,996
2024-09-17 14:05:08.411000,402.1579824390569,998
2024-09-17 14:05:08.549000,402.1427019102552,104
2024-09-17 14:05:08.593000,402.1583145395085,995
2024-09-17 14:05:08.790000,402.1457586635453,96
2024-09-17 14:05:08.794000,402.13369229858256,995
2024-09-17 14:05:08.833000,402.1316843645616,105
2024-09-17 14:05:09.014000,402.1604788182781,1005
2024-09-17 14:05:09.043000,402.1640047066564,102
2024-09-17 14:05:09.050000,402.12707182817456,13
2024-09-17 14:05:09.059000,402.11305212944455,12
2024-09-17 14:05:09.085000,402.1351069206955,1003
2024-09-17 14:05:09.102000,402.1615425121207,102
2024-09-17 14:05:09.123000,402.1267638214528,8
2024-09-17 14:05:09.170000,402.11393669015456,97
2024-09-17 14:05:09.258000,402.128998941134,98
2024-09-17 14:05:09.298000,402.1343402421157,9
2024-09-17 14:05:09.309000,402.1447217608935,1004
2024-09-17 14:05:09.395000,402.151987570207,96
2024-09-17 14:05:09.478000,402.1279101603553,100
2024-09-17 14:05:09.508000,402.1171020426547,995
2024-09-17 14:05:09.559000,402.13490977362494,998
2024-09-17 14:05:09.678000,402.1090856979833,10
2024-09-17 14:05:09.679000,402.1509449914516,105
2024-09-17 14:05:09.712000,402.14603518713136,999
2024-09-17 14:05:09.754000,402.132981356179,7
2024-09-17 14:05:09.956000,402.1495522961186,100
2024-09-17 14:05:09.991000,402.1536453704807,9
2024-09-17 14:05:10.062000,402.1457478643403,5
2024-09-17 14:05:10.070000,402.14352902947024,103
2024-09-17 14:05:10.102000,402.1427778931026,1000
2024-09-17 14:05:10.104000,402.1163160857053,1004
2024-09-17 14:05:10.109000,402.108427004492,103
2024-09-17 14:05:10.118000,402.1127677042105,7
2024-09-17 14:05:10.183000,402.1655431887377,100
2024-09-17 14:05:10.216000,402.1142658953525,95
2024-09-17 14:05:10.238000,402.11677619340446,1002
2024-09-17 14:05:10.239000,402.0995033144944,15
2024-09-17 14:05:10.247000,402.1651258855735,102
2024-09-17 14:05:10.258000,402.1196478121978,1005
2024-09-17 14:05:10.290000,402.1383243422907,102
2024-09-17 14:05:10.292000,402.1463784805396,104
2024-09-17 14:05:10.387000,402.1067920934028,995
2024-09-17 14:05:10.389000,402.15648184201785,105
2024-09-17 14:05:10.392000,402.1347784130957,105
2024-09-17 14:05:10.525000,402.1300324581855,10
2024-09-17 14:05:10.589000,402.1064958206143,104
2024-09-17 14:05:10.735000,402.1305445743921,996
2024-09-17 14:05:10.763000,402.1115499998024,998
2024-09-17 14:05:10.801000,402.13405436317794,100
2024-09-17 14:05:10.892000,402.1085908011213,6
2024-09-17 14:05:10.926000,402.10992018784975,1003
2024-09-17 14:05:10.965000,402.1108340680271,15
2024-09-17 14:05:10.988000,402.1130271681211,96
2024-09-17 14:05:11.030000,402.07726438200416,14
2024-09-17 14:05:11.079000,402.1093384210156,6
2024-09-17 14:05:11.138000,402.0748271299777,12
2024-09-17 14:05:11.150000,402.0360804516957,104
2024-09-17 14:05:11.219000,402.0613890451222,15
2024-09-17 14:05:11.250000,402.0868229176862,1004
2024-09-17 14:05:11.259000,402.1129375791788,96
2024-09-17 14:05:11.306000,402.0776037582182,10
2024-09-17 14:05:11.312000,402.0786684744364,995
2024-09-17 14:05:11.390000,402.0766471584949,997
2024-09-17 14:05:11.424000,402.12769911533815,5
2024-09-17 14:05:11.436000,402.0777865802104,96
2024-09-17 14:05:11.492000,402.0962195995261,15
2024-09-17 14:05:11.551000,402.02307239474845,98
2024-09-17 14:05:11.583000,402.0171468286315,11
2024-09-17 14:05:11.591000,402.0661758814802,104
2024-09-17 14:05:11.687000,402.0323295308129,996
2024-09-17 14:05:11.709000,402.0808702584521,1002
2024-09-17 14:05:11.733000,402.0676662640708,99
2024-09-17 14:05:11.831000,402.0733558912793,10
2024-09-17 14:05:11.946000,402.1211173303183,998
2024-09-17 14:05:11.960000,402.07152489594137,98
2024-09-17 14:05:11.990000,402.031456414772,103
2024-09-17 14:05:12.049000,402.0019676856712,1002
2024-09-17 14:05:12.065000,401.9811314940723,9
2024-09-17 14:05:12.082000,402.0225748371588,100
2024-09-17 14:05:12.119000,402.0151903066263,1005
2024-09-17 14:05:12.126000,402.0058346414323,1000
2024-09-17 14:05:12.149000,401.9798776350253,14
2024-09-17 14:05:12.253000,401.97442150157536,996
2024-09-17 14:05:12.271000,402.038159467748,6
2024-09-17 14:05:12.345000,401.9874441972341,7
2024-09-17 14:05:12.383000,402.0090573994886,996
2024-09-17 14:05:12.400000,402.020333549065,9
2024-09-17 14:05:12.452000,401.9991179840857,5
2024-09-17 14:05:12.474000,401.9813358186499,13
2024-09-17 14:05:12.568000,401.96862678345406,6
2024-09-17 14:05:12.575000,402.0131083223855,99
2024-09-17 14:05:12.640000,401.9666789585644,105
2024-09-17 14:05:12.661000,402.0325943715293,999
2024-09-17 14:05:12.670000,401.9875784898869,97
2024-09-17 14:05:12.699000,401.9850277956092,104
2024-09-17 14:05:12.780000,402.0428645422455,13
2024-09-17 14:05:12.800000,401.9752154462957,996
2024-09-17 14:05:12.864000,401.9651435388498,99
2024-09-17 14:05:12.905000,401.9891088260802,98
2024-09-17 14:05:12.969000,402.0186361863391,101
2024-09-17 14:05:12.972000,401.9776243204248,14
2024-09-17 14:05:13.017000,402.028309022418,6
2024-09-17 14:05:13.036000,402.0304146569888,5
2024-09-17 14:05:13.166000,402.0351560869056,101
2024-09-17 14:05:13.261000,402.0002947310169,999
2024-09-17 14:05:13.520000,402.02016621265767,98
2024-09-17 14:05:13.530000,402.03171046934347,1000
2024-09-17 14:05:13.646000,402.0339760095367,96
2024-09-17 14:05:13.667000,402.0025274684347,999
2024-09-17 14:05:13.862000,402.0183660805437,100
2024-09-17 14:05:14.012000,402.046413615113,97
2024-09-17 14:05:14.143000,402.0210692339553,1001
2024-09-17 14:05:14.170000,401.99742898377633,5
2024-09-17 14:05:14.298000,402.0178161068889,998
2024-09-17 14:05:14.365000,401.9875403359926,12
2024-09-17 14:05:14.462000,402.0336909791818,1005
2024-09-17 14:05:14.465000,402.0340308557101,7
2024-09-17 14:05:14.494000,402.0698985016939,103
2024-09-17 14:05:14.516000,402.0548718845267,995
2024-09-17 14:05:14.575000,402.0827435424616,1000
2024-09-17 14:05:14.671000,402.0726079511928,1002
2024-09-17 14:05:14.756000,402.0124103042542,999
2024-09-17 14:05:14.794000,402.0171717472938,15
2024-09-17 14:05:14.799000,402.0464517270689,8
2024-09-17 14:05:14.806000,402.0492852685583,1000
2024-09-17 14:05:14.833000,402.0334425823223,95
2024-09-17 14:05:14.889000,402.0335517137431,11
2024-09-17 14:05:14.931000,402.0283420604837,101
2024-09-17 14:05:14.946000,402.0272393456428,1005
2024-09-17 14:05:14.959000,402.0200293083776,12
2024-09-17 14:05:14.971000,402.05045095499526,15
2024-09-17 14:05:14.980000,402.07244578225857,14
2024-09-17 14:05:14.993000,401.9965367748256,5
2024-09-17 14:05:14.993000,402.01872955067086,97
2024-09-17 14:05:15.027000,402.0020862320165,998
2024-09-17 14:05:15.036000,402.0107514468082,102
2024-09-17 14:05:15.077000,402.05432345450345,11
2024-09-17 14:05:15.150000,402.0097536945889,996
2024-09-17 14:05:15.218000,402.0181516308423,102
2024-09-17 14:05:15.317000,402.0380909931395,10
2024-09-17 14:05:15.334000,402.04049159571554,1001
2024-09-17 14:05:15.385000,402.0156563954509,1003
2024-09-17 14:05:15.414000,402.0380224572399,1004
2024-09-17 14:05:15.424000,402.0042579524862,96
2024-09-17 14:05:15.456000,402.0251804646645,13
2024-09-17 14:05:15.545000,402.03366474896177,1000
2024-09-17 14:05:15.617000,402.03237165538445,1002
2024-09-17 14:05:15.630000,402.0370880234538,95
2024-09-17 14:05:15.776000,402.0539840639313,995
2024-09-17 14:05:16.013000,402.0106998368408,97
2024-09-17 14:05:16.096000,401.9491254539847,98
2024-09-17 14:05:16.153000,401.96300822278624,102
2024-09-17 14:05:16.197000,401.97362396401167,1000
2024-09-17 14:05:16.200000,402.0389881532169,99
2024-09-17 14:05:16.302000,401.9708487458912,96
2024-09-17 14:05:16.499000,401.9851341533779,97
2024-09-17 14:05:16.558000,402.02202905817546,102
2024-09-17 14:05:16.607000,401.9707481935083,997
2024-09-17 14:05:16.634000,402.01179870280976,1004
2024-09-17 14:05:16.774000,402.0158727925957,1002
2024-09-17 14:05:16.869000,401.9504423689101,999
2024-09-17 14:05:18.027000,401.9999728646775,995
2024-09-17 14:05:18.146000,402.0084376842281,103
2024-09-17 14:05:18.155000,402.0063250532681,1000
2024-09-17 14:05:18.195000,401.99491702885535,11
2024-09-17 14:05:18.266000,401.9920974576805,13
2024-09-17 14:05:18.295000,401.9884234655498,1004
2024-09-17 14:05:18.315000,401.99092813639214,996
2024-09-17 14:05:18.584000,401.9779989522182,96
2024-09-17 14:05:18.875000,402.0359662988021,105
2024-09-17 14:05:19.054000,402.0478156219922,1005
2024-09-17 14:05:19.838000,402.0713999215028,101
2024-09-17 14:05:19.843000,402.0442616098685,100
2024-09-17 14:05:19.888000,402.0444890001204,105
2024-09-17 14:05:20.195000,402.0533028829626,10
2024-09-17 14:05:20.229000,402.1160759349994,13
2024-09-17 14:05:20.482000,402.0520594576232,6
2024-09-17 14:05:20.586000,402.0644973786804,8
2024-09-17 14:05:20.852000,402.1345328200016,101
2024-09-17 14:05:20.858000,402.1027343542992,15
2024-09-17 14:05:20.925000,402.07309775037584,6
2024-09-17 14:05:20.968000,402.129343073678,98
2024-09-17 14:05:21.034000,402.1519298483352,995
2024-09-17 14:05:21.059000,402.1733015741369,100
2024-09-17 14:05:21.088000,402.1460841989665,96
2024-09-17 14:05:21.323000,402.1488974496878,6
2024-09-17 14:05:21.391000,402.1644828653762,1002
2024-09-17 14:05:21.528000,402.1623915014129,5
2024-09-17 14:05:22.006000,402.1482074876996,13
2024-09-17 14:05:22.157000,402.1454403357255,995
2024-09-17 14:05:22.250000,402.1667559154364,12
2024-09-17 14:05:22.512000,402.1827996120856,13
2024-09-17 14:05:22.694000,402.162943331713,13
2024-09-17 14:05:22.980000,402.1717178164215,995
2024-09-17 14:05:23.166000,402.1565931834172,1003
2024-09-17 14:05:24.033000,402.201739443598,1002
2024-09-17 14:05:24.208000,402.1975697721486,997
2024-09-17 14:05:24.272000,402.20490670998606,1003
2024-09-17 14:05:24.280000,402.19185501025606,1003
2024-09-17 14:05:24.287000,402.1606171824168,999
2024-09-17 14:05:24.295000,402.1983018659298,997
2024-09-17 14:05:24.352000,402.1540078778385,1002
2024-09-17 14:05:24.366000,402.20019838507005,1000
2024-09-17 14:05:24.367000,402.1985320292716,1005
2024-09-17 14:05:24.463000,402.2059342046013,15
2024-09-17 14:05:24.514000,402.2017622236256,997
2024-09-17 14:05:24.647000,402.2085128634808,1000
2024-09-17 14:05:24.709000,402.1992226891795,14
2024-09-17 14:05:24.713000,402.1746370052867,11
2024-09-17 14:05:24.734000,402.1986492681818,999
2024-09-17 14:05:24.807000,402.1544408358228,95
2024-09-17 14:05:24.843000,402.21154998480085,5
2024-09-17 14:05:24.946000,402.1481174292937,104
2024-09-17 14:05:25.051000,402.2010238083303,996
2024-09-17 14:05:25.141000,402.2463432321359,999
2024-09-17 14:05:25.204000,402.220492341207,100
2024-09-17 14:05:25.207000,402.2060942345807,9
2024-09-17 14:05:25.291000,402.2118197015466,101
2024-09-17 14:05:25.367000,402.2228264050129,996
2024-09-17 14:05:25.419000,402.2101399374272,5
2024-09-17 14:05:25.440000,402.21905506416647,1001
2024-09-17 14:05:25.449000,402.2158470428032,1003
2024-09-17 14:05:25.467000,402.22524260050886,101
2024-09-17 14:05:25.513000,402.19540649034775,96
2024-09-17 14:05:25.587000,402.2428624013732,11
2024-09-17 14:05:25.669000,402.2323764047921,995
2024-09-17 14:05:25.842000,402.2170748253304,98
2024-09-17 14:05:25.869000,402.2070226416585,12
2024-09-17 14:05:25.959000,402.2216550097697,1003
2024-09-17 14:05:25.965000,402.230913519049,8
2024-09-17 14:05:25.971000,402.2141627801692,102
2024-09-17 14:05:25.987000,402.2190634359183,1004
2024-09-17 14:05:26.008000,402.2141866321994,996
2024-09-17 14:05:26.029000,402.2208141575808,998
2024-09-17 14:05:26.152000,402.19915209512993,6
2024-09-17 14:05:26.262000,402.20202269146336,1004
2024-09-17 14:05:26.372000,402.2145205566511,6
2024-09-17 14:05:26.436000,402.1948011182717,96
2024-09-17 14:05:26.438000,402.2097956395658,1000
2024-09-17 14:05:26.570000,402.20830562473503,96
2024-09-17 14:05:26.594000,402.2177662529064,10
2024-09-17 14:05:26.603000,402.2203439529363,1005
2024-09-17 14:05:26.614000,402.195802120019,12
2024-09-17 14:05:26.707000,402.2200941764191,14
2024-09-17 14:05:26.739000,402.2290160791727,13
2024-09-17 14:05:26.893000,402.1970133353437,997
2024-09-17 14:05:26.950000,402.2094218683617,996
2024-09-17 14:05:26.976000,402.1870424765754,14
2024-09-17 14:05:27.003000,402.2286013474831,98
2024-09-17 14:05:27.106000,402.2362405684828,8
2024-09-17 14:05:27.187000,402.2401345259644,1002
2024-09-17 14:05:27.265000,402.209978214438,98
2024-09-17 14:05:27.267000,402.2088449805916,12
2024-09-17 14:05:27.382000,402.2050487062403,998
2024-09-17 14:05:27.683000,402.2182040856906,5
2024-09-17 14:05:27.683000,402.2290326067873,103
2024-09-17 14:05:27.808000,402.2178348139024,7
2024-09-17 14:05:28.062000,402.2141694038211,11
2024-09-17 14:05:28.121000,402.2448330584141,12
2024-09-17 14:05:28.141000,402.1962282855908,105
2024-09-17 14:05:28.200000,402.23814701217634,14
2024-09-17 14:05:28.231000,402.1963736567752,102
2024-09-17 14:05:28.253000,402.24102358043694,104
2024-09-17 14:05:28.295000,402.2398037849373,14
2024-09-17 14:05:28.355000,402.1878608980857,101
2024-09-17 14:05:28.364000,402.2055600987638,1003
2024-09-17 14:05:28.387000,402.20930179782897,12
2024-09-17 14:05:28.404000,402.22983506512026,101
2024-09-17 14:05:28.428000,402.1768516128868,97
2024-09-17 14:05:28.486000,402.2223159357689,95
2024-09-17 14:05:28.492000,402.2125959392745,102
2024-09-17 14:05:28.521000,402.21547870634777,1000
2024-09-17 14:05:28.577000,402.2206683611393,11
2024-09-17 14:05:28.595000,402.2017195665548,1002
2024-09-17 14:05:28.649000,402.1873068326017,101
2024-09-17 14:05:28.731000,402.2073932264578,1005
2024-09-17 14:05:28.758000,402.2229379858521,9
2024-09-17 14:05:28.805000,402.2290987532481,99
2024-09-17 14:05:28.849000,402.2533343668185,999
2024-09-17 14:05:28.960000,402.2306410210783,103
2024-09-17 14:05:28.974000,402.2241302702568,96
2024-09-17 14:05:29.154000,402.2311043504657,11
2024-09-17 14:05:29.215000,402.2443740219256,996
2024-09-17 14:05:29.588000,402.2379711301483,14
2024-09-17 14:05:29.817000,402.2377558924808,105
2024-09-17 14:05:30.119000,402.2560679032144,1002
2024-09-17 14:05:30.119000,402.2425698430477,11
2024-09-17 14:05:30.237000,402.2432678177461,101
2024-09-17 14:05:30.257000,402.2445382008981,15
2024-09-17 14:05:30.327000,402.2570348560394,95
2024-09-17 14:05:30.554000,402.2428192145652,1000
2024-09-17 14:05:30.558000,402.2441610924057,1004
2024-09-17 14:05:30.689000,402.24892442667806,1003
2024-09-17 14:05:30.725000,402.2292567579235,996
2024-09-17 14:05:30.761000,402.2613834500588,96
2024-09-17 14:05:30.970000,402.2318284401849,105
2024-09-17 14:05:30.975000,402.22220563147135,9
2024-09-17 14:05:31.031000,402.2092684185507,105
2024-09-17 14:05:31.133000,402.2150499247478,6
2024-09-17 14:05:31.241000,402.2354409325268,99
2024-09-17 14:05:31.253000,402.1961382564025,14
2024-09-17 14:05:31.282000,402.2219867778799,95
2024-09-17 14:05:31.328000,402.2172141905426,105
2024-09-17 14:05:31.359000,402.1685889498891,7
2024-09-17 14:05:31.435000,402.21184528234255,100
2024-09-17 14:05:31.449000,402.1709882757472,9
2024-09-17 14:05:31.476000,402.1815600832168,1003
2024-09-17 14:05:31.502000,402.14665555368697,8
2024-09-17 14:05:31.536000,402.17006186295504,99
2024-09-17 14:05:31.589000,402.2273812119305,10
2024-09-17 14:05:31.601000,402.1485038512269,1005
2024-09-17 14:05:31.610000,402.18912060692094,103
2024-09-17 14:05:31.612000,402.23489484719096,102
2024-09-17 14:05:31.617000,402.16493261242334,99
2024-09-17 14:05:31.637000,402.22359390190496,101
2024-09-17 14:05:31.668000,402.1822039734781,102
2024-09-17 14:05:31.700000,402.1673726813568,95
2024-09-17 14:05:31.789000,402.21733392311376,97
2024-09-17 14:05:31.802000,402.21430178018153,7
2024-09-17 14:05:31.823000,402.2187767659351,97
2024-09-17 14:05:31.896000,402.2107294380821,100
2024-09-17 14:05:31.918000,402.1915537341259,997
2024-09-17 14:05:31.938000,402.1702323388671,95
2024-09-17 14:05:32.025000,402.1876802482065,997
2024-09-17 14:05:32.040000,402.2216982287141,98
2024-09-17 14:05:32.127000,402.1958435240588,104
2024-09-17 14:05:32.130000,402.200582845093,99
2024-09-17 14:05:32.141000,402.1748175309236,1003
2024-09-17 14:05:32.156000,402.20991863397,12
2024-09-17 14:05:32.231000,402.1879958140079,1005
2024-09-17 14:05:32.250000,402.1708570005089,999
2024-09-17 14:05:32.257000,402.1693741778062,104
2024-09-17 14:05:32.321000,402.18397742020966,996
2024-09-17 14:05:32.352000,402.2170095808008,6
2024-09-17 14:05:32.544000,402.17241872646497,1003
2024-09-17 14:05:32.655000,402.1729057366988,7
2024-09-17 14:05:32.687000,402.154446536638,101
2024-09-17 14:05:32.819000,402.22714439614657,101
2024-09-17 14:05:32.823000,402.1706399411239,999
2024-09-17 14:05:32.824000,402.1912500926253,1001
2024-09-17 14:05:32.887000,402.1815765982704,101
2024-09-17 14:05:32.892000,402.2122752485243,98
2024-09-17 14:05:32.906000,402.1909268244116,6
2024-09-17 14:05:32.954000,402.1643106037926,1005
2024-09-17 14:05:32.981000,402.1803396465824,96
2024-09-17 14:05:33.081000,402.1340540177026,6
2024-09-17 14:05:33.145000,402.16976706414056,96
2024-09-17 14:05:33.145000,402.1574483503127,996
2024-09-17 14:05:33.161000,402.1430746159057,104
2024-09-17 14:05:33.195000,402.12560666787033,1005
2024-09-17 14:05:33.216000,402.1251902691545,10
2024-09-17 14:05:33.265000,402.0965401309286,996
2024-09-17 14:05:33.269000,402.0722369543334,1001
2024-09-17 14:05:33.279000,402.14989276604257,97
2024-09-17 14:05:33.311000,402.17660901495714,104
2024-09-17 14:05:33.368000,402.1281179646009,103
2024-09-17 14:05:33.438000,402.16303864186057,1002
2024-09-17 14:05:33.541000,402.12801932797095,999
2024-09-17 14:05:33.551000,402.1371073991965,6
2024-09-17 14:05:33.553000,402.1630658794407,97
2024-09-17 14:05:33.555000,402.1207718840368,997
2024-09-17 14:05:33.591000,402.1486139313775,103
2024-09-17 14:05:33.602000,402.1450991505461,99
2024-09-17 14:05:33.625000,402.1660141022136,1002
2024-09-17 14:05:33.703000,402.06452410699086,10
2024-09-17 14:05:33.716000,402.1503024648866,10
2024-09-17 14:05:33.762000,402.16790381546434,14
2024-09-17 14:05:33.817000,402.0795191470867,11
2024-09-17 14:05:33.911000,402.0680127768161,13
2024-09-17 14:05:33.919000,402.1748683824858,96
2024-09-17 14:05:33.920000,402.09641469850186,104
2024-09-17 14:05:34.045000,401.99295585421146,14
2024-09-17 14:05:34.077000,402.1063274288357,101
2024-09-17 14:05:34.155000,402.0509325144773,998
2024-09-17 14:05:34.179000,402.0426995674501,100
2024-09-17 14:05:34.226000,401.95555300731706,998
2024-09-17 14:05:34.238000,401.9800465420719,1001
2024-09-17 14:05:34.257000,401.9905241599912,96
2024-09-17 14:05:34.307000,402.04686727850753,1005
2024-09-17 14:05:34.323000,401.9753107026944,15
2024-09-17 14:05:34.411000,402.01850421256273,103
2024-09-17 14:05:34.561000,402.0775788180743,1000
2024-09-17 14:05:34.625000,402.02155575372063,1004
2024-09-17 14:05:34.736000,401.9721986818751,95
2024-09-17 14:05:34.776000,402.0638199600736,998
2024-09-17 14:05:34.791000,401.9494789125421,8
2024-09-17 14:05:34.798000,401.9983129754334,98
2024-09-17 14:05:34.816000,402.0109515665307,1003
2024-09-17 14:05:34.829000,402.03797410303656,102
2024-09-17 14:05:34.855000,402.0751648842998,1003
2024-09-17 14:05:34.864000,402.079334039744,100
2024-09-17 14:05:34.933000,401.9853357604628,7
2024-09-17 14:05:34.944000,402.0147867671143,102
2024-09-17 14:05:34.994000,402.021257265431,9
2024-09-17 14:05:35.121000,401.9376793859557,104
2024-09-17 14:05:35.359000,401.95230730323567,98
2024-09-17 14:05:35.614000,401.9876405391713,102
2024-09-17 14:05:35.818000,401.9739939830562,10
2024-09-17 14:05:36.013000,401.9615422955404,104
2024-09-17 14:05:36.067000,401.98495225791663,15
2024-09-17 14:05:36.074000,402.00985671116473,14
2024-09-17 14:05:36.126000,402.0057467489023,8
2024-09-17 14:05:36.222000,402.0064236006984,999
2024-09-17 14:05:36.252000,402.0256652430497,95
2024-09-17 14:05:36.303000,401.9978677692412,5
2024-09-17 14:05:36.332000,402.0275204457533,996
2024-09-17 14:05:36.488000,402.0163384029896,103
2024-09-17 14:05:36.561000,402.0208780123885,98
2024-09-17 14:05:36.673000,401.97775073107465,9
2024-09-17 14:05:36.884000,402.0055466531069,1000
2024-09-17 14:05:36.950000,402.0080125457841,14
2024-09-17 14:05:37.018000,402.0299855060061,1001
2024-09-17 14:05:37.055000,402.05361103945097,15
2024-09-17 14:05:37.079000,401.9909744381157,15
2024-09-17 14:05:37.114000,401.9902739964479,998
2024-09-17 14:05:37.117000,401.9837053188077,101
2024-09-17 14:05:37.172000,402.0499513461908,1004
2024-09-17 14:05:37.215000,402.023063796395,6
2024-09-17 14:05:37.289000,402.0204090046449,6
2024-09-17 14:05:37.311000,402.02436143656377,14
2024-09-17 14:05:37.399000,402.00372022428064,1001
2024-09-17 14:05:37.515000,402.0127360968283,95
2024-09-17 14:05:37.564000,402.04178488612,11
2024-09-17 14:05:37.571000,402.0144896380176,97
2024-09-17 14:05:37.607000,402.0534942177279,96
2024-09-17 14:05:37.674000,402.00378629848376,13
2024-09-17 14:05:37.688000,402.0090616950074,1001
2024-09-17 14:05:37.852000,402.01403053168286,996
2024-09-17 14:05:37.895000,402.0294947003123,96
2024-09-17 14:05:37.923000,401.9947197477063,999
2024-09-17 14:05:37.966000,402.01824300787246,999
2024-09-17 14:05:38.004000,402.0055251756445,11
2024-09-17 14:05:38.016000,402.03906973571793,997
2024-09-17 14:05:38.065000,402.04395128709535,996
2024-09-17 14:05:38.073000,402.0467787569101,995
2024-09-17 14:05:38.120000,402.0477281758464,11
2024-09-17 14:05:38.311000,402.0418249954333,97
2024-09-17 14:05:38.334000,402.0535487360959,101
2024-09-17 14:05:38.339000,402.01480675842953,996
2024-09-17 14:05:38.456000,402.0673112849238,996
2024-09-17 14:05:38.473000,402.0601800477739,100
2024-09-17 14:05:38.596000,402.0210480029512,6
2024-09-17 14:05:38.648000,402.0523783180669,7
2024-09-17 14:05:38.731000,402.0487408513057,1001
2024-09-17 14:05:38.828000,402.0368579428215,6
2024-09-17 14:05:38.885000,402.03181896362,999
2024-09-17 14:05:39.195000,402.03923009084303,100
2024-09-17 14:05:39.390000,402.0564196083828,11
2024-09-17 14:05:39.749000,402.0511469333891,14
2024-09-17 14:05:40.208000,402.0668372163536,1003
2024-09-17 14:05:40.271000,402.0711536057008,98
2024-09-17 14:05:40.291000,402.0319310101791,7
2024-09-17 14:05:40.433000,402.0694303702685,997
2024-09-17 14:05:40.477000,402.0632704529024,96
2024-09-17 14:05:40.585000,402.0725887262692,104
2024-09-17 14:05:40.586000,402.0583678634543,102
2024-09-17 14:05:40.587000,402.05648924905154,96
2024-09-17 14:05:40.589000,402.0537890114544,14
2024-09-17 14:05:40.604000,402.0558604504741,104
2024-09-17 14:05:40.655000,402.0736610736477,100
2024-09-17 14:05:40.780000,402.0575472368754,5
2024-09-17 14:05:40.914000,402.0535784188174,14
2024-09-17 14:05:41.004000,402.0781370460047,99
2024-09-17 14:05:41.004000,402.0768811845626,95
2024-09-17 14:05:41.094000,402.0739197751974,999
2024-09-17 14:05:41.096000,402.07117064339167,1002
2024-09-17 14:05:41.099000,402.0566393705459,105
2024-09-17 14:05:41.133000,402.0628352420344,1001
2024-09-17 14:05:41.160000,402.0581527374649,103
2024-09-17 14:05:41.169000,402.0855043825735,105
2024-09-17 14:05:41.192000,402.0474199696369,14
2024-09-17 14:05:41.199000,402.0786219929796,999
2024-09-17 14:05:41.379000,402.0527691753455,103
2024-09-17 14:05:41.400000,402.08998184166825,98
2024-09-17 14:05:41.418000,402.0571574730812,14
2024-09-17 14:05:41.420000,402.0567131263596,1000
2024-09-17 14:05:41.547000,402.0656227988208,995
2024-09-17 14:05:41.662000,402.0479293346832,1002
2024-09-17 14:05:41.713000,402.0968116546589,97
2024-09-17 14:05:41.726000,402.05826877417314,15
2024-09-17 14:05:41.915000,402.0626464306804,8
2024-09-17 14:05:41.920000,402.0525670556209,7
2024-09-17 14:05:41.922000,402.0636947577477,7
2024-09-17 14:05:41.956000,402.07739403239685,8
2024-09-17 14:05:41.974000,402.09877870228695,96
2024-09-17 14:05:42.158000,402.0760295859502,1002
2024-09-17 14:05:42.284000,402.0507059918767,997
2024-09-17 14:05:42.360000,402.0694320696025,6
2024-09-17 14:05:42.445000,402.0814692207456,104
2024-09-17 14:05:42.455000,402.05406655175074,14
2024-09-17 14:05:42.556000,402.0588794288207,101
2024-09-17 14:05:42.569000,402.05107919355487,9
2024-09-17 14:05:42.579000,402.0749295452886,101
2024-09-17 14:05:42.647000,402.0534699155692,7
2024-09-17 14:05:42.734000,402.04304913523526,102
2024-09-17 14:05:42.836000,402.0777381021515,95
2024-09-17 14:05:42.840000,402.0711326530854,999
2024-09-17 14:05:42.913000,402.0334769426318,100
2024-09-17 14:05:42.941000,402.0518843349045,99
2024-09-17 14:05:42.974000,402.04121131944027,100
2024-09-17 14:05:43.041000,402.0960552531037,1001
2024-09-17 14:05:43.062000,402.0821965366109,999
2024-09-17 14:05:43.086000,402.0605767720783,12
2024-09-17 14:05:43.380000,402.0881937920649,8
2024-09-17 14:05:43.400000,402.0582879073367,1002
2024-09-17 14:05:43.443000,402.1103315862382,97
2024-09-17 14:05:43.443000,402.09976399596144,6
2024-09-17 14:05:43.460000,402.0690212780015,12
2024-09-17 14:05:43.474000,402.0602428888432,1001
2024-09-17 14:05:43.683000,402.0684735478358,95
2024-09-17 14:05:43.702000,402.05377943687006,7
2024-09-17 14:05:43.705000,402.105439441752,13
2024-09-17 14:05:43.748000,402.0652968271077,6
2024-09-17 14:05:43.918000,402.09640551022295,14
2024-09-17 14:05:43.983000,402.1102946494311,997
2024-09-17 14:05:44.020000,402.1183938462672,103
2024-09-17 14:05:44.194000,402.09965320638776,98
2024-09-17 14:05:44.256000,402.1130678573623,104
2024-09-17 14:05:44.335000,402.0986837461277,9
2024-09-17 14:05:44.345000,402.10152828979176,10
2024-09-17 14:05:44.427000,402.12234870269145,104
2024-09-17 14:05:44.504000,402.0962531944372,102
2024-09-17 14:05:44.533000,402.0807334142763,11
2024-09-17 14:05:44.579000,402.1058496746281,1001
2024-09-17 14:05:44.776000,402.1221847897348,103
2024-09-17 14:05:44.776000,402.1250727984987,14
2024-09-17 14:05:44.789000,402.1105327138172,999
2024-09-17 14:05:44.847000,402.11882469510095,102
2024-09-17 14:05:44.870000,402.1061239875169,998
2024-09-17 14:05:44.881000,402.1104008657105,101
2024-09-17 14:05:44.910000,402.13300307910765,105
2024-09-17 14:05:44.952000,402.1207143002573,11
2024-09-17 14:05:44.986000,402.1207595811735,13
2024-09-17 14:05:44.993000,402.1048782074974,10
2024-09-17 14:05:45.085000,402.1088628612817,997
2024-09-17 14:05:45.239000,402.06995767563046,1001
2024-09-17 14:05:45.249000,402.08665441354873,14
2024-09-17 14:05:45.256000,402.06587699110855,101
2024-09-17 14:05:45.277000,402.098657763155,96
2024-09-17 14:05:45.390000,402.0870678180676,1002
2024-09-17 14:05:45.504000,402.09727440735264,104
2024-09-17 14:05:45.643000,402.0760075860394,997
2024-09-17 14:05:45.682000,402.0885266115194,997
2024-09-17 14:05:45.762000,402.0986835786496,995
2024-09-17 14:05:45.799000,402.06986793753634,10
2024-09-17 14:05:45.803000,402.0802540730044,5
2024-09-17 14:05:45.812000,402.0879017653829,1003
2024-09-17 14:05:45.821000,402.0952898767501,999
2024-09-17 14:05:45.835000,402.0681332894278,997
2024-09-17 14:05:46.022000,402.1782031561208,1000
2024-09-17 14:05:46.070000,402.1494913971897,103
2024-09-17 14:05:46.240000,402.1626709883778,103
2024-09-17 14:05:46.293000,402.0968599445205,12
2024-09-17 14:05:46.333000,402.1312507959924,14
2024-09-17 14:05:46.335000,402.1306014456675,95
2024-09-17 14:05:46.338000,402.1693083559817,6
2024-09-17 14:05:46.402000,402.1673876158431,98
2024-09-17 14:05:46.443000,402.1123312147302,9
2024-09-17 14:05:46.466000,402.1487748515569,996
2024-09-17 14:05:46.489000,402.1614299588624,6
2024-09-17 14:05:46.495000,402.1520338379613,7
2024-09-17 14:05:46.497000,402.1698456299191,14
2024-09-17 14:05:46.522000,402.1711643598837,996
2024-09-17 14:05:46.575000,402.1713334931038,6
2024-09-17 14:05:46.589000,402.14716018775016,100
2024-09-17 14:05:46.617000,402.1291812758132,98
2024-09-17 14:05:46.625000,402.1192546763988,6
2024-09-17 14:05:46.862000,402.1733065230768,14
2024-09-17 14:05:46.866000,402.159061164225,102
2024-09-17 14:05:46.912000,402.1739775725691,996
2024-09-17 14:05:46.928000,402.1266733274263,98
2024-09-17 14:05:46.950000,402.1287829721376,995
2024-09-17 14:05:46.962000,402.1284038865764,13
2024-09-17 14:05:47.053000,402.1252033069045,6
2024-09-17 14:05:47.069000,402.104004405949,997
2024-09-17 14:05:47.200000,402.1484346601535,1004
2024-09-17 14:05:47.295000,402.1349661836386,15
2024-09-17 14:05:47.469000,402.1599895187959,95
2024-09-17 14:05:47.729000,402.1120899170264,8
2024-09-17 14:05:47.796000,402.1615527909833,6
2024-09-17 14:05:48.774000,402.1509172116273,5
2024-09-17 14:05:49.084000,402.1334666336527,9
2024-09-17 14:05:49.166000,402.1000787519405,5
2024-09-17 14:05:49.315000,402.1116765462376,14
2024-09-17 14:05:49.340000,402.0735949395286,5
2024-09-17 14:05:49.401000,402.1384433578567,997
2024-09-17 14:05:49.442000,402.0509303371256,995
2024-09-17 14:05:49.522000,402.100882859237,7
2024-09-17 14:05:49.539000,402.09132323521936,95
2024-09-17 14:05:49.841000,402.0961316250339,99
2024-09-17 14:05:49.981000,402.0934103985257,14
2024-09-17 14:05:50.083000,402.1255137153696,95
2024-09-17 14:05:50.212000,402.1165596012357,1001
2024-09-17 14:05:50.233000,402.1120086111885,100
2024-09-17 14:05:50.319000,402.1248981643446,99
2024-09-17 14:05:50.364000,402.1287940294328,95
2024-09-17 14:05:50.369000,402.1280294984924,996
2024-09-17 14:05:50.631000,402.1175309496892,1004
2024-09-17 14:05:50.689000,402.11332502675134,101
2024-09-17 14:05:50.743000,402.1097923368835,995
2024-09-17 14:05:50.776000,402.1126535030104,96
2024-09-17 14:05:50.840000,402.12893433627926,10
2024-09-17 14:05:50.850000,402.12482006055706,104
2024-09-17 14:05:50.920000,402.113450499044,1003
2024-09-17 14:05:50.985000,402.11883777972736,12
2024-09-17 14:05:51.379000,402.0932971920678,6
2024-09-17 14:05:51.739000,402.1080639512261,100
2024-09-17 14:05:52.019000,402.1202226706324,6
2024-09-17 14:05:52.048000,402.1080110635028,995
2024-09-17 14:05:52.104000,402.1133676573142,5
2024-09-17 14:05:52.190000,402.1458904464735,11
2024-09-17 14:05:52.192000,402.1307019785491,98
2024-09-17 14:05:52.234000,402.13814662139134,11
2024-09-17 14:05:52.278000,402.08779962522345,1005
2024-09-17 14:05:52.291000,402.13776053973146,1002
2024-09-17 14:05:52.331000,402.1153995336919,13
2024-09-17 14:05:52.389000,402.1352416248587,1004
2024-09-17 14:05:52.456000,402.09730074553926,96
2024-09-17 14:05:52.486000,402.1260493935976,5
2024-09-17 14:05:52.538000,402.11548771251256,98
2024-09-17 14:05:52.704000,402.14053527001215,10
2024-09-17 14:05:52.704000,402.09911564109416,95
2024-09-17 14:05:52.743000,402.1366109793439,105
2024-09-17 14:05:52.746000,402.1030620832714,998
2024-09-17 14:05:52.751000,402.135567694224,101
2024-09-17 14:05:52.844000,402.1298100708374,1003
2024-09-17 14:05:52.929000,402.1076816588342,95
2024-09-17 14:05:52.939000,402.0971257507181,15
2024-09-17 14:05:52.965000,402.1227700157909,99
2024-09-17 14:05:53.294000,402.24354470165696,12
2024-09-17 14:05:53.298000,402.2280090880682,8
2024-09-17 14:05:53.372000,402.2274563797519,6
2024-09-17 14:05:53.508000,402.17253890504526,102
2024-09-17 14:05:53.545000,402.1318200093188,997
2024-09-17 14:05:53.600000,402.2442065819073,101
2024-09-17 14:05:53.622000,402.18864900055365,99
2024-09-17 14:05:53.624000,402.2237370152112,999
2024-09-17 14:05:53.732000,402.1429704512186,102
2024-09-17 14:05:53.740000,402.1222657672056,105
2024-09-17 14:05:53.830000,402.14869502856783,7
2024-09-17 14:05:53.941000,402.2067487297296,13
2024-09-17 14:05:53.974000,402.1542936700779,14
2024-09-17 14:05:54.020000,402.2704607860493,12
2024-09-17 14:05:54.045000,402.22917503224505,997
2024-09-17 14:05:54.130000,402.3533764684443,6
2024-09-17 14:05:54.231000,402.2295060042424,8
2024-09-17 14:05:54.324000,402.2245920780232,15
2024-09-17 14:05:54.355000,402.3418348868759,1002
2024-09-17 14:05:54.446000,402.3250647429617,97
2024-09-17 14:05:54.454000,402.3669600885335,1005
2024-09-17 14:05:54.463000,402.2215886486449,1003
2024-09-17 14:05:54.579000,402.3659178590644,7
2024-09-17 14:05:54.616000,402.2185828531772,1004
2024-09-17 14:05:54.637000,402.28067568302873,999
2024-09-17 14:05:54.746000,402.2298013613926,1000
2024-09-17 14:05:54.768000,402.3428584098446,13
2024-09-17 14:05:54.785000,402.3391316538842,14
2024-09-17 14:05:54.805000,402.2483514087732,11
2024-09-17 14:05:54.810000,402.2300674269304,7
2024-09-17 14:05:54.904000,402.3508286203513,1000
2024-09-17 14:05:54.987000,402.2305572329436,95
2024-09-17 14:05:55.057000,402.3707645630756,8
2024-09-17 14:05:55.113000,402.2988116538791,14
2024-09-17 14:05:55.150000,402.3030791752166,102
2024-09-17 14:05:55.168000,402.3466571200714,8
2024-09-17 14:05:55.267000,402.30295339045193,10
2024-09-17 14:05:55.281000,402.3041794024612,996
2024-09-17 14:05:55.464000,402.3812723359357,15
2024-09-17 14:05:55.492000,402.3116339840788,1002
2024-09-17 14:05:55.548000,402.2850602664847,97
2024-09-17 14:05:55.638000,402.3171561161904,105
2024-09-17 14:05:55.639000,402.3017071210243,101
2024-09-17 14:05:55.641000,402.280770777593,996
2024-09-17 14:05:55.654000,402.3414586910097,101
2024-09-17 14:05:55.674000,402.32041267062345,999
2024-09-17 14:05:55.843000,402.3548111726768,101
2024-09-17 14:05:55.875000,402.2726060291002,103
2024-09-17 14:05:55.956000,402.2853711170451,11
2024-09-17 14:05:56.012000,402.27494553550827,104
2024-09-17 14:05:56.033000,402.28017733258,105
2024-09-17 14:05:56.047000,402.2939322287362,15
2024-09-17 14:05:56.119000,402.2803729883116,1002
2024-09-17 14:05:56.136000,402.30844351639627,1002
2024-09-17 14:05:56.166000,402.2770401580447,995
2024-09-17 14:05:56.212000,402.2685596221735,1004
2024-09-17 14:05:56.224000,402.2605416440296,96
2024-09-17 14:05:56.247000,402.2729819947851,97
2024-09-17 14:05:56.358000,402.280443467005,105
2024-09-17 14:05:56.389000,402.26841207067287,11
2024-09-17 14:05:56.515000,402.2769941823976,101
2024-09-17 14:05:56.702000,402.30054949644375,97
2024-09-17 14:05:56.710000,402.2848378006255,10
2024-09-17 14:05:56.727000,402.28436425003326,1000
2024-09-17 14:05:56.733000,402.2874470347606,14
2024-09-17 14:05:56.760000,402.2939253107784,1005
2024-09-17 14:05:56.824000,402.2926749223413,995
2024-09-17 14:05:56.856000,402.2770005320019,9
2024-09-17 14:05:56.958000,402.3110866325108,7
2024-09-17 14:05:56.962000,402.2663313915813,101
2024-09-17 14:05:57.288000,402.2992915688113,1003
2024-09-17 14:05:57.439000,402.2999282399457,8
2024-09-17 14:05:57.451000,402.3041406788584,12
2024-09-17 14:05:57.559000,402.296980849869,5
2024-09-17 14:05:57.890000,402.2833103121383,96
2024-09-17 14:05:58.045000,402.3686461948199,103
2024-09-17 14:05:58.441000,402.3793023311631,13
2024-09-17 14:05:58.519000,402.4007397722979,13
2024-09-17 14:05:58.591000,402.4029574995908,995
2024-09-17 14:05:58.620000,402.360288762909,96
2024-09-17 14:05:58.638000,402.3749130377187,100
2024-09-17 14:05:58.711000,402.35775824111727,13
2024-09-17 14:05:58.714000,402.41449656386993,7
2024-09-17 14:05:58.789000,402.4149433727594,103
2024-09-17 14:05:58.803000,402.3570258448837,1003
2024-09-17 14:05:58.979000,402.3374614408671,1002
2024-09-17 14:05:59.159000,402.4376843017028,1002
2024-09-17 14:05:59.424000,402.41158677317134,1003
2024-09-17 14:05:59.440000,402.4330851516516,1003
2024-09-17 14:05:59.768000,402.4366895751879,100
