Timestamp,Price,Size
2024-09-16 15:55:00.259000,415.6460912689786,1003
2024-09-16 15:55:00.335000,415.6521099324292,997
2024-09-16 15:55:00.336000,415.6638690948192,8
2024-09-16 15:55:00.441000,415.6427956095847,103
2024-09-16 15:55:00.506000,415.654422588821,1002
2024-09-16 15:55:00.617000,415.6710725361755,998
2024-09-16 15:55:00.699000,415.6755541566958,995
2024-09-16 15:55:00.727000,415.6542184001454,997
2024-09-16 15:55:00.899000,415.676399015214,9
2024-09-16 15:55:00.982000,415.676083982725,101
2024-09-16 15:55:01.006000,415.6677102362865,1001
2024-09-16 15:55:01.027000,415.69015089454905,13
2024-09-16 15:55:01.039000,415.65405074582463,104
2024-09-16 15:55:01.054000,415.6900879949199,104
2024-09-16 15:55:01.080000,415.6889412102671,1003
2024-09-16 15:55:01.110000,415.679315232762,998
2024-09-16 15:55:01.129000,415.6411627973376,96
2024-09-16 15:55:01.204000,415.6737304716498,104
2024-09-16 15:55:01.349000,415.6444070529895,6
2024-09-16 15:55:01.376000,415.6811646810659,102
2024-09-16 15:55:01.389000,415.6607993264159,95
2024-09-16 15:55:01.428000,415.6540800836586,100
2024-09-16 15:55:01.474000,415.6478794381959,12
2024-09-16 15:55:01.514000,415.6528311255428,1000
2024-09-16 15:55:01.572000,415.68234681924656,98
2024-09-16 15:55:01.591000,415.6920974438103,997
2024-09-16 15:55:01.655000,415.6685147281501,1003
2024-09-16 15:55:01.771000,415.6582360947831,6
2024-09-16 15:55:01.846000,415.6582762297127,104
2024-09-16 15:55:01.954000,415.6814963546376,104
2024-09-16 15:55:01.967000,415.6598404848938,104
2024-09-16 15:55:01.995000,415.6891724758769,1000
2024-09-16 15:55:02.064000,415.6517107851421,14
2024-09-16 15:55:03.018000,415.6309323990266,999
2024-09-16 15:55:03.023000,415.56732220860187,99
2024-09-16 15:55:03.047000,415.62689011443047,105
2024-09-16 15:55:03.087000,415.5609565722069,7
2024-09-16 15:55:03.213000,415.5609811362447,1004
2024-09-16 15:55:03.273000,415.59719070191255,1000
2024-09-16 15:55:03.321000,415.55539148209056,1001
2024-09-16 15:55:03.332000,415.64076281046914,14
2024-09-16 15:55:03.339000,415.5774115923074,15
2024-09-16 15:55:03.343000,415.5491161180319,104
2024-09-16 15:55:03.348000,415.5626862408994,7
2024-09-16 15:55:03.401000,415.6350895794705,105
2024-09-16 15:55:03.511000,415.5583404816912,1004
2024-09-16 15:55:03.586000,415.5949052332105,5
2024-09-16 15:55:03.599000,415.6499367860552,105
2024-09-16 15:55:03.666000,415.627566071505,100
2024-09-16 15:55:03.702000,415.61225397365854,12
2024-09-16 15:55:03.706000,415.5603162758968,104
2024-09-16 15:55:03.719000,415.5993858840349,13
2024-09-16 15:55:03.814000,415.5998333330557,1003
2024-09-16 15:55:03.820000,415.56088209856006,7
2024-09-16 15:55:03.835000,415.5838711197181,7
2024-09-16 15:55:03.848000,415.6074505726553,14
2024-09-16 15:55:03.883000,415.5487793824552,102
2024-09-16 15:55:03.892000,415.6344071209256,11
2024-09-16 15:55:03.895000,415.57858593274807,102
2024-09-16 15:55:03.951000,415.5721209782466,7
2024-09-16 15:55:04.022000,415.5208002936287,1002
2024-09-16 15:55:04.086000,415.5676126055936,10
2024-09-16 15:55:04.094000,415.5156124288051,99
2024-09-16 15:55:04.146000,415.5223358043159,100
2024-09-16 15:55:04.246000,415.5740831325445,95
2024-09-16 15:55:04.256000,415.5125614917985,9
2024-09-16 15:55:04.259000,415.5142952735581,5
2024-09-16 15:55:04.308000,415.50858679109007,100
2024-09-16 15:55:04.455000,415.5242907036241,105
2024-09-16 15:55:04.457000,415.5728007034711,14
2024-09-16 15:55:04.475000,415.5260010240419,1005
2024-09-16 15:55:04.481000,415.5544168063561,11
2024-09-16 15:55:04.485000,415.51227526753513,1002
2024-09-16 15:55:04.488000,415.51871887138645,96
2024-09-16 15:55:04.571000,415.50958159067807,1002
2024-09-16 15:55:04.578000,415.5125154303448,7
2024-09-16 15:55:04.592000,415.5611104521617,1003
2024-09-16 15:55:04.596000,415.5167266761416,100
2024-09-16 15:55:04.603000,415.5123838208228,1005
2024-09-16 15:55:04.655000,415.5398353002091,101
2024-09-16 15:55:04.668000,415.5262435378749,997
2024-09-16 15:55:04.675000,415.5237508137679,1001
2024-09-16 15:55:04.701000,415.57475647612586,1002
2024-09-16 15:55:04.733000,415.5887801311696,6
2024-09-16 15:55:04.786000,415.5750650117119,1000
2024-09-16 15:55:04.792000,415.5035991403517,7
2024-09-16 15:55:04.809000,415.530992340857,102
2024-09-16 15:55:05.042000,415.5182828492715,1002
2024-09-16 15:55:05.144000,415.503363763788,997
2024-09-16 15:55:05.507000,415.5122414906097,995
2024-09-16 15:55:05.907000,415.5092981614061,105
2024-09-16 15:55:05.952000,415.5086234240679,96
2024-09-16 15:55:06.069000,415.5315429979948,1004
2024-09-16 15:55:06.108000,415.5550358348894,11
2024-09-16 15:55:06.159000,415.49666811249534,1005
2024-09-16 15:55:06.232000,415.520872536486,12
2024-09-16 15:55:06.259000,415.5309845541592,102
2024-09-16 15:55:06.281000,415.5385931255315,1001
2024-09-16 15:55:06.289000,415.4955517507507,98
2024-09-16 15:55:06.350000,415.5271013276208,1003
2024-09-16 15:55:06.413000,415.5271571383213,104
2024-09-16 15:55:06.448000,415.51224053721774,98
2024-09-16 15:55:06.518000,415.5144331084877,998
2024-09-16 15:55:06.520000,415.52661747185965,96
2024-09-16 15:55:06.523000,415.5127922316042,9
2024-09-16 15:55:06.563000,415.5366291866216,998
2024-09-16 15:55:06.589000,415.51784471122886,11
2024-09-16 15:55:06.607000,415.5296476424888,100
2024-09-16 15:55:06.663000,415.49293278168034,99
2024-09-16 15:55:06.699000,415.5179130957071,105
2024-09-16 15:55:06.731000,415.502181583106,995
2024-09-16 15:55:06.948000,415.5460110041006,997
2024-09-16 15:55:06.992000,415.5219054613745,104
2024-09-16 15:55:07.071000,415.5853657309786,15
2024-09-16 15:55:07.143000,415.6046510116285,998
2024-09-16 15:55:07.205000,415.60465952792737,996
2024-09-16 15:55:07.241000,415.5927238857604,100
2024-09-16 15:55:07.256000,415.5879353043028,6
2024-09-16 15:55:07.275000,415.6076935722783,14
2024-09-16 15:55:07.287000,415.59713466987694,101
2024-09-16 15:55:07.288000,415.57844950080414,101
2024-09-16 15:55:07.360000,415.58757940399744,102
2024-09-16 15:55:07.400000,415.5906480380699,103
2024-09-16 15:55:07.404000,415.6235513706373,100
2024-09-16 15:55:07.504000,415.5965172467705,1002
2024-09-16 15:55:07.513000,415.5903826507714,1005
2024-09-16 15:55:07.567000,415.6091954404332,1000
2024-09-16 15:55:07.585000,415.60824536417454,6
2024-09-16 15:55:07.627000,415.5655866119442,12
2024-09-16 15:55:07.712000,415.60936784914,105
2024-09-16 15:55:07.747000,415.6139866568385,99
2024-09-16 15:55:07.817000,415.5928618830041,11
2024-09-16 15:55:07.914000,415.5982653832468,1003
2024-09-16 15:55:08.013000,415.60393677378727,6
2024-09-16 15:55:08.062000,415.4994790101212,997
2024-09-16 15:55:08.075000,415.5992092485674,12
2024-09-16 15:55:08.082000,415.6055690031861,8
2024-09-16 15:55:08.128000,415.5826185228571,1004
2024-09-16 15:55:08.171000,415.5638490125038,1000
2024-09-16 15:55:08.223000,415.5319613519744,1002
2024-09-16 15:55:08.242000,415.60380499878335,1002
2024-09-16 15:55:08.275000,415.5729457081627,96
2024-09-16 15:55:08.314000,415.5106725886946,12
2024-09-16 15:55:08.332000,415.58796683153264,995
2024-09-16 15:55:08.334000,415.5923014169914,5
2024-09-16 15:55:08.370000,415.5805956746695,997
2024-09-16 15:55:08.384000,415.6072617937579,999
2024-09-16 15:55:08.574000,415.514031959106,1005
2024-09-16 15:55:08.591000,415.6024831808542,98
2024-09-16 15:55:08.652000,415.5950076643922,10
2024-09-16 15:55:08.730000,415.5893689899307,6
2024-09-16 15:55:08.750000,415.4978287584252,1004
2024-09-16 15:55:08.825000,415.5036304305722,105
2024-09-16 15:55:08.856000,415.6468027703159,5
2024-09-16 15:55:08.890000,415.49613963899066,102
2024-09-16 15:55:08.918000,415.49277238042487,103
2024-09-16 15:55:08.936000,415.6393006781222,1001
2024-09-16 15:55:09.003000,415.4328811870271,1005
2024-09-16 15:55:09.057000,415.46786899274935,15
2024-09-16 15:55:09.092000,415.4476703013258,95
2024-09-16 15:55:09.178000,415.4188483886629,15
2024-09-16 15:55:09.210000,415.4654239806589,13
2024-09-16 15:55:09.298000,415.4568480864234,1001
2024-09-16 15:55:09.319000,415.4573449213073,13
2024-09-16 15:55:09.348000,415.41850631866527,14
2024-09-16 15:55:09.413000,415.44551237873736,9
2024-09-16 15:55:09.420000,415.4683947797333,105
2024-09-16 15:55:09.436000,415.4944880869907,8
2024-09-16 15:55:09.460000,415.4280115014293,14
2024-09-16 15:55:09.552000,415.4004019400081,105
2024-09-16 15:55:09.561000,415.4627896604189,6
2024-09-16 15:55:09.576000,415.43916658382005,96
2024-09-16 15:55:09.698000,415.4689245992303,101
2024-09-16 15:55:09.713000,415.4790418970291,97
2024-09-16 15:55:09.732000,415.4402336365788,13
2024-09-16 15:55:09.750000,415.4412990760465,13
2024-09-16 15:55:09.750000,415.4353455142408,1002
2024-09-16 15:55:09.774000,415.4646261985987,995
2024-09-16 15:55:09.789000,415.4459637523101,6
2024-09-16 15:55:09.823000,415.4909420988001,1003
2024-09-16 15:55:09.856000,415.4816004827218,5
2024-09-16 15:55:09.857000,415.4274830819261,96
2024-09-16 15:55:09.871000,415.47413948465936,97
2024-09-16 15:55:09.876000,415.4640581522623,101
2024-09-16 15:55:09.891000,415.4774855139637,100
2024-09-16 15:55:09.989000,415.3985883804707,98
2024-09-16 15:55:10.118000,415.3948242486544,6
2024-09-16 15:55:10.472000,415.3980338711868,15
2024-09-16 15:55:10.761000,415.4197694560787,1001
2024-09-16 15:55:11,415.4251381273775,13
2024-09-16 15:55:11.012000,415.4256470960701,998
2024-09-16 15:55:11.014000,415.4414628965713,15
2024-09-16 15:55:11.065000,415.49159888314256,97
2024-09-16 15:55:11.101000,415.4851746842068,10
2024-09-16 15:55:11.133000,415.4196209863176,1001
2024-09-16 15:55:11.164000,415.413658676612,95
2024-09-16 15:55:11.203000,415.5226203225829,11
2024-09-16 15:55:11.204000,415.4991683218549,14
2024-09-16 15:55:11.252000,415.46053895054126,9
2024-09-16 15:55:11.271000,415.4374126949177,997
2024-09-16 15:55:11.275000,415.42658497847975,14
2024-09-16 15:55:11.292000,415.4806609017257,1004
2024-09-16 15:55:11.293000,415.46666888591886,7
2024-09-16 15:55:11.307000,415.4345086805093,98
2024-09-16 15:55:11.334000,415.4470439334791,100
2024-09-16 15:55:11.360000,415.4253279689513,995
2024-09-16 15:55:11.386000,415.48617148336257,13
2024-09-16 15:55:11.413000,415.4553284655407,9
2024-09-16 15:55:11.511000,415.4885043856302,12
2024-09-16 15:55:11.603000,415.4014178142818,998
2024-09-16 15:55:11.620000,415.5118164587479,100
2024-09-16 15:55:11.650000,415.45033073000246,1000
2024-09-16 15:55:11.779000,415.4648143825461,15
2024-09-16 15:55:11.808000,415.4542308113628,98
2024-09-16 15:55:11.870000,415.5097428972257,14
2024-09-16 15:55:11.881000,415.4826182746284,15
2024-09-16 15:55:11.891000,415.4764308977785,96
2024-09-16 15:55:12.104000,415.4269105405925,1001
2024-09-16 15:55:12.154000,415.34168382148215,999
2024-09-16 15:55:12.169000,415.3515993625738,96
2024-09-16 15:55:12.175000,415.4114685861189,95
2024-09-16 15:55:12.186000,415.4006452050709,11
2024-09-16 15:55:12.187000,415.3630693813197,97
2024-09-16 15:55:12.210000,415.33368896704,97
2024-09-16 15:55:12.377000,415.4016313950452,96
2024-09-16 15:55:12.386000,415.4149930375461,14
2024-09-16 15:55:12.422000,415.3878119749576,1004
2024-09-16 15:55:12.457000,415.3820287287177,1001
2024-09-16 15:55:12.516000,415.3797152466632,102
2024-09-16 15:55:12.528000,415.331222617961,1004
2024-09-16 15:55:12.532000,415.3602955675909,103
2024-09-16 15:55:12.569000,415.45963597644726,998
2024-09-16 15:55:12.582000,415.4753481735916,1004
2024-09-16 15:55:12.588000,415.351715405349,5
2024-09-16 15:55:12.605000,415.3313608561674,98
2024-09-16 15:55:12.644000,415.3535622869225,99
2024-09-16 15:55:12.701000,415.3501257720726,995
2024-09-16 15:55:12.729000,415.4200923335693,96
2024-09-16 15:55:12.780000,415.40151266707545,102
2024-09-16 15:55:12.838000,415.3484138571607,1000
2024-09-16 15:55:12.838000,415.42555925016416,14
2024-09-16 15:55:12.843000,415.4582880715256,8
2024-09-16 15:55:12.878000,415.3346854996544,96
2024-09-16 15:55:12.914000,415.3878137174335,1003
2024-09-16 15:55:12.967000,415.3629995648552,100
2024-09-16 15:55:12.997000,415.3943451982059,99
2024-09-16 15:55:13.150000,415.3335372008723,6
2024-09-16 15:55:13.191000,415.3520643464073,102
2024-09-16 15:55:13.219000,415.3094367066027,95
2024-09-16 15:55:13.332000,415.321884508109,996
2024-09-16 15:55:13.393000,415.3214724270084,9
2024-09-16 15:55:13.509000,415.32046043789074,96
2024-09-16 15:55:13.576000,415.3157403554988,995
2024-09-16 15:55:13.648000,415.32316107116606,1001
2024-09-16 15:55:13.851000,415.3305312112317,1001
2024-09-16 15:55:13.868000,415.3076109145519,1002
2024-09-16 15:55:13.959000,415.3261128025091,100
2024-09-16 15:55:13.975000,415.309029861248,10
2024-09-16 15:55:14.094000,415.33410145324126,97
2024-09-16 15:55:14.151000,415.3223869133905,999
2024-09-16 15:55:14.336000,415.3151964010857,104
2024-09-16 15:55:14.450000,415.3038472570484,1002
2024-09-16 15:55:14.502000,415.31355223533,1001
2024-09-16 15:55:14.522000,415.2970958641938,100
2024-09-16 15:55:14.731000,415.3138699510888,1001
2024-09-16 15:55:14.889000,415.291458462988,7
2024-09-16 15:55:14.936000,415.30772702786913,101
2024-09-16 15:55:15.013000,415.3049049085729,13
2024-09-16 15:55:15.017000,415.3393358199321,98
2024-09-16 15:55:15.030000,415.3480563425877,9
2024-09-16 15:55:15.079000,415.3295822844588,1000
2024-09-16 15:55:15.080000,415.316322242549,999
2024-09-16 15:55:15.113000,415.3489431055992,11
2024-09-16 15:55:15.188000,415.3256268596441,1005
2024-09-16 15:55:15.212000,415.346689553386,11
2024-09-16 15:55:15.226000,415.34042223801447,997
2024-09-16 15:55:15.248000,415.323232723253,103
2024-09-16 15:55:15.273000,415.3114350740888,6
2024-09-16 15:55:15.289000,415.3255319059153,15
2024-09-16 15:55:15.308000,415.3574357634403,99
2024-09-16 15:55:15.327000,415.3242482535531,13
2024-09-16 15:55:15.329000,415.3060627241695,1000
2024-09-16 15:55:15.346000,415.3436889496162,102
2024-09-16 15:55:15.349000,415.3391820206911,7
2024-09-16 15:55:15.474000,415.317883044099,15
2024-09-16 15:55:15.510000,415.3125947462928,101
2024-09-16 15:55:15.520000,415.3495560065196,996
2024-09-16 15:55:15.558000,415.34386848641,1002
2024-09-16 15:55:15.607000,415.351488304551,12
2024-09-16 15:55:15.616000,415.33985886987193,96
2024-09-16 15:55:15.652000,415.331253587434,99
2024-09-16 15:55:15.659000,415.3443914410618,998
2024-09-16 15:55:15.726000,415.3517086927729,997
2024-09-16 15:55:15.790000,415.33961082796986,997
2024-09-16 15:55:15.838000,415.332802626644,995
2024-09-16 15:55:15.912000,415.3408709593816,998
2024-09-16 15:55:15.931000,415.3157529196063,100
2024-09-16 15:55:16.187000,415.25575459703913,99
2024-09-16 15:55:16.224000,415.26464673671006,95
2024-09-16 15:55:16.340000,415.2651119565769,97
2024-09-16 15:55:16.349000,415.2865731522767,11
2024-09-16 15:55:16.365000,415.2843584377357,97
2024-09-16 15:55:16.482000,415.2637967736373,97
2024-09-16 15:55:16.517000,415.2659698313811,9
2024-09-16 15:55:16.606000,415.3023795591992,5
2024-09-16 15:55:16.668000,415.2647106261358,1000
2024-09-16 15:55:16.684000,415.2513619243576,8
2024-09-16 15:55:16.728000,415.30353655388535,98
2024-09-16 15:55:16.749000,415.274341566378,104
2024-09-16 15:55:16.807000,415.2654142839937,1005
2024-09-16 15:55:16.867000,415.258303942736,995
2024-09-16 15:55:16.953000,415.2558527075511,6
2024-09-16 15:55:16.972000,415.2790844451662,998
2024-09-16 15:55:17.001000,415.2564450656404,15
2024-09-16 15:55:17.232000,415.2654901514098,11
2024-09-16 15:55:17.305000,415.2574964821274,998
2024-09-16 15:55:17.535000,415.2813796992408,5
2024-09-16 15:55:17.555000,415.2453131206552,997
2024-09-16 15:55:17.626000,415.2833915649379,12
2024-09-16 15:55:17.649000,415.260682119808,102
2024-09-16 15:55:17.704000,415.27424659656737,102
2024-09-16 15:55:17.757000,415.2778643805196,11
2024-09-16 15:55:17.769000,415.2797160033263,5
2024-09-16 15:55:17.903000,415.2585263841907,11
2024-09-16 15:55:17.998000,415.27463678411146,8
2024-09-16 15:55:18.020000,415.2565598281857,105
2024-09-16 15:55:18.099000,415.2376839063135,1004
2024-09-16 15:55:18.255000,415.2620671436061,998
2024-09-16 15:55:18.284000,415.2499271123948,1004
2024-09-16 15:55:18.434000,415.2388970015295,7
2024-09-16 15:55:18.447000,415.24894394901287,101
2024-09-16 15:55:18.469000,415.25749252624274,1002
2024-09-16 15:55:18.478000,415.25622137515785,97
2024-09-16 15:55:18.499000,415.2752276881673,15
2024-09-16 15:55:18.521000,415.1990184404808,98
2024-09-16 15:55:18.549000,415.23029733522606,8
2024-09-16 15:55:18.679000,415.2426529778268,14
2024-09-16 15:55:18.702000,415.21665491225104,997
2024-09-16 15:55:18.725000,415.2683388111228,105
2024-09-16 15:55:18.738000,415.25582506330846,998
2024-09-16 15:55:18.773000,415.2487311668752,8
2024-09-16 15:55:18.779000,415.2355556208984,102
2024-09-16 15:55:18.788000,415.2357175934757,96
2024-09-16 15:55:18.841000,415.2785755696206,1003
2024-09-16 15:55:18.867000,415.2267234267951,105
2024-09-16 15:55:18.877000,415.252000774513,999
2024-09-16 15:55:18.980000,415.2536630408314,1001
2024-09-16 15:55:18.998000,415.2676286970123,1005
2024-09-16 15:55:19,415.1702698935673,98
2024-09-16 15:55:19.169000,415.1839756664839,1002
2024-09-16 15:55:19.190000,415.1514287251417,999
2024-09-16 15:55:19.273000,415.1383793288104,10
2024-09-16 15:55:19.312000,415.17074201814654,15
2024-09-16 15:55:19.381000,415.1565267432547,8
2024-09-16 15:55:19.414000,415.1395587431102,98
2024-09-16 15:55:19.604000,415.14651139329806,8
2024-09-16 15:55:19.694000,415.1498040435516,1003
2024-09-16 15:55:19.859000,415.1450949239255,103
2024-09-16 15:55:19.880000,415.148675495812,97
2024-09-16 15:55:19.886000,415.1448246859214,14
2024-09-16 15:55:19.977000,415.1761600932913,98
2024-09-16 15:55:20.182000,415.1439598844384,95
2024-09-16 15:55:20.424000,415.1361653744478,96
2024-09-16 15:55:20.431000,415.1441224141732,9
2024-09-16 15:55:20.505000,415.12656758906695,96
2024-09-16 15:55:20.612000,415.13570525836747,9
2024-09-16 15:55:20.650000,415.1414299989609,1001
2024-09-16 15:55:20.842000,415.1335906982328,15
2024-09-16 15:55:21.001000,415.11837509467614,100
2024-09-16 15:55:21.003000,415.127549786819,1003
2024-09-16 15:55:21.012000,415.1254700750596,1005
2024-09-16 15:55:21.080000,415.1903037141584,96
2024-09-16 15:55:21.103000,415.1795029281016,999
2024-09-16 15:55:21.103000,415.172593216829,995
2024-09-16 15:55:21.153000,415.1546800305234,5
2024-09-16 15:55:21.225000,415.1162349917522,7
2024-09-16 15:55:21.241000,415.160176199832,1005
2024-09-16 15:55:21.255000,415.12510334496767,101
2024-09-16 15:55:21.399000,415.1284466057948,105
2024-09-16 15:55:21.521000,415.1046419568348,7
2024-09-16 15:55:21.529000,415.13798918711495,1003
2024-09-16 15:55:21.530000,415.1379196927709,14
2024-09-16 15:55:21.579000,415.11855251966233,8
2024-09-16 15:55:21.594000,415.1671467347056,101
2024-09-16 15:55:21.597000,415.13414736960647,14
2024-09-16 15:55:21.754000,415.1482481903551,15
2024-09-16 15:55:21.767000,415.1601433532501,1001
2024-09-16 15:55:21.807000,415.1412578148205,1005
2024-09-16 15:55:21.898000,415.1729519171725,1004
2024-09-16 15:55:21.938000,415.1561267762046,103
2024-09-16 15:55:22.027000,415.29882287979245,14
2024-09-16 15:55:22.041000,415.2438971024442,9
2024-09-16 15:55:22.066000,415.16547350136784,96
2024-09-16 15:55:22.073000,415.2901161561897,995
2024-09-16 15:55:22.096000,415.194022562978,1001
2024-09-16 15:55:22.133000,415.1475149143029,104
2024-09-16 15:55:22.162000,415.2197107473282,1002
2024-09-16 15:55:22.215000,415.2610962339102,105
2024-09-16 15:55:22.283000,415.2063391937812,100
2024-09-16 15:55:22.352000,415.16240796589386,11
2024-09-16 15:55:22.391000,415.304164919098,998
2024-09-16 15:55:22.400000,415.2127580131602,95
2024-09-16 15:55:22.486000,415.1949393633904,99
2024-09-16 15:55:22.497000,415.18930792096,11
2024-09-16 15:55:22.515000,415.2496311442212,102
2024-09-16 15:55:22.552000,415.1603671067216,1001
2024-09-16 15:55:22.654000,415.16904127406,102
2024-09-16 15:55:22.688000,415.25515518422617,14
2024-09-16 15:55:22.757000,415.196046551366,99
2024-09-16 15:55:22.791000,415.2462702517548,999
2024-09-16 15:55:22.797000,415.2767684750872,99
2024-09-16 15:55:22.830000,415.2738687956496,98
2024-09-16 15:55:22.990000,415.3057679039496,13
2024-09-16 15:55:23.009000,415.2700795804426,7
2024-09-16 15:55:23.018000,415.3079626486912,1002
2024-09-16 15:55:23.173000,415.3198914924943,100
2024-09-16 15:55:23.189000,415.318751918252,96
2024-09-16 15:55:23.208000,415.309224916382,5
2024-09-16 15:55:23.227000,415.3143135494004,995
2024-09-16 15:55:23.257000,415.3190772181107,998
2024-09-16 15:55:23.302000,415.32151964080106,95
2024-09-16 15:55:23.361000,415.3187379150809,104
2024-09-16 15:55:23.535000,415.2832859814616,97
2024-09-16 15:55:23.575000,415.3130822513074,995
2024-09-16 15:55:23.637000,415.3106546412386,14
2024-09-16 15:55:23.807000,415.3157197694784,6
2024-09-16 15:55:23.815000,415.2781997739936,104
2024-09-16 15:55:23.869000,415.3206752203922,98
2024-09-16 15:55:23.881000,415.338760367016,1005
2024-09-16 15:55:23.887000,415.3208088739509,97
2024-09-16 15:55:24.696000,415.2991260776825,11
2024-09-16 15:55:24.831000,415.2905954602848,15
2024-09-16 15:55:25.003000,415.2594803632044,1005
2024-09-16 15:55:25.083000,415.2692465676623,1001
2024-09-16 15:55:25.084000,415.306952220438,15
2024-09-16 15:55:25.111000,415.2898580153823,1004
2024-09-16 15:55:25.123000,415.29958601646285,11
2024-09-16 15:55:25.158000,415.266558882603,99
2024-09-16 15:55:25.224000,415.26544194108686,101
2024-09-16 15:55:25.239000,415.30414079783793,14
2024-09-16 15:55:25.283000,415.283046132254,98
2024-09-16 15:55:25.304000,415.265022603058,1004
2024-09-16 15:55:25.323000,415.2897395615682,996
2024-09-16 15:55:25.361000,415.31773492358735,999
2024-09-16 15:55:25.432000,415.257307869154,101
2024-09-16 15:55:25.467000,415.2776150347836,1001
2024-09-16 15:55:25.506000,415.2769747072185,96
2024-09-16 15:55:25.588000,415.3238636934531,1000
2024-09-16 15:55:25.700000,415.3007915359868,996
2024-09-16 15:55:25.750000,415.2868812716002,7
2024-09-16 15:55:25.763000,415.28111616772736,104
2024-09-16 15:55:25.790000,415.29038512391577,104
2024-09-16 15:55:25.795000,415.28995135544943,10
2024-09-16 15:55:25.802000,415.2800941719001,100
2024-09-16 15:55:25.854000,415.31409204544303,1002
2024-09-16 15:55:25.938000,415.2855765013585,999
2024-09-16 15:55:26.080000,415.2318202276636,9
2024-09-16 15:55:26.098000,415.22556010331584,10
2024-09-16 15:55:26.110000,415.2467882371228,100
2024-09-16 15:55:26.148000,415.2361697951612,5
2024-09-16 15:55:26.217000,415.2438246102964,14
2024-09-16 15:55:26.372000,415.2294691096671,1001
2024-09-16 15:55:26.538000,415.23382963709946,1001
2024-09-16 15:55:26.563000,415.2588540242099,105
2024-09-16 15:55:26.628000,415.2425108516118,13
2024-09-16 15:55:26.651000,415.221588786257,996
2024-09-16 15:55:26.721000,415.2438533235537,1002
2024-09-16 15:55:26.768000,415.2599627102709,11
2024-09-16 15:55:26.886000,415.24184232024095,97
2024-09-16 15:55:26.926000,415.2734941888491,6
2024-09-16 15:55:26.999000,415.241732103768,6
2024-09-16 15:55:27.083000,415.2669518075335,11
2024-09-16 15:55:27.100000,415.25225852539023,1001
2024-09-16 15:55:27.188000,415.27478138602567,1005
2024-09-16 15:55:27.215000,415.2718780128132,105
2024-09-16 15:55:27.217000,415.3160982779396,99
2024-09-16 15:55:27.301000,415.2429501230808,9
2024-09-16 15:55:27.329000,415.3282666658112,9
2024-09-16 15:55:27.404000,415.2548975616887,9
2024-09-16 15:55:27.455000,415.2537864650249,1002
2024-09-16 15:55:27.460000,415.32082013589167,1003
2024-09-16 15:55:27.465000,415.33080531858286,7
2024-09-16 15:55:27.540000,415.30548555886094,11
2024-09-16 15:55:27.628000,415.3181531294061,98
2024-09-16 15:55:27.675000,415.3338541965075,14
2024-09-16 15:55:27.778000,415.2730381159616,14
2024-09-16 15:55:27.803000,415.2990422826216,13
2024-09-16 15:55:27.835000,415.3187646741865,1005
2024-09-16 15:55:27.891000,415.25793934193496,15
2024-09-16 15:55:27.905000,415.2927642470229,13
2024-09-16 15:55:27.962000,415.2860531170545,5
2024-09-16 15:55:27.993000,415.26041570545823,9
2024-09-16 15:55:28.084000,415.3212104487748,1002
2024-09-16 15:55:28.149000,415.3603472107984,102
2024-09-16 15:55:28.154000,415.34864027270027,98
2024-09-16 15:55:28.238000,415.3341774414215,99
2024-09-16 15:55:28.258000,415.2777200185104,95
2024-09-16 15:55:28.281000,415.35628627597066,105
2024-09-16 15:55:28.295000,415.28310500506507,6
2024-09-16 15:55:28.300000,415.3008983714069,5
2024-09-16 15:55:28.362000,415.2788758813166,100
2024-09-16 15:55:28.363000,415.3274784597856,11
2024-09-16 15:55:28.420000,415.3139306851292,999
2024-09-16 15:55:28.448000,415.3097585387399,98
2024-09-16 15:55:28.457000,415.3476689870406,102
2024-09-16 15:55:28.479000,415.305469671479,11
2024-09-16 15:55:28.569000,415.3424713016094,999
2024-09-16 15:55:28.573000,415.3106440979533,998
2024-09-16 15:55:28.595000,415.3364592303983,13
2024-09-16 15:55:28.599000,415.3477523218816,1005
2024-09-16 15:55:28.681000,415.319952595642,995
2024-09-16 15:55:28.710000,415.2893056314869,999
2024-09-16 15:55:28.727000,415.3219966527115,5
2024-09-16 15:55:28.784000,415.34833719076784,9
2024-09-16 15:55:28.789000,415.31792811600695,101
2024-09-16 15:55:29.163000,415.3137197507061,96
2024-09-16 15:55:29.345000,415.3168114903488,105
2024-09-16 15:55:29.489000,415.3285619774438,996
2024-09-16 15:55:29.505000,415.3336155567283,1005
2024-09-16 15:55:29.762000,415.3111855330658,15
2024-09-16 15:55:29.955000,415.3263720009753,1000
2024-09-16 15:55:30.026000,415.3013741524952,95
2024-09-16 15:55:30.280000,415.28520135392586,998
2024-09-16 15:55:30.309000,415.26359422748914,996
2024-09-16 15:55:30.368000,415.2574163316934,13
2024-09-16 15:55:30.404000,415.2755641480522,997
2024-09-16 15:55:30.521000,415.2530730051511,11
2024-09-16 15:55:30.527000,415.2758226198051,105
2024-09-16 15:55:30.590000,415.3087942073826,9
2024-09-16 15:55:30.692000,415.2916072345568,105
2024-09-16 15:55:30.823000,415.2740965646863,1003
2024-09-16 15:55:31.036000,415.2988993313654,103
2024-09-16 15:55:31.044000,415.2632529679015,103
2024-09-16 15:55:31.064000,415.318964116748,102
2024-09-16 15:55:31.095000,415.3473827172039,998
2024-09-16 15:55:31.130000,415.3538521579435,1003
2024-09-16 15:55:31.142000,415.3388661996442,1005
2024-09-16 15:55:31.172000,415.2657854117446,7
2024-09-16 15:55:31.176000,415.2954675822362,105
2024-09-16 15:55:31.203000,415.3412306964132,15
2024-09-16 15:55:31.221000,415.29557521822426,105
2024-09-16 15:55:31.310000,415.2922481757537,104
2024-09-16 15:55:31.327000,415.28371666633785,8
2024-09-16 15:55:31.334000,415.2971634526059,9
2024-09-16 15:55:31.418000,415.3082866158532,98
2024-09-16 15:55:31.421000,415.3070082392357,97
2024-09-16 15:55:31.453000,415.3163525158117,13
2024-09-16 15:55:31.460000,415.31772633605294,9
2024-09-16 15:55:31.505000,415.3009423556771,1005
2024-09-16 15:55:31.529000,415.3017917401708,1001
2024-09-16 15:55:31.535000,415.3364952265219,1003
2024-09-16 15:55:31.547000,415.28678015693527,999
2024-09-16 15:55:31.570000,415.2873589648639,14
2024-09-16 15:55:31.585000,415.3123654147929,5
2024-09-16 15:55:31.650000,415.347152659989,998
2024-09-16 15:55:31.710000,415.3088535302509,95
2024-09-16 15:55:31.861000,415.29074268949233,13
2024-09-16 15:55:31.889000,415.3090838588603,1003
2024-09-16 15:55:31.928000,415.3184654647267,100
2024-09-16 15:55:31.989000,415.27697925488127,995
2024-09-16 15:55:32.007000,415.2864682552817,1005
2024-09-16 15:55:32.008000,415.2641661284216,96
2024-09-16 15:55:32.019000,415.2991664070084,5
2024-09-16 15:55:32.031000,415.2059556493712,998
2024-09-16 15:55:32.098000,415.1841690417966,1004
2024-09-16 15:55:32.131000,415.2847945009875,995
2024-09-16 15:55:32.181000,415.19338460934455,1003
2024-09-16 15:55:32.211000,415.1743369267805,1001
2024-09-16 15:55:32.213000,415.29817196336455,10
2024-09-16 15:55:32.244000,415.1911518581875,101
2024-09-16 15:55:32.314000,415.1874656789204,1000
2024-09-16 15:55:32.343000,415.2732456077228,13
2024-09-16 15:55:32.371000,415.1885198963108,7
2024-09-16 15:55:32.394000,415.1825716129068,1003
2024-09-16 15:55:32.407000,415.225132827236,1005
2024-09-16 15:55:32.466000,415.20416243301446,105
2024-09-16 15:55:32.501000,415.2319731122821,97
2024-09-16 15:55:32.509000,415.2929199192126,11
2024-09-16 15:55:32.516000,415.2969001150325,14
2024-09-16 15:55:32.672000,415.25929574090856,1001
2024-09-16 15:55:32.675000,415.2151554542359,105
2024-09-16 15:55:32.773000,415.1878933731717,1000
2024-09-16 15:55:32.834000,415.2428010530933,10
2024-09-16 15:55:32.945000,415.2655190538425,6
2024-09-16 15:55:32.973000,415.2147744611787,1005
2024-09-16 15:55:32.994000,415.2101493820337,98
2024-09-16 15:55:33.068000,415.1746777682969,96
2024-09-16 15:55:33.101000,415.1483605170906,997
2024-09-16 15:55:33.105000,415.1600736936937,98
2024-09-16 15:55:33.116000,415.1508906025703,104
2024-09-16 15:55:33.162000,415.2350161897754,999
2024-09-16 15:55:33.235000,415.2013244809458,996
2024-09-16 15:55:33.358000,415.1830258018769,98
2024-09-16 15:55:33.405000,415.1613882087316,11
2024-09-16 15:55:33.408000,415.1644598830824,12
2024-09-16 15:55:33.433000,415.1836431437948,13
2024-09-16 15:55:33.459000,415.2259301541249,98
2024-09-16 15:55:33.651000,415.2136139708759,12
2024-09-16 15:55:33.681000,415.2345453849465,9
2024-09-16 15:55:33.714000,415.1704964217601,98
2024-09-16 15:55:33.908000,415.1543309922179,10
2024-09-16 15:55:34.005000,415.18821193219367,5
2024-09-16 15:55:34.462000,415.1842071773534,6
2024-09-16 15:55:34.675000,415.17660854400464,10
2024-09-16 15:55:34.825000,415.188010114088,10
2024-09-16 15:55:35.053000,415.2010858738543,1000
2024-09-16 15:55:35.597000,415.21132771130766,1005
2024-09-16 15:55:35.775000,415.1935622898864,13
2024-09-16 15:55:35.970000,416.9447178385892,97
2024-09-16 15:55:36.001000,415.192391410268,10
2024-09-16 15:55:36.004000,415.195135889539,105
2024-09-16 15:55:36.028000,415.2726537456577,1005
2024-09-16 15:55:36.071000,415.1565460808832,15
2024-09-16 15:55:36.073000,415.23797685160287,997
2024-09-16 15:55:36.078000,415.25733598584026,1004
2024-09-16 15:55:36.078000,415.2564940878917,103
2024-09-16 15:55:36.114000,415.1961055443269,105
2024-09-16 15:55:36.167000,415.19266374938377,1000
2024-09-16 15:55:36.179000,415.2038709647937,96
2024-09-16 15:55:36.228000,415.2112498758785,1003
2024-09-16 15:55:36.262000,415.17850503387655,95
2024-09-16 15:55:36.291000,415.23323826512967,1004
2024-09-16 15:55:36.307000,415.2367594856115,995
2024-09-16 15:55:36.350000,415.2053463850798,8
2024-09-16 15:55:36.356000,415.24167625339817,15
2024-09-16 15:55:36.380000,415.1994203491062,1003
2024-09-16 15:55:36.415000,415.19691957309817,1000
2024-09-16 15:55:36.506000,415.2323757556997,13
2024-09-16 15:55:36.794000,415.2317656824797,104
2024-09-16 15:55:36.801000,415.2648809646584,1001
2024-09-16 15:55:36.815000,415.20822997867447,105
2024-09-16 15:55:36.841000,415.22333763509937,102
2024-09-16 15:55:36.865000,415.2422875258164,99
2024-09-16 15:55:36.996000,415.2708806947641,997
2024-09-16 15:55:37.055000,415.235091892114,97
2024-09-16 15:55:37.086000,415.2365590354362,1003
2024-09-16 15:55:37.300000,415.2489276060831,102
2024-09-16 15:55:37.366000,415.2368409511,103
2024-09-16 15:55:37.415000,415.2586463173018,102
2024-09-16 15:55:37.512000,415.23265189419214,1005
2024-09-16 15:55:37.521000,415.2354705287297,1005
2024-09-16 15:55:37.629000,415.2427639839304,1004
2024-09-16 15:55:38.133000,415.201067217205,1005
2024-09-16 15:55:38.227000,415.19638806129694,9
2024-09-16 15:55:38.309000,415.19223500146654,5
2024-09-16 15:55:38.321000,415.18922018442765,5
2024-09-16 15:55:38.350000,415.1975407868939,999
2024-09-16 15:55:38.550000,415.1686230198093,8
2024-09-16 15:55:38.567000,415.1979420921447,15
2024-09-16 15:55:38.597000,415.1995257398858,999
2024-09-16 15:55:38.751000,415.2040223392255,104
2024-09-16 15:55:38.755000,415.1946392764409,998
2024-09-16 15:55:38.846000,415.178782055244,97
2024-09-16 15:55:38.875000,415.18737762395966,1003
2024-09-16 15:55:39.022000,415.162379207252,1002
2024-09-16 15:55:39.051000,415.1193052360597,14
2024-09-16 15:55:39.090000,415.14253942782,104
2024-09-16 15:55:39.092000,415.2033416275122,13
2024-09-16 15:55:39.210000,415.1417692370648,98
2024-09-16 15:55:39.248000,415.1484839207785,15
2024-09-16 15:55:39.341000,415.1558637811133,1003
2024-09-16 15:55:39.387000,415.1582669475786,97
2024-09-16 15:55:39.436000,415.17589956442,10
2024-09-16 15:55:39.444000,415.12286977488407,7
2024-09-16 15:55:39.460000,415.12347315714175,12
2024-09-16 15:55:39.488000,415.1534867733053,7
2024-09-16 15:55:39.523000,415.1549763561466,1000
2024-09-16 15:55:39.563000,415.1935401325612,97
2024-09-16 15:55:39.566000,415.1754282207133,98
2024-09-16 15:55:39.659000,415.1547171378401,12
2024-09-16 15:55:39.692000,415.1748706313131,104
2024-09-16 15:55:39.697000,415.14419418195,11
2024-09-16 15:55:39.701000,415.17749250189,12
2024-09-16 15:55:39.721000,415.17327082928057,13
2024-09-16 15:55:39.739000,415.1645147113102,95
2024-09-16 15:55:39.799000,415.1890312269727,99
2024-09-16 15:55:39.876000,415.1763690184091,101
2024-09-16 15:55:39.938000,415.1611022194985,7
2024-09-16 15:55:39.950000,415.1560268361511,996
2024-09-16 15:55:39.954000,415.1674300596496,105
2024-09-16 15:55:39.983000,415.1548098308144,103
2024-09-16 15:55:40.063000,415.1880188972788,103
2024-09-16 15:55:40.364000,415.2373528864629,9
2024-09-16 15:55:40.369000,415.2147900006251,1002
2024-09-16 15:55:40.514000,415.2113281234164,1002
2024-09-16 15:55:40.544000,415.2442147030606,1001
2024-09-16 15:55:40.683000,415.1968232579282,9
2024-09-16 15:55:40.738000,415.2279027370222,1005
2024-09-16 15:55:40.842000,415.2133469673785,95
2024-09-16 15:55:40.912000,415.23948019569593,9
2024-09-16 15:55:41.016000,415.25672194957593,15
2024-09-16 15:55:41.042000,415.23761847097256,11
2024-09-16 15:55:41.073000,415.2278683267806,8
2024-09-16 15:55:41.266000,417.0510520574206,100
2024-09-16 15:55:41.388000,415.2384490744778,100
2024-09-16 15:55:41.434000,415.19274741023577,7
2024-09-16 15:55:41.439000,415.2555641265034,105
2024-09-16 15:55:41.460000,415.2407474586634,10
2024-09-16 15:55:41.509000,415.2040016151015,99
2024-09-16 15:55:41.513000,415.2367359119784,102
2024-09-16 15:55:41.543000,415.24630252943496,99
2024-09-16 15:55:41.598000,415.2661425576419,103
2024-09-16 15:55:41.616000,415.2230189607562,13
2024-09-16 15:55:41.665000,415.2123602785619,1001
2024-09-16 15:55:42.018000,415.2002381929677,1003
2024-09-16 15:55:42.023000,415.15523304107313,1005
2024-09-16 15:55:42.034000,415.1693556225071,996
2024-09-16 15:55:42.134000,415.1575008337922,101
2024-09-16 15:55:42.307000,415.1853274562209,1002
2024-09-16 15:55:42.331000,415.1767703861364,997
2024-09-16 15:55:42.347000,415.1974895583134,1001
2024-09-16 15:55:42.376000,415.2096876888533,996
2024-09-16 15:55:42.376000,415.16412777214697,103
2024-09-16 15:55:42.426000,415.192014144404,999
2024-09-16 15:55:42.459000,415.1618935093689,7
2024-09-16 15:55:42.582000,415.2125089003167,6
2024-09-16 15:55:42.598000,415.15426676199394,1000
2024-09-16 15:55:42.737000,415.16268580224994,11
2024-09-16 15:55:42.761000,415.1681332247148,99
2024-09-16 15:55:42.836000,415.2042150867063,995
2024-09-16 15:55:42.868000,415.20429809462246,96
2024-09-16 15:55:42.880000,415.18403196005033,996
2024-09-16 15:55:42.885000,415.188767189253,97
2024-09-16 15:55:42.926000,415.1545536790368,995
2024-09-16 15:55:42.940000,415.1849950430064,1005
2024-09-16 15:55:42.946000,415.163188021297,5
2024-09-16 15:55:42.947000,415.1590729440683,6
2024-09-16 15:55:42.958000,415.16374344754007,101
2024-09-16 15:55:43.024000,415.20686801565336,14
2024-09-16 15:55:43.031000,415.1570309278705,8
2024-09-16 15:55:43.038000,415.240083436807,98
2024-09-16 15:55:43.081000,415.1965442648974,998
2024-09-16 15:55:43.141000,415.1920107618085,99
2024-09-16 15:55:43.258000,415.1513483542349,98
2024-09-16 15:55:43.275000,415.2437045035695,96
2024-09-16 15:55:43.332000,415.1593789123466,15
2024-09-16 15:55:43.347000,415.22256965880655,12
2024-09-16 15:55:43.362000,415.2059747452619,103
2024-09-16 15:55:43.379000,415.2474367463847,1005
2024-09-16 15:55:43.528000,415.2577451389152,99
2024-09-16 15:55:43.548000,415.1878695078043,998
2024-09-16 15:55:43.604000,415.187669822444,999
2024-09-16 15:55:43.606000,415.1465300806012,7
2024-09-16 15:55:43.683000,415.2371948200598,99
2024-09-16 15:55:43.837000,415.25162853505424,8
2024-09-16 15:55:43.933000,415.1645082799164,1004
2024-09-16 15:55:44.025000,415.2579772312723,13
2024-09-16 15:55:44.153000,415.299430012316,14
2024-09-16 15:55:44.412000,415.265133519996,999
2024-09-16 15:55:44.425000,415.2649833891903,999
2024-09-16 15:55:44.425000,415.29557042959766,1004
2024-09-16 15:55:44.523000,415.245493566026,1002
2024-09-16 15:55:44.550000,415.2501758484496,99
2024-09-16 15:55:44.670000,415.28229885514753,1004
2024-09-16 15:55:44.723000,415.2418267846298,5
2024-09-16 15:55:44.769000,415.256482178126,995
2024-09-16 15:55:44.935000,415.26317712716485,105
2024-09-16 15:55:45,415.2891314181706,15
2024-09-16 15:55:45.006000,415.30371770207904,11
2024-09-16 15:55:45.020000,415.2638104693696,1003
2024-09-16 15:55:45.099000,415.28416277975873,1005
2024-09-16 15:55:45.103000,415.28047340191534,999
2024-09-16 15:55:45.177000,415.2941978740221,996
2024-09-16 15:55:45.186000,415.2752996560696,1002
2024-09-16 15:55:45.308000,415.278821462281,7
2024-09-16 15:55:45.358000,415.3048912455915,105
2024-09-16 15:55:45.464000,415.29344342715245,997
2024-09-16 15:55:45.475000,415.2706151822388,999
2024-09-16 15:55:45.527000,415.2638718337592,11
2024-09-16 15:55:45.535000,415.2879464837261,998
2024-09-16 15:55:45.595000,415.2868390994032,6
2024-09-16 15:55:45.597000,415.3044659561716,95
2024-09-16 15:55:45.744000,415.3015403162663,98
2024-09-16 15:55:45.764000,415.2710808483069,100
2024-09-16 15:55:45.789000,415.276175345662,99
2024-09-16 15:55:45.796000,415.2774706632602,1001
2024-09-16 15:55:45.811000,417.116814228964,11
2024-09-16 15:55:45.820000,415.28501291898925,14
2024-09-16 15:55:45.822000,415.2784895449216,1002
2024-09-16 15:55:45.837000,415.2933153829576,11
2024-09-16 15:55:45.847000,415.301785419981,9
2024-09-16 15:55:45.875000,415.27968146760617,1005
2024-09-16 15:55:45.898000,417.1868839942695,9
2024-09-16 15:55:45.962000,415.281314745714,104
2024-09-16 15:55:45.976000,415.2735922862708,1000
2024-09-16 15:55:47.010000,415.3044648025922,104
2024-09-16 15:55:47.078000,415.34621426983966,997
2024-09-16 15:55:47.079000,415.304093411099,11
2024-09-16 15:55:47.084000,415.32627248159343,998
2024-09-16 15:55:47.130000,415.3056377728139,101
2024-09-16 15:55:47.176000,415.3419099984477,96
2024-09-16 15:55:47.197000,415.3318142373397,997
2024-09-16 15:55:47.213000,415.3205126450314,102
2024-09-16 15:55:47.265000,415.3786610199616,102
2024-09-16 15:55:47.309000,415.32400088401926,5
2024-09-16 15:55:47.337000,415.3097491126822,5
2024-09-16 15:55:47.368000,415.3508989438095,100
2024-09-16 15:55:47.377000,415.3659646880478,995
2024-09-16 15:55:47.377000,415.3273869826801,103
2024-09-16 15:55:47.429000,415.33986174152,999
2024-09-16 15:55:47.466000,415.30203874160446,12
2024-09-16 15:55:47.564000,415.3296668705944,98
2024-09-16 15:55:47.570000,415.33911444266806,999
2024-09-16 15:55:47.577000,415.34223485737743,101
2024-09-16 15:55:47.582000,415.3360813028438,5
2024-09-16 15:55:47.591000,415.3574390079009,5
2024-09-16 15:55:47.599000,415.30287797019065,11
2024-09-16 15:55:47.651000,415.3063616656288,8
2024-09-16 15:55:47.676000,415.3164010541044,1001
2024-09-16 15:55:47.690000,415.3056046629319,6
2024-09-16 15:55:47.765000,415.3147423284519,13
2024-09-16 15:55:47.842000,415.3982455505276,997
2024-09-16 15:55:47.986000,415.3145934275197,100
2024-09-16 15:55:48.039000,415.373379517401,96
2024-09-16 15:55:48.046000,415.3584951746056,102
2024-09-16 15:55:48.130000,415.36165526473377,1001
2024-09-16 15:55:48.188000,415.379452227549,8
2024-09-16 15:55:48.220000,415.3875980806871,11
2024-09-16 15:55:48.222000,415.3397463815681,13
2024-09-16 15:55:48.288000,415.37266168547217,14
2024-09-16 15:55:48.384000,415.3810624285647,101
2024-09-16 15:55:48.413000,415.37818304739056,995
2024-09-16 15:55:48.438000,415.3534560211243,11
2024-09-16 15:55:48.542000,415.3719953911788,1000
2024-09-16 15:55:48.654000,415.3696061423829,1000
2024-09-16 15:55:48.658000,415.3564874264022,10
2024-09-16 15:55:48.750000,415.3731960971252,7
2024-09-16 15:55:48.766000,415.369409575896,996
2024-09-16 15:55:48.814000,415.37840968432965,103
2024-09-16 15:55:48.841000,415.3522513795169,99
2024-09-16 15:55:48.852000,415.3617248144708,100
2024-09-16 15:55:48.911000,415.35947053251823,1003
2024-09-16 15:55:48.948000,415.36233503623583,8
2024-09-16 15:55:49.042000,415.3022939261087,7
2024-09-16 15:55:49.081000,415.3578052158044,998
2024-09-16 15:55:49.145000,415.3408581163201,102
2024-09-16 15:55:49.174000,415.3056025313244,15
2024-09-16 15:55:49.178000,415.3038450320595,10
2024-09-16 15:55:49.182000,415.28320474130817,8
2024-09-16 15:55:49.208000,415.3287057884695,1005
2024-09-16 15:55:49.227000,415.3330687646754,104
2024-09-16 15:55:49.230000,415.3300955293177,11
2024-09-16 15:55:49.264000,415.3495002139529,96
2024-09-16 15:55:49.354000,415.31020587464354,104
2024-09-16 15:55:49.360000,415.3436050561161,995
2024-09-16 15:55:49.379000,415.3649180951767,96
2024-09-16 15:55:49.396000,415.3253123082264,1004
2024-09-16 15:55:49.425000,415.3493812488864,999
2024-09-16 15:55:49.427000,415.3034393164109,997
2024-09-16 15:55:49.459000,415.3435149618842,14
2024-09-16 15:55:49.509000,415.3215712893208,12
2024-09-16 15:55:49.555000,415.31908041100326,9
2024-09-16 15:55:49.559000,415.3213238358898,7
2024-09-16 15:55:49.573000,415.3337770170174,1003
2024-09-16 15:55:49.591000,415.3425094422225,998
2024-09-16 15:55:49.685000,415.3233292749389,95
2024-09-16 15:55:49.737000,415.3737029896046,97
2024-09-16 15:55:49.785000,415.33882134994735,102
2024-09-16 15:55:49.833000,415.3230804531889,1002
2024-09-16 15:55:49.873000,415.36633603141615,996
2024-09-16 15:55:49.918000,415.2871572622204,7
2024-09-16 15:55:49.925000,415.3145167823777,105
2024-09-16 15:55:50.133000,415.3259732431432,996
2024-09-16 15:55:50.371000,415.3579524484813,105
2024-09-16 15:55:50.373000,415.3345992725874,1004
2024-09-16 15:55:50.414000,415.3524769976928,11
2024-09-16 15:55:50.425000,415.3294848033489,7
2024-09-16 15:55:50.482000,415.3614616606855,96
2024-09-16 15:55:50.509000,415.32882851424137,11
2024-09-16 15:55:50.633000,415.37392489536336,103
2024-09-16 15:55:50.652000,415.3587776236606,7
2024-09-16 15:55:50.687000,415.36593920804575,1001
2024-09-16 15:55:50.709000,415.3425015546002,104
2024-09-16 15:55:50.821000,415.3119737303732,8
2024-09-16 15:55:50.855000,415.33256063184245,105
2024-09-16 15:55:50.869000,415.32370057195374,105
2024-09-16 15:55:50.870000,415.3639516740354,1000
2024-09-16 15:55:50.930000,415.34318595720345,105
2024-09-16 15:55:50.934000,415.3556890718551,12
2024-09-16 15:55:50.938000,415.3581426490267,99
2024-09-16 15:55:50.977000,415.3725374902647,5
2024-09-16 15:55:51.018000,415.36138002193087,96
2024-09-16 15:55:51.025000,415.3537089715624,97
2024-09-16 15:55:51.170000,415.3634624922325,98
2024-09-16 15:55:51.211000,415.3418505096464,996
2024-09-16 15:55:51.298000,415.366041538322,1000
2024-09-16 15:55:51.336000,415.3725760204329,104
2024-09-16 15:55:51.419000,415.3407440892565,1003
2024-09-16 15:55:51.597000,415.37324010508127,98
2024-09-16 15:55:51.618000,415.36631031275937,1000
2024-09-16 15:55:51.674000,415.3435278053868,1005
2024-09-16 15:55:51.692000,415.3676382441614,10
2024-09-16 15:55:51.712000,415.3671457552315,99
2024-09-16 15:55:51.776000,415.3450409271561,995
2024-09-16 15:55:51.791000,415.3501395525928,13
2024-09-16 15:55:51.907000,415.3480756442366,102
2024-09-16 15:55:51.924000,415.3683951514477,1002
2024-09-16 15:55:51.996000,415.368621246717,15
2024-09-16 15:55:52.163000,415.4282151150989,9
2024-09-16 15:55:52.348000,415.39431928968986,13
2024-09-16 15:55:52.657000,415.4072611504739,998
2024-09-16 15:55:52.710000,415.40988388651016,10
2024-09-16 15:55:52.758000,417.17159790803663,8
2024-09-16 15:55:52.782000,415.42673651527855,99
2024-09-16 15:55:53.233000,415.401735907345,6
2024-09-16 15:55:53.234000,415.3402089297281,999
2024-09-16 15:55:53.357000,415.3787121341618,99
2024-09-16 15:55:53.392000,415.3819620620381,1000
2024-09-16 15:55:53.449000,415.37059641816927,97
2024-09-16 15:55:53.521000,415.36362161952417,105
2024-09-16 15:55:53.658000,415.38300646784586,13
2024-09-16 15:55:53.825000,415.3572669889025,101
2024-09-16 15:55:54.311000,415.382357199816,999
2024-09-16 15:55:54.399000,415.3697717645188,101
2024-09-16 15:55:54.668000,415.3973143319226,11
2024-09-16 15:55:54.728000,415.3967971488968,7
2024-09-16 15:55:54.837000,415.3770573943366,998
2024-09-16 15:55:54.910000,415.3776135177777,996
2024-09-16 15:55:54.984000,415.3708571665307,105
2024-09-16 15:55:55.003000,415.3681660551769,999
2024-09-16 15:55:55.015000,415.4093771009256,1001
2024-09-16 15:55:55.043000,415.41216938085824,1005
2024-09-16 15:55:55.051000,415.3766941775326,98
2024-09-16 15:55:55.140000,415.4033484144982,11
2024-09-16 15:55:55.149000,415.37877578777113,1002
2024-09-16 15:55:55.150000,415.3756350110513,6
2024-09-16 15:55:55.284000,415.41669918175086,6
2024-09-16 15:55:55.374000,415.3588931215563,1000
2024-09-16 15:55:55.396000,415.3690583984877,1001
2024-09-16 15:55:55.436000,415.4045957816628,100
2024-09-16 15:55:55.459000,415.4204135307221,9
2024-09-16 15:55:55.504000,415.36863199684416,1001
2024-09-16 15:55:55.524000,415.4278734291965,104
2024-09-16 15:55:55.586000,415.42568552102887,99
2024-09-16 15:55:55.605000,415.3721475084629,10
2024-09-16 15:55:55.656000,415.4326749200944,999
2024-09-16 15:55:55.674000,415.4249831310922,6
2024-09-16 15:55:55.717000,415.38598965815,8
2024-09-16 15:55:55.749000,415.4068404405423,14
2024-09-16 15:55:55.779000,415.3806568799537,97
2024-09-16 15:55:55.787000,415.3906621922168,1004
2024-09-16 15:55:55.808000,415.3863184551759,1001
2024-09-16 15:55:55.823000,415.3998270891355,15
2024-09-16 15:55:55.827000,415.3974277040598,999
2024-09-16 15:55:56.022000,415.4773670286195,1003
2024-09-16 15:55:56.025000,415.4452864356421,5
2024-09-16 15:55:56.228000,415.4655677689158,1003
2024-09-16 15:55:56.305000,415.41977972195775,100
2024-09-16 15:55:56.318000,415.4434727467665,995
2024-09-16 15:55:56.333000,415.4442842267509,98
2024-09-16 15:55:56.346000,415.4563327154838,102
2024-09-16 15:55:56.425000,415.4779607570156,105
2024-09-16 15:55:56.535000,415.44757644861534,100
2024-09-16 15:55:56.598000,415.4224837796371,1002
2024-09-16 15:55:56.599000,415.4470962990235,105
2024-09-16 15:55:56.989000,415.43230820677513,96
2024-09-16 15:55:57.073000,415.43416388128304,100
2024-09-16 15:55:57.099000,415.4562736929795,998
2024-09-16 15:55:57.114000,415.4595399482491,998
2024-09-16 15:55:57.171000,415.4670910699373,1005
2024-09-16 15:55:57.299000,415.4464699961436,1000
2024-09-16 15:55:57.305000,415.4381059940866,997
2024-09-16 15:55:57.355000,415.4381198940142,7
2024-09-16 15:55:57.502000,415.4423239393773,1002
2024-09-16 15:55:57.505000,415.4645513278163,100
2024-09-16 15:55:57.646000,415.44201906542327,10
2024-09-16 15:55:57.895000,415.4380635764427,102
2024-09-16 15:55:57.939000,415.43531868576457,105
2024-09-16 15:55:57.967000,415.4609701688408,14
2024-09-16 15:55:58.043000,415.4695545947664,105
2024-09-16 15:55:58.060000,415.4316003810525,995
2024-09-16 15:55:58.176000,415.4505714323952,1001
2024-09-16 15:55:58.223000,415.4514105936131,997
2024-09-16 15:55:58.498000,415.45035482679015,6
2024-09-16 15:55:58.571000,415.41426441350814,1005
2024-09-16 15:55:58.688000,415.4334400621672,11
2024-09-16 15:55:58.733000,415.46186495752863,998
2024-09-16 15:55:58.862000,415.4526194174853,97
2024-09-16 15:55:58.927000,415.444738936973,98
2024-09-16 15:55:58.952000,415.4278696989613,103
2024-09-16 15:55:59.003000,415.4669559014422,8
2024-09-16 15:55:59.241000,415.4422475666559,95
2024-09-16 15:55:59.320000,415.4658431042152,104
2024-09-16 15:55:59.436000,415.4539970586985,1003
2024-09-16 15:55:59.588000,415.43166585460136,1003
2024-09-16 15:55:59.676000,415.4654912038482,1000
2024-09-16 15:55:59.805000,415.4405855286166,15
