Timestamp,Price,Size
2024-09-16 10:17:01.261000,417.89083176064986,103
2024-09-16 10:17:01.309000,417.8797584012215,12
2024-09-16 10:17:01.326000,417.77074329305736,102
2024-09-16 10:17:01.376000,417.8781217560505,104
2024-09-16 10:17:01.519000,417.8919814897839,99
2024-09-16 10:17:01.569000,417.7639088526044,1005
2024-09-16 10:17:01.599000,417.864289579328,996
2024-09-16 10:17:01.644000,417.8087307372724,10
2024-09-16 10:17:01.666000,417.8314925048954,11
2024-09-16 10:17:01.677000,417.87517849815646,8
2024-09-16 10:17:01.723000,417.818391678417,105
2024-09-16 10:17:01.780000,417.80475728469474,998
2024-09-16 10:17:01.889000,417.88832995021465,10
2024-09-16 10:17:01.942000,417.87245393799344,996
2024-09-16 10:17:01.957000,417.8857052073717,1001
2024-09-16 10:17:01.974000,417.8585162820853,96
2024-09-16 10:17:01.997000,417.796471877614,12
2024-09-16 10:17:02.008000,417.8120314274357,14
2024-09-16 10:17:02.064000,417.81421414658615,1005
2024-09-16 10:17:02.073000,417.80181153074807,9
2024-09-16 10:17:02.087000,417.7984146364652,95
2024-09-16 10:17:02.109000,417.8045875344167,96
2024-09-16 10:17:02.134000,417.7856269213861,998
2024-09-16 10:17:02.155000,417.7604691591476,1004
2024-09-16 10:17:02.185000,417.8131505299186,14
2024-09-16 10:17:02.227000,417.79637963648526,98
2024-09-16 10:17:02.233000,417.75423836132734,7
2024-09-16 10:17:02.261000,417.81003145327634,103
2024-09-16 10:17:02.420000,417.77165505972937,998
2024-09-16 10:17:02.429000,417.7918422817861,996
2024-09-16 10:17:02.467000,417.80030672952427,14
2024-09-16 10:17:02.510000,417.819538863072,996
2024-09-16 10:17:02.548000,417.75674838523713,14
2024-09-16 10:17:02.594000,417.8039751358767,1004
2024-09-16 10:17:02.621000,417.7965896564216,1002
2024-09-16 10:17:02.634000,417.7818772690533,1001
2024-09-16 10:17:02.695000,417.8056642376248,1002
2024-09-16 10:17:02.732000,417.7398283825607,8
2024-09-16 10:17:02.750000,417.814620152879,100
2024-09-16 10:17:02.750000,417.82248423519445,12
2024-09-16 10:17:02.797000,417.8150327215644,12
2024-09-16 10:17:02.817000,417.81019215197045,999
2024-09-16 10:17:02.862000,417.7882702159147,15
2024-09-16 10:17:02.873000,417.8097926464473,998
2024-09-16 10:17:02.964000,417.7758303997811,102
2024-09-16 10:17:02.974000,417.814079739437,1005
2024-09-16 10:17:03.101000,417.737599517799,99
2024-09-16 10:17:03.301000,417.7922608423373,104
2024-09-16 10:17:03.309000,417.7723960296318,1005
2024-09-16 10:17:03.326000,417.7742898110254,10
2024-09-16 10:17:03.346000,417.7772285480647,15
2024-09-16 10:17:03.398000,417.79238499187534,998
2024-09-16 10:17:03.548000,417.7482520775888,95
2024-09-16 10:17:03.607000,417.78102205903485,12
2024-09-16 10:17:03.645000,417.81306908150464,1003
2024-09-16 10:17:03.683000,417.765044043171,997
2024-09-16 10:17:03.718000,417.80198828126055,999
2024-09-16 10:17:03.739000,417.7434680311785,1002
2024-09-16 10:17:03.825000,417.8103426607478,996
2024-09-16 10:17:03.905000,417.787671546385,996
2024-09-16 10:17:03.980000,417.7688480756218,95
2024-09-16 10:17:04.009000,417.8192707348298,100
2024-09-16 10:17:04.130000,417.815138477573,14
2024-09-16 10:17:04.233000,417.8004211525033,7
2024-09-16 10:17:04.257000,417.83191967931737,104
2024-09-16 10:17:04.294000,417.78769173423393,11
2024-09-16 10:17:04.315000,417.8088146936237,998
2024-09-16 10:17:04.389000,417.8304642214681,1002
2024-09-16 10:17:04.425000,417.82017012556656,100
2024-09-16 10:17:04.552000,417.8241633464384,99
2024-09-16 10:17:04.559000,417.8372723528953,8
2024-09-16 10:17:04.663000,417.8303488229729,10
2024-09-16 10:17:04.845000,417.83182402534055,1004
2024-09-16 10:17:04.973000,417.7726721688355,1000
2024-09-16 10:17:05.024000,417.71175878155503,11
2024-09-16 10:17:05.171000,417.71934553610345,102
2024-09-16 10:17:05.189000,417.8107065622606,1003
2024-09-16 10:17:05.193000,417.7106316905696,15
2024-09-16 10:17:05.242000,417.7194817698232,98
2024-09-16 10:17:05.253000,417.7331210829963,104
2024-09-16 10:17:05.417000,417.80639170243785,103
2024-09-16 10:17:05.427000,417.7043168485027,9
2024-09-16 10:17:05.457000,417.7074750414242,96
2024-09-16 10:17:05.489000,417.7135773189259,104
2024-09-16 10:17:05.596000,417.7324829003903,1005
2024-09-16 10:17:05.675000,417.7017918298318,997
2024-09-16 10:17:05.677000,417.7301115431814,14
2024-09-16 10:17:05.763000,417.6950084721845,5
2024-09-16 10:17:05.832000,417.7410985695693,10
2024-09-16 10:17:05.841000,417.73351231271766,997
2024-09-16 10:17:05.855000,417.6997435332053,1001
2024-09-16 10:17:05.949000,417.7288276993364,15
2024-09-16 10:17:05.985000,417.7687377688841,6
2024-09-16 10:17:06.143000,417.7323750869623,97
2024-09-16 10:17:06.163000,417.734560038626,996
2024-09-16 10:17:06.341000,417.7700094618635,96
2024-09-16 10:17:06.365000,417.7473466845561,5
2024-09-16 10:17:06.442000,417.7284558662777,5
2024-09-16 10:17:06.477000,417.7180080605168,14
2024-09-16 10:17:06.479000,417.73241557355664,95
2024-09-16 10:17:06.546000,417.7290234471224,5
2024-09-16 10:17:06.700000,417.72331458413936,14
2024-09-16 10:17:06.734000,417.7329927974621,14
2024-09-16 10:17:06.894000,417.74056432293264,103
2024-09-16 10:17:06.942000,417.740129475117,100
2024-09-16 10:17:06.989000,417.73281632939694,98
2024-09-16 10:17:06.993000,417.7474597146452,15
2024-09-16 10:17:07.580000,417.74002545680446,101
2024-09-16 10:17:07.685000,417.7343982439354,1002
2024-09-16 10:17:07.983000,417.7322503802086,997
2024-09-16 10:17:07.995000,417.7314110210588,103
2024-09-16 10:17:08.100000,417.6941945426957,1004
2024-09-16 10:17:08.141000,417.70616199990405,996
2024-09-16 10:17:08.370000,417.6655047447146,1000
2024-09-16 10:17:08.383000,417.6629892002982,99
2024-09-16 10:17:08.539000,417.6640670602999,12
2024-09-16 10:17:08.787000,417.6753928814809,7
2024-09-16 10:17:08.858000,417.7274009693854,102
2024-09-16 10:17:08.972000,417.67660831524927,12
2024-09-16 10:17:09.135000,417.6432156813207,996
2024-09-16 10:17:09.150000,417.6894802020347,1000
2024-09-16 10:17:09.195000,417.7051508767442,1000
2024-09-16 10:17:09.200000,417.6443069450356,998
2024-09-16 10:17:09.228000,417.7144738909532,15
2024-09-16 10:17:09.252000,417.6448253080314,97
2024-09-16 10:17:09.261000,417.65830023255154,999
2024-09-16 10:17:09.264000,417.71799360041217,105
2024-09-16 10:17:09.316000,417.66620141702055,8
2024-09-16 10:17:09.331000,417.6736140847693,996
2024-09-16 10:17:09.335000,417.6861084687498,15
2024-09-16 10:17:09.342000,417.6353385080828,998
2024-09-16 10:17:09.520000,417.70390111365015,6
2024-09-16 10:17:09.561000,417.6836591734018,8
2024-09-16 10:17:09.582000,417.63930382277937,97
2024-09-16 10:17:09.587000,417.6877882333847,102
2024-09-16 10:17:09.592000,417.6889554696639,997
2024-09-16 10:17:09.640000,417.64887266941776,98
2024-09-16 10:17:09.678000,417.6860204528797,1001
2024-09-16 10:17:09.700000,417.6734330401157,12
2024-09-16 10:17:09.789000,417.6374286241212,15
2024-09-16 10:17:09.887000,417.66275655395856,995
2024-09-16 10:17:09.892000,417.6838386597067,9
2024-09-16 10:17:09.929000,417.7093965934742,10
2024-09-16 10:17:09.986000,417.6977181376442,96
2024-09-16 10:17:10.042000,417.7514781557186,12
2024-09-16 10:17:10.120000,417.7500182049397,15
2024-09-16 10:17:10.129000,417.758762280173,103
2024-09-16 10:17:10.188000,417.8114660180021,11
2024-09-16 10:17:10.231000,417.7110389120612,1001
2024-09-16 10:17:10.238000,417.801652354581,5
2024-09-16 10:17:10.238000,417.73950662059633,1002
2024-09-16 10:17:10.264000,417.7249882353972,1005
2024-09-16 10:17:10.314000,417.793097655796,13
2024-09-16 10:17:10.371000,417.7372100311771,98
2024-09-16 10:17:10.406000,417.8127246417497,103
2024-09-16 10:17:10.440000,417.7610912802083,6
2024-09-16 10:17:10.449000,417.75783760553225,6
2024-09-16 10:17:10.460000,417.7117878497338,99
2024-09-16 10:17:10.482000,417.7062354625499,995
2024-09-16 10:17:10.622000,417.78566830517553,996
2024-09-16 10:17:10.645000,417.7986310345981,8
2024-09-16 10:17:10.647000,417.8107128446171,996
2024-09-16 10:17:10.661000,417.7683688402575,95
2024-09-16 10:17:10.689000,417.7481476119309,5
2024-09-16 10:17:10.696000,417.80988273640907,100
2024-09-16 10:17:10.719000,417.8206924489369,1003
2024-09-16 10:17:10.796000,417.7509770720627,11
2024-09-16 10:17:10.825000,417.7447686716292,9
2024-09-16 10:17:10.896000,417.79722971192825,1005
2024-09-16 10:17:10.923000,417.8265714510815,104
2024-09-16 10:17:10.938000,417.7979147461174,95
2024-09-16 10:17:10.940000,417.7666119022244,99
2024-09-16 10:17:10.980000,417.78849580783714,1003
2024-09-16 10:17:11.007000,417.8358144119571,7
2024-09-16 10:17:11.037000,417.9195894803414,97
2024-09-16 10:17:11.081000,417.9103751993891,1002
2024-09-16 10:17:11.090000,417.86911986008175,995
2024-09-16 10:17:11.163000,417.8795026570877,11
2024-09-16 10:17:11.199000,417.8708301793113,103
2024-09-16 10:17:11.200000,417.91918506708095,1005
2024-09-16 10:17:11.254000,417.9195550975483,999
2024-09-16 10:17:11.256000,417.83072776190113,103
2024-09-16 10:17:11.284000,417.8820843453236,998
2024-09-16 10:17:11.333000,417.9310923621034,1001
2024-09-16 10:17:11.365000,417.8921774182984,8
2024-09-16 10:17:11.471000,417.8577406504141,11
2024-09-16 10:17:11.489000,417.833010359166,99
2024-09-16 10:17:11.494000,417.83531265613846,999
2024-09-16 10:17:11.562000,417.86095953797735,10
2024-09-16 10:17:11.583000,417.8032405029631,1005
2024-09-16 10:17:11.675000,417.9574867738701,102
2024-09-16 10:17:11.679000,417.9597002872583,998
2024-09-16 10:17:11.700000,418.0037603244813,1005
2024-09-16 10:17:11.747000,417.8960021569361,1004
2024-09-16 10:17:11.778000,417.8423852062826,997
2024-09-16 10:17:11.780000,417.9689062509042,998
2024-09-16 10:17:11.791000,417.99399207574993,8
2024-09-16 10:17:11.798000,417.8828543312813,6
2024-09-16 10:17:11.819000,417.9696728630694,10
2024-09-16 10:17:11.895000,417.9058936517921,1001
2024-09-16 10:17:12.230000,417.9897284927314,1000
2024-09-16 10:17:13.077000,417.9910201439337,1002
2024-09-16 10:17:13.125000,417.9093483997394,1003
2024-09-16 10:17:13.233000,417.9418997865115,999
2024-09-16 10:17:13.350000,418.0059248228112,102
2024-09-16 10:17:13.355000,417.9412409193608,1002
2024-09-16 10:17:13.387000,417.9236758240343,10
2024-09-16 10:17:13.484000,417.9357008285473,995
2024-09-16 10:17:13.518000,417.9168029884141,100
2024-09-16 10:17:13.583000,417.9878981445372,98
2024-09-16 10:17:13.651000,417.99566639708814,103
2024-09-16 10:17:13.744000,417.92800665009565,995
2024-09-16 10:17:13.819000,417.99053995867513,995
2024-09-16 10:17:13.822000,417.92811805403016,13
2024-09-16 10:17:13.906000,417.91493800605,15
2024-09-16 10:17:13.980000,417.9380334151291,5
2024-09-16 10:17:13.993000,417.9787791121962,1005
2024-09-16 10:17:14.386000,417.9396585735076,1002
2024-09-16 10:17:14.388000,417.928607492267,6
2024-09-16 10:17:14.446000,417.9198254704994,102
2024-09-16 10:17:14.479000,417.94142603256194,1001
2024-09-16 10:17:14.587000,417.9145465594814,1000
2024-09-16 10:17:15.130000,417.92185331075984,102
2024-09-16 10:17:15.153000,417.9335673519129,13
2024-09-16 10:17:15.160000,417.9519786961092,12
2024-09-16 10:17:15.194000,417.891313966679,97
2024-09-16 10:17:15.232000,417.9222819343423,96
2024-09-16 10:17:15.236000,417.8883767897972,10
2024-09-16 10:17:15.243000,417.9475159258943,97
2024-09-16 10:17:15.243000,417.9166431678895,105
2024-09-16 10:17:15.253000,417.955029538718,97
2024-09-16 10:17:15.293000,417.92705923224105,97
2024-09-16 10:17:15.365000,417.8795446640561,1002
2024-09-16 10:17:15.424000,417.9354717995973,14
2024-09-16 10:17:15.477000,417.94530262494976,995
2024-09-16 10:17:15.483000,417.9348553325405,95
2024-09-16 10:17:15.488000,417.9045030589388,6
2024-09-16 10:17:15.545000,417.909358430116,104
2024-09-16 10:17:15.589000,417.89669360419566,1005
2024-09-16 10:17:15.590000,417.9116548848922,1000
2024-09-16 10:17:15.592000,417.8924780843597,9
2024-09-16 10:17:15.619000,417.90907409902405,12
2024-09-16 10:17:15.653000,417.8872328774875,1002
2024-09-16 10:17:15.743000,417.9393169040319,105
2024-09-16 10:17:15.806000,417.8973665270882,9
2024-09-16 10:17:15.829000,417.91535562673016,5
2024-09-16 10:17:15.831000,417.9378942110949,95
2024-09-16 10:17:15.861000,417.91385136854177,103
2024-09-16 10:17:15.907000,417.9292198602285,8
2024-09-16 10:17:15.907000,417.8950592604273,104
2024-09-16 10:17:15.935000,417.9486376524269,6
2024-09-16 10:17:15.994000,417.9257870033055,101
2024-09-16 10:17:16.176000,417.912385015621,1001
2024-09-16 10:17:16.178000,417.8584235547119,997
2024-09-16 10:17:16.239000,417.867526336782,104
2024-09-16 10:17:16.290000,417.8628574792031,997
2024-09-16 10:17:16.306000,417.8597270690185,12
2024-09-16 10:17:16.498000,417.85852476861015,9
2024-09-16 10:17:16.826000,417.8837171087072,1002
2024-09-16 10:17:16.966000,417.8905208244998,7
2024-09-16 10:17:18.141000,417.9119615743139,97
2024-09-16 10:17:18.420000,417.90614479446737,995
2024-09-16 10:17:18.441000,417.8949337132724,102
2024-09-16 10:17:18.499000,417.8934369268924,1003
2024-09-16 10:17:18.542000,417.8752516557686,7
2024-09-16 10:17:18.627000,417.8523448506768,997
2024-09-16 10:17:18.754000,417.8998404420872,95
2024-09-16 10:17:18.807000,417.89911954528793,99
2024-09-16 10:17:19.004000,417.8737457539474,5
2024-09-16 10:17:19.011000,417.9225179554417,104
2024-09-16 10:17:19.027000,417.90396808003663,100
2024-09-16 10:17:19.069000,417.91192109448014,103
2024-09-16 10:17:19.102000,417.879254546102,1002
2024-09-16 10:17:19.117000,417.8701701584623,1000
2024-09-16 10:17:19.244000,417.9122764160373,100
2024-09-16 10:17:19.337000,417.86451516309626,96
2024-09-16 10:17:19.356000,417.8905697880431,1002
2024-09-16 10:17:19.356000,417.8664939068116,995
2024-09-16 10:17:19.360000,417.9235042648984,1002
2024-09-16 10:17:19.392000,417.87292880233866,1005
2024-09-16 10:17:19.567000,417.8822886888,8
2024-09-16 10:17:19.573000,417.8775063960481,103
2024-09-16 10:17:19.608000,417.875964069393,10
2024-09-16 10:17:19.635000,417.9176098364935,1004
2024-09-16 10:17:19.635000,417.85021224989697,1005
2024-09-16 10:17:19.635000,417.8648859654169,12
2024-09-16 10:17:19.986000,417.8999797051375,5
2024-09-16 10:17:19.990000,417.8469297879116,103
2024-09-16 10:17:19.991000,417.85093471470486,995
2024-09-16 10:17:20.008000,417.9187414662634,1005
2024-09-16 10:17:20.047000,417.92151462477534,8
2024-09-16 10:17:20.107000,417.88820325926207,995
2024-09-16 10:17:20.268000,417.8807490898309,5
2024-09-16 10:17:20.288000,417.90513798082094,11
2024-09-16 10:17:20.387000,417.8925818237231,997
2024-09-16 10:17:20.460000,417.910332020304,12
2024-09-16 10:17:20.661000,417.91465333879967,8
2024-09-16 10:17:20.711000,417.93262090296287,101
2024-09-16 10:17:20.749000,417.9302577380735,13
2024-09-16 10:17:20.806000,417.8843179648408,995
2024-09-16 10:17:20.901000,417.8969722514428,103
2024-09-16 10:17:20.965000,417.9145825392067,10
2024-09-16 10:17:21.107000,417.898694353044,1003
2024-09-16 10:17:21.177000,417.9102354687964,13
2024-09-16 10:17:21.254000,417.8948343906577,104
2024-09-16 10:17:21.327000,417.8840519195172,999
2024-09-16 10:17:21.362000,417.9099154918331,7
2024-09-16 10:17:21.447000,417.9216725588213,96
2024-09-16 10:17:21.628000,417.90427432421967,5
2024-09-16 10:17:21.697000,417.90290997683707,101
2024-09-16 10:17:21.786000,417.8977185428274,96
2024-09-16 10:17:21.795000,417.9173503762889,9
2024-09-16 10:17:21.886000,417.9063096787368,1001
2024-09-16 10:17:21.920000,417.8926280508548,999
2024-09-16 10:17:22.074000,417.885800760886,102
2024-09-16 10:17:22.421000,417.8892872349584,1002
2024-09-16 10:17:22.430000,417.8687376573182,101
2024-09-16 10:17:22.441000,417.8574538281396,99
2024-09-16 10:17:22.657000,417.8684388733743,997
2024-09-16 10:17:22.760000,417.8720125717744,996
2024-09-16 10:17:22.876000,417.8661094851656,995
2024-09-16 10:17:22.927000,417.8566642113707,105
2024-09-16 10:17:23.035000,417.8361135646163,1005
2024-09-16 10:17:23.041000,417.8424846352645,8
2024-09-16 10:17:23.060000,417.8240793244311,98
2024-09-16 10:17:23.101000,417.8595858532644,97
2024-09-16 10:17:23.146000,417.8481346761413,997
2024-09-16 10:17:23.292000,417.8429383508019,95
2024-09-16 10:17:23.360000,417.8382885172353,104
2024-09-16 10:17:23.398000,417.8373616806059,14
2024-09-16 10:17:23.444000,417.7909562215562,6
2024-09-16 10:17:23.488000,417.79725917982057,9
2024-09-16 10:17:23.492000,417.79922685844207,8
2024-09-16 10:17:23.495000,417.8817995839672,999
2024-09-16 10:17:23.512000,417.78817060141387,99
2024-09-16 10:17:23.538000,417.8743051296537,8
2024-09-16 10:17:23.588000,417.8119064060732,99
2024-09-16 10:17:23.611000,417.8292953492965,104
2024-09-16 10:17:23.673000,417.8331644723611,10
2024-09-16 10:17:23.844000,417.84923248189926,95
2024-09-16 10:17:23.922000,417.8570920214319,95
2024-09-16 10:17:24.090000,417.8142487520743,15
2024-09-16 10:17:24.128000,417.8210833812371,995
2024-09-16 10:17:24.141000,417.7790658637086,1002
2024-09-16 10:17:24.215000,417.79851838523865,1004
2024-09-16 10:17:24.239000,417.8278271395446,95
2024-09-16 10:17:24.404000,417.7805116171036,98
2024-09-16 10:17:24.527000,417.7874933940107,1000
2024-09-16 10:17:24.594000,417.8019101699349,10
2024-09-16 10:17:24.602000,417.80788389971457,95
2024-09-16 10:17:24.686000,417.81917755188624,998
2024-09-16 10:17:24.924000,417.8097824136714,13
2024-09-16 10:17:24.944000,417.8018282790944,998
2024-09-16 10:17:25.042000,417.6944377232298,999
2024-09-16 10:17:25.050000,417.6708740269743,997
2024-09-16 10:17:25.061000,417.7146497402198,1001
2024-09-16 10:17:25.074000,417.6858847444583,102
2024-09-16 10:17:25.086000,417.7593452388244,14
2024-09-16 10:17:25.106000,417.6945724943035,15
2024-09-16 10:17:25.116000,417.7401930034303,12
2024-09-16 10:17:25.137000,417.7014464734731,998
2024-09-16 10:17:25.163000,417.7235014595993,8
2024-09-16 10:17:25.195000,417.7317828500365,9
2024-09-16 10:17:25.196000,417.7144103618351,8
2024-09-16 10:17:25.221000,417.72581859384906,97
2024-09-16 10:17:25.255000,417.7794030293125,101
2024-09-16 10:17:25.255000,417.731334895122,11
2024-09-16 10:17:25.273000,417.7332818953969,103
2024-09-16 10:17:25.302000,417.74180461217406,98
2024-09-16 10:17:25.330000,417.781365840456,999
2024-09-16 10:17:25.338000,417.7291168373425,995
2024-09-16 10:17:25.436000,417.7133741570893,101
2024-09-16 10:17:25.537000,417.7461815276389,12
2024-09-16 10:17:25.595000,417.7402863783707,96
2024-09-16 10:17:25.661000,417.6521629018416,96
2024-09-16 10:17:25.694000,417.6963166485591,105
2024-09-16 10:17:25.699000,417.75468404209977,14
2024-09-16 10:17:25.775000,417.65357709228687,1000
2024-09-16 10:17:25.810000,417.6614343486663,995
2024-09-16 10:17:25.816000,417.70414601759575,1001
2024-09-16 10:17:25.893000,417.657895041696,9
2024-09-16 10:17:25.953000,417.6997035226724,101
2024-09-16 10:17:25.961000,417.7084734328794,105
2024-09-16 10:17:26.002000,417.6609237872069,95
2024-09-16 10:17:26.052000,417.69207712054055,1004
2024-09-16 10:17:26.305000,417.7280845117253,104
2024-09-16 10:17:26.423000,417.71084595256025,95
2024-09-16 10:17:26.657000,417.7261885446327,1003
2024-09-16 10:17:26.680000,417.6799931092163,1003
2024-09-16 10:17:26.953000,417.72157443735074,95
2024-09-16 10:17:26.981000,417.72427101995817,8
2024-09-16 10:17:27.114000,417.7280044460558,10
2024-09-16 10:17:27.149000,417.7505607463512,14
2024-09-16 10:17:27.360000,417.74184330626446,101
2024-09-16 10:17:27.449000,417.7413298725774,104
2024-09-16 10:17:27.574000,417.7330331909304,996
2024-09-16 10:17:27.584000,417.7362896762601,1005
2024-09-16 10:17:27.594000,417.7261229005343,105
2024-09-16 10:17:27.647000,417.7236499653528,96
2024-09-16 10:17:27.718000,417.7233397769855,1005
2024-09-16 10:17:28.580000,417.7145687792566,1004
2024-09-16 10:17:28.736000,417.71832497400703,101
2024-09-16 10:17:28.839000,417.7224741544095,8
2024-09-16 10:17:29.112000,417.7235028088374,13
2024-09-16 10:17:30.014000,417.7250970900211,1002
2024-09-16 10:17:30.090000,417.68418772256655,1001
2024-09-16 10:17:30.109000,417.7228892570761,5
2024-09-16 10:17:30.125000,417.7201198107536,7
2024-09-16 10:17:30.153000,417.69399908424975,999
2024-09-16 10:17:30.212000,417.71881417570455,95
2024-09-16 10:17:30.219000,417.6823275311028,9
2024-09-16 10:17:30.320000,417.7165197364856,97
2024-09-16 10:17:30.347000,417.70845386306127,95
2024-09-16 10:17:30.360000,417.71483988522783,7
2024-09-16 10:17:30.406000,417.6698648901455,15
2024-09-16 10:17:30.409000,417.73328259570513,1002
2024-09-16 10:17:30.460000,417.69212060605423,95
2024-09-16 10:17:30.467000,417.6853061675272,100
2024-09-16 10:17:30.484000,417.6907499308055,998
2024-09-16 10:17:30.516000,417.6764557624117,998
2024-09-16 10:17:30.520000,417.7002701183834,6
2024-09-16 10:17:30.564000,417.6880053344257,8
2024-09-16 10:17:30.621000,417.69317354038606,101
2024-09-16 10:17:30.708000,417.6874463819957,1004
2024-09-16 10:17:30.774000,417.7128351477534,1005
2024-09-16 10:17:30.785000,417.6979009985288,1005
2024-09-16 10:17:30.828000,417.6832454222929,1001
2024-09-16 10:17:30.857000,417.71200850642725,1005
2024-09-16 10:17:30.882000,417.6919438826642,999
2024-09-16 10:17:30.910000,417.69924183463735,10
2024-09-16 10:17:30.921000,417.7234945815383,11
2024-09-16 10:17:30.946000,417.72928078945614,9
2024-09-16 10:17:31.077000,417.6916614019035,102
2024-09-16 10:17:31.174000,417.6515770571684,998
2024-09-16 10:17:31.227000,417.7023761979679,97
2024-09-16 10:17:31.673000,417.7085213858117,99
2024-09-16 10:17:31.996000,417.70579676203954,105
2024-09-16 10:17:32.008000,417.6427471234452,103
2024-09-16 10:17:32.202000,417.640630736641,1005
2024-09-16 10:17:32.202000,417.6182452849529,97
2024-09-16 10:17:32.309000,417.6114866714968,13
2024-09-16 10:17:32.453000,417.6641374931344,12
2024-09-16 10:17:32.514000,417.60918362169616,15
2024-09-16 10:17:32.644000,417.6303612181832,6
2024-09-16 10:17:32.722000,417.5971326113429,6
2024-09-16 10:17:32.776000,417.6039655419748,8
2024-09-16 10:17:32.794000,417.6683057387766,104
2024-09-16 10:17:32.897000,417.6625430548595,1002
2024-09-16 10:17:32.909000,417.6035353258309,99
2024-09-16 10:17:33.432000,417.58809503850256,996
2024-09-16 10:17:33.569000,417.5937459464116,1001
2024-09-16 10:17:33.720000,417.6026838209698,96
2024-09-16 10:17:34.137000,417.5767164112352,98
2024-09-16 10:17:34.365000,417.59983908221847,9
2024-09-16 10:17:34.471000,417.5894453071023,1000
2024-09-16 10:17:34.502000,417.5788575219756,101
2024-09-16 10:17:34.845000,417.58524476906325,101
2024-09-16 10:17:35.037000,417.56783828050055,10
2024-09-16 10:17:35.068000,417.5916101533368,97
2024-09-16 10:17:35.216000,417.5911825055646,98
2024-09-16 10:17:35.278000,417.5935173433464,14
2024-09-16 10:17:35.329000,417.5919988161865,99
2024-09-16 10:17:35.380000,417.5661539899281,10
2024-09-16 10:17:35.384000,417.596486211101,14
2024-09-16 10:17:35.476000,417.5343849950919,13
2024-09-16 10:17:35.519000,417.5693741064956,996
2024-09-16 10:17:35.581000,417.5359486174741,100
2024-09-16 10:17:35.652000,417.5638218815086,1002
2024-09-16 10:17:35.676000,417.5487294370296,999
2024-09-16 10:17:35.700000,417.5495312342539,6
2024-09-16 10:17:35.745000,417.5457155981323,105
2024-09-16 10:17:35.780000,417.60223908541695,9
2024-09-16 10:17:35.802000,417.5425954363441,1003
2024-09-16 10:17:35.862000,417.55721980457344,13
2024-09-16 10:17:35.902000,417.57004569321896,15
2024-09-16 10:17:36.089000,417.6010525790994,102
2024-09-16 10:17:36.100000,417.6056737819484,102
2024-09-16 10:17:36.594000,417.6057565643152,12
2024-09-16 10:17:36.921000,417.6064356765795,998
2024-09-16 10:17:37.879000,417.59229792415294,97
2024-09-16 10:17:38.034000,417.60856606201367,9
2024-09-16 10:17:38.049000,417.5913687923617,95
2024-09-16 10:17:38.056000,417.5991016678415,12
2024-09-16 10:17:38.223000,417.6273471508084,99
2024-09-16 10:17:38.235000,417.6222248211848,102
2024-09-16 10:17:38.331000,417.6351273027636,10
2024-09-16 10:17:38.446000,417.6063734262845,1000
2024-09-16 10:17:38.449000,417.6015916335795,103
2024-09-16 10:17:38.552000,417.61984563145234,104
2024-09-16 10:17:38.588000,417.6353430744344,10
2024-09-16 10:17:38.690000,417.5861898765668,101
2024-09-16 10:17:38.800000,417.65270452657313,104
2024-09-16 10:17:38.888000,417.5749259732584,1004
2024-09-16 10:17:38.948000,417.62522343650136,995
2024-09-16 10:17:38.960000,417.6456473252053,5
2024-09-16 10:17:38.978000,417.6222639109758,105
2024-09-16 10:17:38.995000,417.64764785761406,13
2024-09-16 10:17:39.003000,417.67283368399234,1000
2024-09-16 10:17:39.119000,417.6918802322057,15
2024-09-16 10:17:39.277000,417.6751353849224,8
2024-09-16 10:17:39.454000,417.6547611806048,10
2024-09-16 10:17:39.519000,417.698505340518,11
2024-09-16 10:17:39.584000,417.6571470617084,100
2024-09-16 10:17:39.591000,417.67697521318047,100
2024-09-16 10:17:39.692000,417.65441333729945,998
2024-09-16 10:17:39.713000,417.6726213585528,13
2024-09-16 10:17:39.757000,417.6569213970413,102
2024-09-16 10:17:39.769000,417.6857292389205,8
2024-09-16 10:17:39.890000,417.6526680981364,6
2024-09-16 10:17:40.074000,417.6844495965595,997
2024-09-16 10:17:40.182000,417.7362681200152,104
2024-09-16 10:17:40.208000,417.67825787729606,101
2024-09-16 10:17:40.231000,417.6800917410599,102
2024-09-16 10:17:40.380000,417.6789476247105,1001
2024-09-16 10:17:40.782000,417.7446995298824,10
2024-09-16 10:17:40.797000,417.68408473062055,8
2024-09-16 10:17:40.938000,417.7223273308995,13
2024-09-16 10:17:41.037000,417.6053647480904,998
2024-09-16 10:17:41.060000,417.71783515397607,105
2024-09-16 10:17:41.093000,417.7069729187861,102
2024-09-16 10:17:41.205000,417.6309774102442,1001
2024-09-16 10:17:41.326000,417.7399766013732,1002
2024-09-16 10:17:41.388000,417.6363170641302,105
2024-09-16 10:17:41.478000,417.6466339827719,95
2024-09-16 10:17:41.527000,417.7113627879113,102
2024-09-16 10:17:41.569000,417.6666284093344,100
2024-09-16 10:17:41.597000,417.682004912057,100
2024-09-16 10:17:41.643000,417.6540018313752,103
2024-09-16 10:17:41.653000,417.7109465885007,1004
2024-09-16 10:17:41.662000,417.7105772222746,1002
2024-09-16 10:17:41.777000,417.6741627878658,95
2024-09-16 10:17:41.794000,417.6976623131009,995
2024-09-16 10:17:41.796000,417.6637485713406,99
2024-09-16 10:17:41.834000,417.71888749272586,14
2024-09-16 10:17:41.881000,417.6752727098026,5
2024-09-16 10:17:41.915000,417.67777679940696,102
2024-09-16 10:17:41.943000,417.6853425697296,1001
2024-09-16 10:17:41.947000,417.6880190071438,11
2024-09-16 10:17:41.956000,417.6983427857258,1004
2024-09-16 10:17:42.045000,417.6543293512583,1005
2024-09-16 10:17:42.051000,417.61245331243725,103
2024-09-16 10:17:42.070000,417.5810567159148,14
2024-09-16 10:17:42.202000,417.6141818185637,14
2024-09-16 10:17:42.320000,417.6362607305934,14
2024-09-16 10:17:42.350000,417.6147075924957,15
2024-09-16 10:17:42.373000,417.6052499270018,11
2024-09-16 10:17:42.472000,417.6215157115802,99
2024-09-16 10:17:42.523000,417.6180169798015,100
2024-09-16 10:17:42.579000,417.59154028565325,1005
2024-09-16 10:17:42.600000,417.6370678776809,101
2024-09-16 10:17:42.742000,417.5812347840998,7
2024-09-16 10:17:42.833000,417.6319567317463,104
2024-09-16 10:17:42.840000,417.6457943479797,6
2024-09-16 10:17:42.842000,417.59642688744657,13
2024-09-16 10:17:42.842000,417.57687363969615,105
2024-09-16 10:17:42.887000,417.6023893537503,14
2024-09-16 10:17:42.991000,417.58910324159217,11
2024-09-16 10:17:43.018000,417.6442790885084,5
2024-09-16 10:17:43.265000,417.6699587206278,999
2024-09-16 10:17:43.275000,417.6004159666896,995
2024-09-16 10:17:43.348000,417.6672577145421,995
2024-09-16 10:17:43.412000,417.5773865508531,6
2024-09-16 10:17:43.602000,417.66830212991874,103
2024-09-16 10:17:43.627000,417.6608876750212,13
2024-09-16 10:17:43.628000,417.6334659851936,12
2024-09-16 10:17:43.628000,417.5517861801372,14
2024-09-16 10:17:43.850000,417.63593367623207,98
2024-09-16 10:17:43.867000,417.6665948929148,15
2024-09-16 10:17:44.277000,417.563855818476,999
2024-09-16 10:17:44.374000,417.5955664336607,11
2024-09-16 10:17:44.469000,417.5813380027491,6
2024-09-16 10:17:44.476000,417.58920987072014,12
2024-09-16 10:17:44.534000,417.58384511985565,13
2024-09-16 10:17:44.695000,417.56480355596,997
2024-09-16 10:17:44.935000,417.5950219155816,14
2024-09-16 10:17:44.942000,417.6084853119604,7
2024-09-16 10:17:44.962000,417.563767564991,999
2024-09-16 10:17:46.002000,417.5669569143967,104
2024-09-16 10:17:46.117000,417.5667800687009,13
2024-09-16 10:17:46.125000,417.5577742970571,11
2024-09-16 10:17:46.225000,417.54448063752,104
2024-09-16 10:17:46.229000,417.58691281490667,1004
2024-09-16 10:17:46.240000,417.5829982010928,1002
2024-09-16 10:17:46.351000,417.57630046222806,14
2024-09-16 10:17:46.463000,417.5671844179437,998
2024-09-16 10:17:46.495000,417.5990102777654,97
2024-09-16 10:17:46.537000,417.5445761172364,998
2024-09-16 10:17:46.611000,417.6011385034005,1000
2024-09-16 10:17:46.628000,417.5997866205136,997
2024-09-16 10:17:46.648000,417.6084812323121,15
2024-09-16 10:17:46.689000,417.59374902044186,999
2024-09-16 10:17:46.700000,417.5997326938282,105
2024-09-16 10:17:46.702000,417.5850649471976,1001
2024-09-16 10:17:46.739000,417.5939999313224,1005
2024-09-16 10:17:46.828000,417.5498303127634,8
2024-09-16 10:17:46.853000,417.5974201958834,96
2024-09-16 10:17:46.863000,417.5875164479375,105
2024-09-16 10:17:46.918000,417.5348561373129,14
2024-09-16 10:17:46.933000,417.6082049677711,15
2024-09-16 10:17:46.980000,417.6104469825996,998
2024-09-16 10:17:47.089000,417.63807513892607,1002
2024-09-16 10:17:47.114000,417.60849987399695,999
2024-09-16 10:17:47.163000,417.5587794118484,103
2024-09-16 10:17:47.193000,417.5714736118755,13
2024-09-16 10:17:47.204000,417.6185070169802,8
2024-09-16 10:17:47.215000,417.5794191171892,96
2024-09-16 10:17:47.320000,417.6362086760248,95
2024-09-16 10:17:47.392000,417.5915122623249,998
2024-09-16 10:17:47.399000,417.6029573854557,13
2024-09-16 10:17:47.475000,417.5698575743644,6
2024-09-16 10:17:47.492000,417.5857097782644,11
2024-09-16 10:17:47.496000,417.5909153772654,1005
2024-09-16 10:17:47.558000,417.6032935375056,98
2024-09-16 10:17:47.616000,417.6510182705058,99
2024-09-16 10:17:47.616000,417.6442877332655,5
2024-09-16 10:17:47.715000,417.565274625777,13
2024-09-16 10:17:47.725000,417.6139610284079,1002
2024-09-16 10:17:47.788000,417.5932623128344,14
2024-09-16 10:17:47.813000,417.6409781905448,98
2024-09-16 10:17:47.840000,417.5601651900327,11
2024-09-16 10:17:47.849000,417.6233421503728,95
2024-09-16 10:17:47.860000,417.6119832061074,10
2024-09-16 10:17:47.876000,417.6520719347611,96
2024-09-16 10:17:47.890000,417.5557948700155,995
2024-09-16 10:17:47.930000,417.63327740324297,13
2024-09-16 10:17:47.966000,417.6090488551682,95
2024-09-16 10:17:47.987000,417.58542433042913,9
2024-09-16 10:17:47.988000,417.58988174143263,8
2024-09-16 10:17:48.174000,417.5645226104709,97
2024-09-16 10:17:48.211000,417.5829158268593,103
2024-09-16 10:17:48.249000,417.6318159309917,13
2024-09-16 10:17:48.263000,417.5734382995387,995
2024-09-16 10:17:48.329000,417.5787988660677,14
2024-09-16 10:17:48.350000,417.5945423514949,15
2024-09-16 10:17:48.364000,417.5936721928146,996
2024-09-16 10:17:48.387000,417.6385149428432,97
2024-09-16 10:17:48.394000,417.6020847993521,6
2024-09-16 10:17:48.423000,417.6113467439151,1001
2024-09-16 10:17:48.461000,417.5867249709893,10
2024-09-16 10:17:48.481000,417.5809207346548,103
2024-09-16 10:17:48.568000,417.5793774707291,5
2024-09-16 10:17:48.673000,417.6434508935731,100
2024-09-16 10:17:48.689000,417.6372623368208,105
2024-09-16 10:17:48.719000,417.5799969741488,103
2024-09-16 10:17:48.751000,417.5969446495104,102
2024-09-16 10:17:48.754000,417.6158123707377,1001
2024-09-16 10:17:48.815000,417.6378782936701,1001
2024-09-16 10:17:48.894000,417.6192246215473,96
2024-09-16 10:17:48.937000,417.5818794802194,103
2024-09-16 10:17:49.101000,417.5985598845478,102
2024-09-16 10:17:49.383000,417.63539459022167,10
2024-09-16 10:17:49.390000,417.6415462852457,998
2024-09-16 10:17:49.448000,417.595258025922,9
2024-09-16 10:17:49.681000,417.61539643679896,95
2024-09-16 10:17:49.817000,417.5963986964165,99
2024-09-16 10:17:50.041000,417.612769922997,96
2024-09-16 10:17:50.091000,417.61340078890015,13
2024-09-16 10:17:50.137000,417.6345145154179,9
2024-09-16 10:17:50.224000,417.5842758318902,996
2024-09-16 10:17:50.250000,417.6159807250808,13
2024-09-16 10:17:50.255000,417.5953840100912,103
2024-09-16 10:17:50.279000,417.6277741676408,6
2024-09-16 10:17:50.346000,417.6026338949762,1005
2024-09-16 10:17:50.347000,417.5669133850516,96
2024-09-16 10:17:50.374000,417.64592866984106,1001
2024-09-16 10:17:50.385000,417.6180140107376,997
2024-09-16 10:17:50.441000,417.6078678620283,104
2024-09-16 10:17:50.480000,417.5963322696461,997
2024-09-16 10:17:50.557000,417.6216008116555,1002
2024-09-16 10:17:50.562000,417.6043393173941,1001
2024-09-16 10:17:50.592000,417.595819862168,1001
2024-09-16 10:17:50.633000,417.6056475525072,995
2024-09-16 10:17:50.700000,417.5848295173182,5
2024-09-16 10:17:50.709000,417.5887853805889,5
2024-09-16 10:17:50.741000,417.6274397730078,1000
2024-09-16 10:17:50.793000,417.62862601404817,12
2024-09-16 10:17:50.844000,417.62912857088986,1005
2024-09-16 10:17:50.855000,417.6172075135468,99
2024-09-16 10:17:50.893000,417.6441360448271,995
2024-09-16 10:17:51.043000,417.5695406530656,13
2024-09-16 10:17:51.154000,417.6509925636991,8
2024-09-16 10:17:51.173000,417.5907733114272,97
2024-09-16 10:17:51.269000,417.5916950955704,13
2024-09-16 10:17:51.305000,417.5832769767044,1003
2024-09-16 10:17:51.453000,417.6625804872907,6
2024-09-16 10:17:51.478000,417.5859221416312,1002
2024-09-16 10:17:51.486000,417.5929252688536,8
2024-09-16 10:17:51.514000,417.5644785266516,995
2024-09-16 10:17:51.547000,417.59312088801374,13
2024-09-16 10:17:51.582000,417.5882201065385,100
2024-09-16 10:17:51.594000,417.6443843631182,998
2024-09-16 10:17:51.597000,417.5767190462411,1003
2024-09-16 10:17:51.688000,417.6041460253279,1004
2024-09-16 10:17:51.691000,417.5804325524608,104
2024-09-16 10:17:51.705000,417.58855114210365,98
2024-09-16 10:17:51.841000,417.5603991538613,6
2024-09-16 10:17:51.846000,417.5998515301227,1001
2024-09-16 10:17:51.860000,417.5693873422975,999
2024-09-16 10:17:51.965000,417.6248328498015,97
2024-09-16 10:17:52.001000,417.68533386584215,95
2024-09-16 10:17:52.004000,417.6851862909349,102
2024-09-16 10:17:52.046000,417.67725240752833,1004
2024-09-16 10:17:52.088000,417.675509793968,6
2024-09-16 10:17:52.187000,417.6602031685997,13
2024-09-16 10:17:52.188000,417.68902748928855,996
2024-09-16 10:17:52.222000,417.6712475160344,14
2024-09-16 10:17:52.295000,417.6868993343596,995
2024-09-16 10:17:52.331000,417.6857309382292,101
2024-09-16 10:17:52.502000,417.6719269488472,8
2024-09-16 10:17:52.588000,417.67554375375374,101
2024-09-16 10:17:52.649000,417.6758583725047,99
2024-09-16 10:17:52.709000,417.6753736191941,95
2024-09-16 10:17:52.781000,417.6765298804143,8
2024-09-16 10:17:54.078000,417.6864487426263,998
2024-09-16 10:17:54.150000,417.6704149982209,15
2024-09-16 10:17:54.241000,417.6559695247165,15
2024-09-16 10:17:54.421000,417.7141870662073,104
2024-09-16 10:17:54.448000,417.6737346540472,103
2024-09-16 10:17:54.450000,417.67556303870833,5
2024-09-16 10:17:54.487000,417.7055518987249,1001
2024-09-16 10:17:54.588000,417.7063096950228,105
2024-09-16 10:17:54.622000,417.65801279790384,13
2024-09-16 10:17:54.653000,417.7038949953412,1003
2024-09-16 10:17:54.752000,417.6794531619842,99
2024-09-16 10:17:55.024000,417.7698459211592,102
2024-09-16 10:17:55.136000,417.7203779244373,1003
2024-09-16 10:17:55.209000,417.7785489547679,995
2024-09-16 10:17:55.226000,417.7826560119723,1003
2024-09-16 10:17:55.245000,417.7803926123871,104
2024-09-16 10:17:55.294000,417.75547425213625,5
2024-09-16 10:17:55.337000,417.7760825292767,8
2024-09-16 10:17:55.347000,417.7238020765672,95
2024-09-16 10:17:55.358000,417.7667472879371,104
2024-09-16 10:17:55.391000,417.8146234993214,104
2024-09-16 10:17:55.416000,417.778826718623,9
2024-09-16 10:17:55.451000,417.8319987960216,9
2024-09-16 10:17:55.515000,417.7628378605724,1001
2024-09-16 10:17:55.577000,417.8113318503897,11
2024-09-16 10:17:55.744000,417.8129795041143,998
2024-09-16 10:17:55.793000,417.7720886339009,1000
2024-09-16 10:17:55.800000,417.7376141711459,103
2024-09-16 10:17:55.800000,417.7327555321492,1005
2024-09-16 10:17:55.800000,417.73061066141065,14
2024-09-16 10:17:55.887000,417.7804768033084,1001
2024-09-16 10:17:55.913000,417.7902894242464,105
2024-09-16 10:17:55.914000,417.7177742533773,1004
2024-09-16 10:17:55.924000,417.8141220218273,9
2024-09-16 10:17:55.940000,417.7499065166566,98
2024-09-16 10:17:55.944000,417.8136781127004,997
2024-09-16 10:17:56.093000,417.8364038386265,1005
2024-09-16 10:17:56.166000,417.82419205280576,10
2024-09-16 10:17:56.199000,417.832604156153,101
2024-09-16 10:17:56.302000,417.8180785530664,102
2024-09-16 10:17:56.334000,417.8208598732761,1004
2024-09-16 10:17:56.632000,417.8152308487779,95
2024-09-16 10:17:57.035000,417.8433151055887,8
2024-09-16 10:17:57.139000,417.8533828986622,11
2024-09-16 10:17:57.155000,417.8554114106508,1003
2024-09-16 10:17:57.182000,417.8399688259446,98
2024-09-16 10:17:57.215000,417.8244267589498,1000
2024-09-16 10:17:57.243000,417.8358303586347,10
2024-09-16 10:17:57.333000,417.836533632872,103
2024-09-16 10:17:57.479000,417.8556558832456,1005
2024-09-16 10:17:57.525000,417.8583926479679,1004
2024-09-16 10:17:57.554000,417.8425820128284,104
2024-09-16 10:17:57.703000,417.8494320356574,998
2024-09-16 10:17:57.818000,417.8643388046252,7
2024-09-16 10:17:57.872000,417.83785229262674,1003
2024-09-16 10:17:57.895000,417.8439676476376,15
2024-09-16 10:17:58.029000,417.8465172540243,99
2024-09-16 10:17:58.072000,417.8062009806844,1003
2024-09-16 10:17:58.080000,417.8423999493402,1004
2024-09-16 10:17:58.128000,417.7873812482994,1003
2024-09-16 10:17:58.147000,417.8693196067194,10
2024-09-16 10:17:58.170000,417.7922637692265,995
2024-09-16 10:17:58.173000,417.8412674063541,10
2024-09-16 10:17:58.396000,417.8735062860338,103
2024-09-16 10:17:58.400000,417.82098690183824,996
2024-09-16 10:17:58.431000,417.8481466796443,1000
2024-09-16 10:17:58.575000,417.7842566570752,9
2024-09-16 10:17:58.594000,417.8096997286457,1004
2024-09-16 10:17:58.615000,417.8506526844434,1002
2024-09-16 10:17:58.635000,417.7861748835722,105
2024-09-16 10:17:58.635000,417.8017865458877,1004
2024-09-16 10:17:58.816000,417.7753366443361,105
2024-09-16 10:17:58.940000,417.8284581129774,98
2024-09-16 10:17:58.985000,417.7810070977706,103
2024-09-16 10:17:58.991000,417.82773893732025,105
2024-09-16 10:17:59.027000,417.8092212233512,1004
2024-09-16 10:17:59.108000,417.7924006840879,99
2024-09-16 10:17:59.108000,417.8126453280991,8
2024-09-16 10:17:59.118000,417.8206047767249,1002
2024-09-16 10:17:59.204000,417.83540716402285,103
2024-09-16 10:17:59.235000,417.81103275396754,96
2024-09-16 10:17:59.244000,417.8409547874795,997
2024-09-16 10:17:59.267000,417.79533387882,6
2024-09-16 10:17:59.315000,417.8272986773328,11
2024-09-16 10:17:59.414000,417.8043787895049,13
2024-09-16 10:17:59.499000,417.8501434901831,104
2024-09-16 10:17:59.522000,417.86350374529536,12
2024-09-16 10:17:59.564000,417.8598142428378,10
2024-09-16 10:17:59.618000,417.8451141815444,1000
2024-09-16 10:17:59.786000,417.79026272523856,98
2024-09-16 10:17:59.907000,417.8426645600062,14
2024-09-16 10:17:59.948000,417.89274731931647,1004
2024-09-16 10:17:59.997000,417.805229091778,998
