Timestamp,Price,Size
2024-09-20 11:36:00.050000,426.8501886779446,13
2024-09-20 11:36:00.053000,426.857878185789,1001
2024-09-20 11:36:00.089000,426.8608788129369,98
2024-09-20 11:36:00.106000,426.8665029787295,6
2024-09-20 11:36:00.261000,426.7790963593729,13
2024-09-20 11:36:00.297000,426.8569116935616,14
2024-09-20 11:36:00.305000,426.8180439639496,96
2024-09-20 11:36:00.311000,426.830781896896,103
2024-09-20 11:36:00.322000,426.85211621909656,995
2024-09-20 11:36:00.380000,426.8429382195485,101
2024-09-20 11:36:00.386000,426.86218559546046,1001
2024-09-20 11:36:00.389000,426.8484331645884,11
2024-09-20 11:36:00.529000,426.84423791402514,1004
2024-09-20 11:36:00.538000,426.7685551303291,11
2024-09-20 11:36:00.559000,426.8694864861764,103
2024-09-20 11:36:00.641000,426.8586949428972,5
2024-09-20 11:36:00.710000,426.8559825483898,102
2024-09-20 11:36:00.847000,426.8564936874652,95
2024-09-20 11:36:00.920000,426.8667771957647,995
2024-09-20 11:36:00.923000,426.8329654474436,97
2024-09-20 11:36:00.990000,426.762469159395,1004
2024-09-20 11:36:02.049000,426.92365632193867,104
2024-09-20 11:36:02.147000,426.8643671654335,995
2024-09-20 11:36:02.163000,426.9384746536688,103
2024-09-20 11:36:02.338000,426.93465347483294,102
2024-09-20 11:36:02.349000,426.9084440951159,105
2024-09-20 11:36:02.371000,426.94238542255226,105
2024-09-20 11:36:02.434000,426.9095485485856,8
2024-09-20 11:36:02.466000,426.94489758468296,998
2024-09-20 11:36:02.512000,426.8475042122321,103
2024-09-20 11:36:02.624000,426.84894973483046,6
2024-09-20 11:36:02.641000,426.94579494984,104
2024-09-20 11:36:02.748000,426.8801674093813,95
2024-09-20 11:36:02.857000,426.89335409153193,15
2024-09-20 11:36:02.901000,426.8828118302253,101
2024-09-20 11:36:02.926000,426.8911140384511,999
2024-09-20 11:36:03.103000,426.8548418914468,105
2024-09-20 11:36:03.248000,426.8150805086,97
2024-09-20 11:36:03.380000,426.8317032897615,1005
2024-09-20 11:36:03.552000,426.8540064989886,105
2024-09-20 11:36:03.555000,426.8325612938661,997
2024-09-20 11:36:03.962000,426.8215931458458,14
2024-09-20 11:36:04.163000,426.8687487342761,999
2024-09-20 11:36:04.584000,426.8481224943079,11
2024-09-20 11:36:05.032000,426.90477798140336,97
2024-09-20 11:36:05.034000,426.89418659356295,13
2024-09-20 11:36:05.216000,426.8856159488637,102
2024-09-20 11:36:05.243000,426.8613259847791,5
2024-09-20 11:36:05.250000,426.8922772366168,15
2024-09-20 11:36:05.263000,426.8767457388298,102
2024-09-20 11:36:05.531000,426.8889123739615,95
2024-09-20 11:36:05.629000,426.8734245180939,95
2024-09-20 11:36:05.737000,426.8542156574115,997
2024-09-20 11:36:05.757000,426.8598399444562,12
2024-09-20 11:36:05.795000,426.9012510696769,997
2024-09-20 11:36:05.809000,426.9092931346462,1002
2024-09-20 11:36:05.900000,426.88512222044346,1003
2024-09-20 11:36:05.901000,426.8328218808076,1004
2024-09-20 11:36:05.928000,426.8760219509622,95
2024-09-20 11:36:06.046000,426.8908376142873,1001
2024-09-20 11:36:06.080000,426.86930355697166,13
2024-09-20 11:36:06.198000,426.8759440614817,9
2024-09-20 11:36:06.285000,426.8820219890831,1003
2024-09-20 11:36:06.351000,426.8921586052063,1004
2024-09-20 11:36:06.588000,426.8921889274152,7
2024-09-20 11:36:06.934000,426.87738648493,6
2024-09-20 11:36:06.968000,426.8948890998765,102
2024-09-20 11:36:07.083000,426.8752562396749,998
2024-09-20 11:36:07.101000,426.8834612177685,11
2024-09-20 11:36:07.161000,426.8893349989506,103
2024-09-20 11:36:07.297000,426.89188108308815,12
2024-09-20 11:36:07.356000,426.854937439039,98
2024-09-20 11:36:07.394000,426.8783767848,1003
2024-09-20 11:36:07.486000,426.8881145203224,1004
2024-09-20 11:36:07.567000,426.8963850268526,12
2024-09-20 11:36:07.593000,426.8529830220037,99
2024-09-20 11:36:07.957000,426.8996106731299,9
2024-09-20 11:36:07.961000,426.8786965805516,1002
2024-09-20 11:36:07.984000,426.8719936549773,7
2024-09-20 11:36:08.416000,426.8746297260465,996
2024-09-20 11:36:08.484000,426.8908166174334,98
2024-09-20 11:36:08.580000,426.896708093894,8
2024-09-20 11:36:08.637000,426.8973933759856,14
2024-09-20 11:36:08.796000,426.8975179977591,103
2024-09-20 11:36:08.925000,426.8926672706291,1002
2024-09-20 11:36:08.959000,426.9032107002696,1000
2024-09-20 11:36:09.026000,426.9244981125941,8
2024-09-20 11:36:09.785000,426.9197455610118,98
2024-09-20 11:36:09.808000,426.9290819060156,13
2024-09-20 11:36:10.086000,426.9332425744745,102
2024-09-20 11:36:10.098000,426.940456934594,101
2024-09-20 11:36:10.196000,426.8933758869005,11
2024-09-20 11:36:10.285000,426.88254632306206,1003
2024-09-20 11:36:10.286000,426.9130720245967,1001
2024-09-20 11:36:10.464000,426.9487307252504,9
2024-09-20 11:36:10.523000,426.9449935601501,999
2024-09-20 11:36:10.568000,426.8999111737772,1001
2024-09-20 11:36:10.625000,426.9237215933733,1004
2024-09-20 11:36:10.629000,426.8897504571172,1000
2024-09-20 11:36:10.635000,426.9304675775472,15
2024-09-20 11:36:10.661000,426.8745722475719,8
2024-09-20 11:36:10.686000,426.8930626042224,104
2024-09-20 11:36:10.740000,426.8848680437436,103
2024-09-20 11:36:10.755000,426.88494338029903,97
2024-09-20 11:36:10.839000,426.9623350134932,1002
2024-09-20 11:36:10.897000,426.8682619022315,97
2024-09-20 11:36:10.917000,426.905313310839,1001
2024-09-20 11:36:11.067000,426.9401731477983,10
2024-09-20 11:36:12.653000,426.9442053503825,997
2024-09-20 11:36:13.057000,426.9536634090434,105
2024-09-20 11:36:13.133000,426.953958889214,99
2024-09-20 11:36:13.138000,426.94660313185983,5
2024-09-20 11:36:13.383000,426.9599477404348,13
2024-09-20 11:36:13.413000,426.9599235297789,998
2024-09-20 11:36:13.501000,426.9334555167314,10
2024-09-20 11:36:13.529000,426.9478082013196,103
2024-09-20 11:36:13.570000,426.95503237576816,14
2024-09-20 11:36:13.640000,426.957471722411,102
2024-09-20 11:36:13.693000,426.9600442386816,11
2024-09-20 11:36:13.821000,426.9316211828496,9
2024-09-20 11:36:13.883000,426.9546240974039,11
2024-09-20 11:36:14.036000,426.98439105809945,999
2024-09-20 11:36:14.040000,427.0051827774104,1000
2024-09-20 11:36:14.045000,426.9788970132852,1002
2024-09-20 11:36:14.185000,426.9966045441346,104
2024-09-20 11:36:14.202000,427.0133725308694,6
2024-09-20 11:36:14.292000,426.9692151461804,100
2024-09-20 11:36:14.296000,426.961475161494,102
2024-09-20 11:36:14.364000,426.9886889185464,104
2024-09-20 11:36:14.383000,426.9998350986836,105
2024-09-20 11:36:14.438000,426.9988358773476,103
2024-09-20 11:36:14.444000,426.99411406695793,103
2024-09-20 11:36:14.476000,426.975425858147,999
2024-09-20 11:36:14.538000,426.9803955869551,11
2024-09-20 11:36:14.562000,426.9481913021232,14
2024-09-20 11:36:14.583000,427.00188375708507,15
2024-09-20 11:36:14.584000,426.99223090065055,1001
2024-09-20 11:36:14.608000,426.9648757371343,998
2024-09-20 11:36:14.615000,426.9686507469172,97
2024-09-20 11:36:14.625000,427.0003229981428,6
2024-09-20 11:36:14.658000,426.97851259506655,13
2024-09-20 11:36:14.720000,426.9779399904031,1001
2024-09-20 11:36:14.862000,426.9321901242545,8
2024-09-20 11:36:14.870000,426.9885028127388,11
2024-09-20 11:36:14.895000,427.0177014208385,104
2024-09-20 11:36:14.988000,426.9761248235172,8
2024-09-20 11:36:15.243000,426.99277768025047,1005
2024-09-20 11:36:15.322000,426.9424104617109,997
2024-09-20 11:36:15.322000,426.9348103943073,13
2024-09-20 11:36:15.373000,426.9076363347775,999
2024-09-20 11:36:15.440000,426.9556129492264,5
2024-09-20 11:36:15.462000,426.9915313630153,1004
2024-09-20 11:36:15.495000,426.8930357933849,102
2024-09-20 11:36:15.564000,426.9361377835409,105
2024-09-20 11:36:15.584000,427.0087548260571,105
2024-09-20 11:36:15.657000,426.9423648792099,97
2024-09-20 11:36:15.722000,426.8944763059948,101
2024-09-20 11:36:15.775000,426.9321177629764,12
2024-09-20 11:36:15.878000,426.9306238430202,103
2024-09-20 11:36:15.897000,426.9490333140848,95
2024-09-20 11:36:15.904000,427.0089292337749,14
2024-09-20 11:36:15.915000,426.9092942942814,105
2024-09-20 11:36:15.942000,426.9439602351125,1005
2024-09-20 11:36:17.006000,426.92305978160505,14
2024-09-20 11:36:17.036000,426.8972688593549,100
2024-09-20 11:36:17.038000,426.8975404422512,103
2024-09-20 11:36:17.047000,426.9549327629752,11
2024-09-20 11:36:17.058000,426.9251894783538,102
2024-09-20 11:36:17.140000,426.9228134433318,8
2024-09-20 11:36:17.174000,426.8983444127687,95
2024-09-20 11:36:17.198000,426.92217067960974,1002
2024-09-20 11:36:17.316000,426.9037053303393,101
2024-09-20 11:36:17.321000,426.9038325137996,7
2024-09-20 11:36:17.415000,426.9328908379673,97
2024-09-20 11:36:17.452000,426.8465346105033,12
2024-09-20 11:36:17.467000,426.8690955231064,12
2024-09-20 11:36:17.486000,426.9199552130465,10
2024-09-20 11:36:17.489000,426.91329756741874,1000
2024-09-20 11:36:17.573000,426.94859307752176,15
2024-09-20 11:36:17.642000,426.9211739200881,95
2024-09-20 11:36:17.664000,426.9185363573743,9
2024-09-20 11:36:17.692000,426.9161936577227,10
2024-09-20 11:36:17.700000,426.9175666294087,7
2024-09-20 11:36:17.703000,426.8833553161529,14
2024-09-20 11:36:17.758000,426.9291007793861,12
2024-09-20 11:36:17.766000,426.93560865096777,95
2024-09-20 11:36:17.783000,426.9586918259081,997
2024-09-20 11:36:17.810000,426.9201152091102,101
2024-09-20 11:36:17.882000,426.93817262108985,99
2024-09-20 11:36:17.883000,426.9294585276694,1004
2024-09-20 11:36:18.052000,426.8686823110559,13
2024-09-20 11:36:18.082000,426.85999351252326,8
2024-09-20 11:36:18.115000,426.8840788762169,995
2024-09-20 11:36:18.280000,426.8280367939204,1005
2024-09-20 11:36:18.285000,426.8350088154506,1004
2024-09-20 11:36:18.287000,426.8212080250762,998
2024-09-20 11:36:18.296000,426.8229988785289,998
2024-09-20 11:36:18.310000,426.84701936007207,997
2024-09-20 11:36:18.347000,426.8574521437358,1001
2024-09-20 11:36:18.361000,426.8418839995529,999
2024-09-20 11:36:18.369000,426.84052343908354,1000
2024-09-20 11:36:18.370000,426.8299887226517,102
2024-09-20 11:36:18.386000,426.842222067276,95
2024-09-20 11:36:18.463000,426.8364075881552,10
2024-09-20 11:36:18.477000,426.83664100928826,998
2024-09-20 11:36:18.514000,426.8213650671931,99
2024-09-20 11:36:18.606000,426.8479991346027,7
2024-09-20 11:36:18.628000,426.8498027120264,998
2024-09-20 11:36:18.629000,426.8292126652697,5
2024-09-20 11:36:18.672000,426.8392300802974,997
2024-09-20 11:36:18.736000,426.8475317436716,10
2024-09-20 11:36:18.747000,426.8343664264135,14
2024-09-20 11:36:18.799000,426.8815975574036,95
2024-09-20 11:36:18.800000,426.8446435642293,14
2024-09-20 11:36:18.802000,426.8520795366851,96
2024-09-20 11:36:18.804000,426.87039847130086,96
2024-09-20 11:36:18.919000,426.8577078906376,13
2024-09-20 11:36:18.956000,426.8554663328096,5
2024-09-20 11:36:19.003000,426.894350911368,9
2024-09-20 11:36:19.065000,426.84311253328207,1001
2024-09-20 11:36:19.100000,426.8855301119396,99
2024-09-20 11:36:19.103000,426.90504120021046,13
2024-09-20 11:36:19.143000,426.88337101391767,15
2024-09-20 11:36:19.153000,426.8449921170123,1002
2024-09-20 11:36:19.157000,426.8770702881983,104
2024-09-20 11:36:19.172000,426.87227241068666,1005
2024-09-20 11:36:19.247000,426.91868856110347,101
2024-09-20 11:36:19.269000,426.8644010340814,103
2024-09-20 11:36:19.401000,426.876077999513,6
2024-09-20 11:36:19.417000,426.9103108870479,95
2024-09-20 11:36:19.467000,426.86666944893454,1005
2024-09-20 11:36:19.481000,426.8655129457956,1004
2024-09-20 11:36:19.509000,426.8870557446707,11
2024-09-20 11:36:19.539000,426.92376132703765,14
2024-09-20 11:36:19.567000,426.8720796231004,1000
2024-09-20 11:36:19.623000,426.88029316618616,1001
2024-09-20 11:36:19.732000,426.8892940945812,103
2024-09-20 11:36:19.765000,426.87490680245406,6
2024-09-20 11:36:19.822000,426.8588530481714,100
2024-09-20 11:36:19.904000,426.9056022556095,103
2024-09-20 11:36:19.962000,426.8716641391221,1005
2024-09-20 11:36:19.969000,426.9132114543826,11
2024-09-20 11:36:20.045000,426.87780773806713,10
2024-09-20 11:36:20.057000,426.908692710535,99
2024-09-20 11:36:20.117000,426.8973726844057,99
2024-09-20 11:36:20.138000,426.8958414557709,95
2024-09-20 11:36:20.219000,426.9075176591555,103
2024-09-20 11:36:20.225000,426.85551515782015,7
2024-09-20 11:36:20.265000,426.86756166221056,998
2024-09-20 11:36:20.334000,426.8863222360192,100
2024-09-20 11:36:20.447000,426.8483560884193,996
2024-09-20 11:36:20.464000,426.8970140646073,996
2024-09-20 11:36:20.497000,426.8718210674237,95
2024-09-20 11:36:20.497000,426.869013317366,1001
2024-09-20 11:36:20.566000,426.8978725487387,1002
2024-09-20 11:36:20.619000,426.8652381767854,10
2024-09-20 11:36:20.669000,426.9033256144596,99
2024-09-20 11:36:20.710000,426.9230196060109,10
2024-09-20 11:36:20.716000,426.8634586631337,998
2024-09-20 11:36:20.734000,426.8915723107811,96
2024-09-20 11:36:20.898000,426.8688108939632,999
2024-09-20 11:36:20.905000,426.87214705524985,99
2024-09-20 11:36:20.918000,426.89600848524594,100
2024-09-20 11:36:20.973000,426.8767782532496,13
2024-09-20 11:36:21.001000,426.9039213703784,104
2024-09-20 11:36:21.047000,426.8749524336762,97
2024-09-20 11:36:21.277000,426.8552372785871,1003
2024-09-20 11:36:21.279000,426.85196033511227,999
2024-09-20 11:36:21.312000,426.8631572504504,996
2024-09-20 11:36:21.434000,426.8551343351655,104
2024-09-20 11:36:21.542000,426.8781879483345,97
2024-09-20 11:36:21.543000,426.8807633805528,98
2024-09-20 11:36:21.547000,426.9043780302841,8
2024-09-20 11:36:21.675000,426.8606385259496,999
2024-09-20 11:36:21.836000,426.87052589577377,98
2024-09-20 11:36:21.848000,426.8781210256298,10
2024-09-20 11:36:21.980000,426.8751792155968,1003
2024-09-20 11:36:22.497000,426.8578807890936,1001
2024-09-20 11:36:23.065000,426.9123804202096,98
2024-09-20 11:36:23.097000,426.9198855951364,95
2024-09-20 11:36:23.241000,426.9285149643291,97
2024-09-20 11:36:23.267000,426.9720084100356,1001
2024-09-20 11:36:23.286000,426.9139824660264,1001
2024-09-20 11:36:23.343000,426.9251074687741,6
2024-09-20 11:36:23.358000,426.94686144314136,104
2024-09-20 11:36:23.363000,426.9283248136663,1005
2024-09-20 11:36:23.456000,426.8928120978291,13
2024-09-20 11:36:23.471000,426.9598124484312,103
2024-09-20 11:36:23.483000,426.8760978623167,11
2024-09-20 11:36:23.516000,426.862668803436,999
2024-09-20 11:36:23.517000,426.9185495147395,996
2024-09-20 11:36:23.525000,426.9151121734944,98
2024-09-20 11:36:23.530000,426.9240058117968,1001
2024-09-20 11:36:23.560000,426.8900165509221,97
2024-09-20 11:36:23.577000,426.8804027137802,995
2024-09-20 11:36:23.611000,426.9547165235037,95
2024-09-20 11:36:23.619000,426.9430753161865,105
2024-09-20 11:36:23.641000,426.94670417918746,100
2024-09-20 11:36:23.667000,426.9276446192375,103
2024-09-20 11:36:23.679000,426.8595650482492,1000
2024-09-20 11:36:23.835000,426.9151506537956,100
2024-09-20 11:36:23.901000,426.9311151373539,5
2024-09-20 11:36:23.902000,426.9235692101795,1001
2024-09-20 11:36:23.944000,426.9538464492696,14
2024-09-20 11:36:23.977000,426.9390063073333,6
2024-09-20 11:36:23.984000,426.971919876533,1002
2024-09-20 11:36:24.064000,426.9343852724954,8
2024-09-20 11:36:24.074000,426.99890760100845,102
2024-09-20 11:36:24.083000,426.9735470167216,14
2024-09-20 11:36:24.213000,426.9622774152847,996
2024-09-20 11:36:24.278000,426.935875646412,995
2024-09-20 11:36:24.415000,426.9722499041095,1004
2024-09-20 11:36:24.416000,426.9728002970208,1005
2024-09-20 11:36:24.515000,426.9613702700357,995
2024-09-20 11:36:24.520000,426.99075396515934,1004
2024-09-20 11:36:24.533000,426.9871037011482,11
2024-09-20 11:36:24.536000,426.9215438758672,999
2024-09-20 11:36:24.646000,426.9625027733042,103
2024-09-20 11:36:24.648000,426.9763237245225,6
2024-09-20 11:36:24.663000,426.9415352120335,995
2024-09-20 11:36:24.692000,426.9666835541336,996
2024-09-20 11:36:24.766000,426.9929334907841,97
2024-09-20 11:36:24.800000,426.9555812262767,100
2024-09-20 11:36:24.815000,426.95287231656977,98
2024-09-20 11:36:24.830000,426.9861995466104,101
2024-09-20 11:36:24.923000,426.9736631698466,9
2024-09-20 11:36:24.925000,426.9553144822692,8
2024-09-20 11:36:24.941000,426.9393278492613,995
2024-09-20 11:36:24.982000,426.9809557408122,7
2024-09-20 11:36:24.982000,426.9698819683183,15
2024-09-20 11:36:24.984000,426.9722555007703,1000
2024-09-20 11:36:24.993000,426.9596325132397,99
2024-09-20 11:36:25.012000,426.94071346052334,13
2024-09-20 11:36:25.037000,426.9428895782813,12
2024-09-20 11:36:25.063000,426.9285610113206,97
2024-09-20 11:36:25.134000,426.9751935090415,15
2024-09-20 11:36:25.291000,426.9396616318447,1003
2024-09-20 11:36:25.383000,426.9034542873154,7
2024-09-20 11:36:25.395000,427.0261404810804,102
2024-09-20 11:36:25.433000,426.94624735845474,100
2024-09-20 11:36:25.474000,426.9788932004208,996
2024-09-20 11:36:25.558000,426.990458483631,100
2024-09-20 11:36:25.668000,427.00486110495166,102
2024-09-20 11:36:25.777000,426.9665104362875,13
2024-09-20 11:36:25.828000,426.9771709802982,105
2024-09-20 11:36:25.889000,426.9684701850269,1005
2024-09-20 11:36:25.972000,426.9399111158415,999
2024-09-20 11:36:26.135000,426.8147083752292,104
2024-09-20 11:36:26.145000,426.8722695123594,99
2024-09-20 11:36:26.265000,426.9006109634681,96
2024-09-20 11:36:26.279000,426.8237081187661,1000
2024-09-20 11:36:26.283000,426.8748209854876,8
2024-09-20 11:36:26.311000,426.8996004975154,1003
2024-09-20 11:36:26.350000,426.8652912016798,998
2024-09-20 11:36:26.415000,426.8392567456577,6
2024-09-20 11:36:26.447000,426.89518185757066,1002
2024-09-20 11:36:26.457000,426.894637266076,996
2024-09-20 11:36:26.515000,426.8954364418695,96
2024-09-20 11:36:26.532000,426.8689921889707,999
2024-09-20 11:36:26.573000,426.8224272578574,996
2024-09-20 11:36:26.580000,426.89290885418086,1003
2024-09-20 11:36:26.629000,426.8866262559039,8
2024-09-20 11:36:26.677000,426.8850559058196,1001
2024-09-20 11:36:26.687000,426.8208792232588,101
2024-09-20 11:36:26.701000,426.9010677987733,103
2024-09-20 11:36:26.776000,426.8702989048336,12
2024-09-20 11:36:26.796000,426.8734669323624,103
2024-09-20 11:36:26.968000,426.87943346999447,13
2024-09-20 11:36:27.073000,426.864620237172,7
2024-09-20 11:36:27.110000,426.8836088469552,1004
2024-09-20 11:36:27.125000,426.8471954325802,999
2024-09-20 11:36:27.185000,426.87566223040585,1002
2024-09-20 11:36:27.204000,426.82024062914365,1002
2024-09-20 11:36:27.226000,426.83904897222686,1001
2024-09-20 11:36:27.307000,426.9129774858639,96
2024-09-20 11:36:27.341000,426.8237441248013,995
2024-09-20 11:36:27.348000,426.9217307140265,14
2024-09-20 11:36:27.400000,426.85339751897567,1003
2024-09-20 11:36:27.416000,426.8781138943538,99
2024-09-20 11:36:27.422000,426.9106623873365,97
2024-09-20 11:36:27.425000,426.8782719273486,10
2024-09-20 11:36:27.522000,426.8546099092649,12
2024-09-20 11:36:27.581000,426.8476927243739,96
2024-09-20 11:36:27.650000,426.8860992382809,999
2024-09-20 11:36:27.676000,426.81981195546666,103
2024-09-20 11:36:27.777000,426.8393440415424,15
2024-09-20 11:36:27.788000,426.8597011374525,7
2024-09-20 11:36:27.794000,426.866920928442,999
2024-09-20 11:36:27.832000,426.8607167957553,95
2024-09-20 11:36:27.879000,426.8933230408366,96
2024-09-20 11:36:27.880000,426.84021373008153,95
2024-09-20 11:36:27.900000,426.88211177347125,1005
2024-09-20 11:36:27.900000,426.9127015015686,102
2024-09-20 11:36:27.912000,426.8737583593716,7
2024-09-20 11:36:27.967000,426.8557607157112,97
2024-09-20 11:36:28.009000,426.9322053682988,1003
2024-09-20 11:36:28.031000,426.961143920547,9
2024-09-20 11:36:28.092000,426.95245916260825,99
2024-09-20 11:36:28.154000,426.9752745954529,11
2024-09-20 11:36:28.210000,426.9520491546459,100
2024-09-20 11:36:28.356000,426.9628553326862,14
2024-09-20 11:36:28.402000,426.95966951012593,999
2024-09-20 11:36:28.405000,426.929174685304,99
2024-09-20 11:36:28.471000,426.9357463111747,12
2024-09-20 11:36:28.476000,426.9201696575863,101
2024-09-20 11:36:28.907000,426.91065326298553,95
2024-09-20 11:36:28.953000,426.8987354372596,102
2024-09-20 11:36:28.991000,426.9553997555605,1002
2024-09-20 11:36:29.111000,426.9216764170547,99
2024-09-20 11:36:29.139000,426.8862267706514,7
2024-09-20 11:36:29.488000,426.9085171728908,98
2024-09-20 11:36:29.613000,426.9209995507798,101
2024-09-20 11:36:29.673000,426.9070319117617,105
2024-09-20 11:36:30.047000,426.8592462405736,5
2024-09-20 11:36:30.356000,426.8620881864596,102
2024-09-20 11:36:30.484000,426.8634296867072,996
2024-09-20 11:36:30.570000,426.8687195481493,101
2024-09-20 11:36:30.687000,426.87080798066256,98
2024-09-20 11:36:30.697000,426.855604712366,1003
2024-09-20 11:36:30.765000,426.8629304121425,8
2024-09-20 11:36:30.779000,426.87014954846177,6
2024-09-20 11:36:30.955000,426.86834693746783,7
2024-09-20 11:36:30.985000,426.85061610928585,1002
2024-09-20 11:36:31.018000,426.8239258671226,1003
2024-09-20 11:36:31.101000,426.8266527725926,995
2024-09-20 11:36:31.165000,426.8481456204518,11
2024-09-20 11:36:31.198000,426.8224253061609,1003
2024-09-20 11:36:31.256000,426.8189127346701,103
2024-09-20 11:36:31.541000,426.86180918191405,14
2024-09-20 11:36:31.548000,426.84644392955977,999
2024-09-20 11:36:31.671000,426.8872308214322,9
2024-09-20 11:36:31.729000,426.86019155321645,1002
2024-09-20 11:36:31.768000,426.86194006132985,100
2024-09-20 11:36:31.781000,426.8266924989144,100
2024-09-20 11:36:31.898000,426.8399505357713,1002
2024-09-20 11:36:31.988000,426.8469275527818,1005
2024-09-20 11:36:32.079000,426.890165620172,7
2024-09-20 11:36:32.109000,426.9097002423041,96
2024-09-20 11:36:32.113000,426.9334184811605,13
2024-09-20 11:36:32.173000,426.941922973324,95
2024-09-20 11:36:32.265000,426.8776275824096,995
2024-09-20 11:36:32.302000,426.9253329309326,1001
2024-09-20 11:36:32.352000,426.9204214321002,100
2024-09-20 11:36:32.355000,426.8866566865214,97
2024-09-20 11:36:32.430000,426.9370228800193,1002
2024-09-20 11:36:32.460000,426.9405974716757,11
2024-09-20 11:36:32.619000,426.8749144440244,1005
2024-09-20 11:36:32.682000,426.9001531831606,6
2024-09-20 11:36:32.729000,426.9354444527268,10
2024-09-20 11:36:32.783000,426.9068295622753,998
2024-09-20 11:36:32.789000,426.9143989975766,10
2024-09-20 11:36:32.821000,426.93430296201166,8
2024-09-20 11:36:32.824000,426.919244402684,1003
2024-09-20 11:36:32.982000,426.90735819103344,1005
2024-09-20 11:36:32.999000,426.9167920277338,998
2024-09-20 11:36:33.517000,426.9022060145634,9
2024-09-20 11:36:33.703000,426.9062043014552,1004
2024-09-20 11:36:33.903000,426.8945479153584,1002
2024-09-20 11:36:34.090000,426.9157966191775,1000
2024-09-20 11:36:34.171000,426.9138130001929,14
2024-09-20 11:36:34.220000,426.9088423455691,998
2024-09-20 11:36:34.427000,426.9036986039491,997
2024-09-20 11:36:34.499000,426.8965414008932,100
2024-09-20 11:36:34.506000,426.9020034599093,11
2024-09-20 11:36:34.616000,426.9092103960616,15
2024-09-20 11:36:34.640000,426.8962400976091,6
2024-09-20 11:36:34.655000,426.9015177446961,95
2024-09-20 11:36:34.673000,426.8913701191663,1003
2024-09-20 11:36:34.851000,426.9094789267704,996
2024-09-20 11:36:34.896000,426.88886720679415,999
2024-09-20 11:36:34.952000,426.8990034578183,103
2024-09-20 11:36:34.960000,426.9104632831983,13
2024-09-20 11:36:35.012000,426.883899233839,103
2024-09-20 11:36:35.022000,426.89463431800107,15
2024-09-20 11:36:35.040000,426.8713942870595,1001
2024-09-20 11:36:35.081000,426.8701614633434,7
2024-09-20 11:36:35.105000,426.8838421056756,105
2024-09-20 11:36:35.121000,426.9002138855628,10
2024-09-20 11:36:35.280000,426.8768697010358,999
2024-09-20 11:36:35.440000,426.8792568605614,1001
2024-09-20 11:36:35.562000,426.87738839164126,101
2024-09-20 11:36:35.637000,426.8821251609591,998
2024-09-20 11:36:35.722000,426.86999559888056,1002
2024-09-20 11:36:35.725000,426.8813904632356,101
2024-09-20 11:36:35.794000,426.8800950652845,999
2024-09-20 11:36:35.855000,426.8765988307951,96
2024-09-20 11:36:35.924000,426.8763468527478,14
2024-09-20 11:36:36.068000,426.9080126105337,100
2024-09-20 11:36:36.086000,426.92432584071935,99
2024-09-20 11:36:36.152000,426.901458271728,1005
2024-09-20 11:36:36.208000,426.9177685539437,6
2024-09-20 11:36:36.253000,426.90076360360416,1003
2024-09-20 11:36:36.326000,426.9272458663632,1003
2024-09-20 11:36:36.350000,426.87434724166553,1004
2024-09-20 11:36:36.387000,426.8769918700111,11
2024-09-20 11:36:36.395000,426.9284451272379,96
2024-09-20 11:36:36.450000,426.90683129732986,999
2024-09-20 11:36:36.482000,426.9349607876396,8
2024-09-20 11:36:36.527000,426.92609057639794,14
2024-09-20 11:36:36.536000,426.9045769834541,1000
2024-09-20 11:36:36.624000,426.924061658744,99
2024-09-20 11:36:36.641000,426.8804082740032,6
2024-09-20 11:36:36.643000,426.9108590194806,7
2024-09-20 11:36:36.648000,426.9076877699523,14
2024-09-20 11:36:36.766000,426.8967071627839,999
2024-09-20 11:36:36.809000,426.9229015146949,7
2024-09-20 11:36:36.848000,426.8895906311242,6
2024-09-20 11:36:36.849000,426.9156083999443,1005
2024-09-20 11:36:36.873000,426.8899925239302,999
2024-09-20 11:36:36.900000,426.8921557104008,1002
2024-09-20 11:36:36.903000,426.9336570358622,1005
2024-09-20 11:36:36.913000,426.9178154123422,1000
2024-09-20 11:36:36.990000,426.8755780779716,10
2024-09-20 11:36:37.317000,426.9222676656868,1004
2024-09-20 11:36:37.372000,426.9149190088272,5
2024-09-20 11:36:37.617000,426.92325614217725,101
2024-09-20 11:36:37.644000,426.9104425410727,997
2024-09-20 11:36:37.713000,426.9220949921566,995
2024-09-20 11:36:38.592000,426.9745707182731,102
2024-09-20 11:36:38.603000,426.9665768836061,1005
2024-09-20 11:36:38.658000,426.9424201974371,1002
2024-09-20 11:36:38.684000,426.9684342590755,13
2024-09-20 11:36:38.902000,426.9666012554662,14
2024-09-20 11:36:38.910000,426.96594758263376,95
2024-09-20 11:36:38.980000,426.9782465672899,99
2024-09-20 11:36:39.021000,427.074476264674,14
2024-09-20 11:36:39.033000,427.0305711826744,96
2024-09-20 11:36:39.065000,427.0364212787969,8
2024-09-20 11:36:39.103000,426.9983568077792,99
2024-09-20 11:36:39.109000,427.0126426198176,1003
2024-09-20 11:36:39.165000,427.0002550158553,999
2024-09-20 11:36:39.193000,427.0501979194741,7
2024-09-20 11:36:39.224000,427.024175478652,101
2024-09-20 11:36:39.292000,427.0641685232242,9
2024-09-20 11:36:39.395000,427.0622155180296,997
2024-09-20 11:36:39.434000,427.064344353534,10
2024-09-20 11:36:39.508000,427.03885286808,995
2024-09-20 11:36:39.518000,426.9817197595921,96
2024-09-20 11:36:39.613000,426.9957440497361,996
2024-09-20 11:36:39.614000,427.04647490065736,996
2024-09-20 11:36:39.636000,427.0488751476955,105
2024-09-20 11:36:39.695000,427.05403626781776,1000
2024-09-20 11:36:39.724000,427.0704657380561,95
2024-09-20 11:36:39.733000,427.0454167839363,998
2024-09-20 11:36:39.756000,427.0019301155236,5
2024-09-20 11:36:39.756000,427.0369252592639,103
2024-09-20 11:36:39.758000,427.08213342159735,1003
2024-09-20 11:36:39.780000,426.9966373322814,995
2024-09-20 11:36:39.806000,427.0081877856524,100
2024-09-20 11:36:39.884000,427.0018565784566,14
2024-09-20 11:36:39.888000,427.0125326378051,1003
2024-09-20 11:36:39.901000,427.042906155042,105
2024-09-20 11:36:39.949000,427.0767076283671,999
2024-09-20 11:36:40.010000,427.0184550802472,12
2024-09-20 11:36:40.050000,427.04109444203823,105
2024-09-20 11:36:40.065000,427.0186573003489,1000
2024-09-20 11:36:40.096000,427.0594514872174,7
2024-09-20 11:36:40.204000,427.0352445589669,10
2024-09-20 11:36:40.285000,427.0065267846251,995
2024-09-20 11:36:40.445000,427.02909093981145,101
2024-09-20 11:36:40.604000,427.0470425280762,5
2024-09-20 11:36:40.620000,427.05143757685215,8
2024-09-20 11:36:40.956000,427.0830607006185,97
2024-09-20 11:36:41.109000,427.0325331908346,1002
2024-09-20 11:36:41.134000,427.1017797382704,11
2024-09-20 11:36:41.172000,427.09100293451615,11
2024-09-20 11:36:41.195000,427.1240746333024,1000
2024-09-20 11:36:41.272000,427.0875736284379,7
2024-09-20 11:36:41.295000,427.1251281128686,11
2024-09-20 11:36:41.341000,427.1024349063617,96
2024-09-20 11:36:41.385000,427.0762711966896,11
2024-09-20 11:36:41.403000,427.0039516858018,1004
2024-09-20 11:36:41.404000,427.1112859798616,101
2024-09-20 11:36:41.421000,427.1042967260649,1003
2024-09-20 11:36:41.432000,427.11844831925686,101
2024-09-20 11:36:41.461000,426.9822405824934,998
2024-09-20 11:36:41.495000,427.0983471685877,996
2024-09-20 11:36:41.498000,427.08946930201074,997
2024-09-20 11:36:41.587000,427.0926108589337,98
2024-09-20 11:36:41.603000,427.0298277989672,99
2024-09-20 11:36:41.652000,427.1133843224126,1002
2024-09-20 11:36:41.673000,427.1105879530541,105
2024-09-20 11:36:41.768000,427.012831730724,98
2024-09-20 11:36:41.845000,427.0134287869947,14
2024-09-20 11:36:41.861000,427.00916656885937,104
2024-09-20 11:36:41.938000,427.1161127814229,1005
2024-09-20 11:36:41.951000,427.0209353081668,14
2024-09-20 11:36:42.362000,426.9975235838637,100
2024-09-20 11:36:42.658000,427.035562984017,999
2024-09-20 11:36:42.837000,427.0374745026907,96
2024-09-20 11:36:43.074000,427.0415714843818,1004
2024-09-20 11:36:43.123000,427.0231208502892,102
2024-09-20 11:36:43.143000,427.0230148789171,98
2024-09-20 11:36:43.274000,426.9692703272015,10
2024-09-20 11:36:43.344000,427.0218046346689,14
2024-09-20 11:36:43.407000,427.0258237465004,7
2024-09-20 11:36:43.488000,426.9757916076668,7
2024-09-20 11:36:43.532000,427.0125271652584,97
2024-09-20 11:36:43.787000,426.9966046113223,11
2024-09-20 11:36:43.800000,426.974529225365,1001
2024-09-20 11:36:43.846000,426.99070696457625,105
2024-09-20 11:36:43.878000,427.0215489122444,8
2024-09-20 11:36:43.886000,426.96454508537227,8
2024-09-20 11:36:43.938000,426.9498135649087,96
2024-09-20 11:36:44.079000,426.9343254199328,995
2024-09-20 11:36:44.109000,426.9587468700912,102
2024-09-20 11:36:44.133000,426.92591248578367,1004
2024-09-20 11:36:44.194000,426.9351554673595,999
2024-09-20 11:36:44.260000,426.9440368205351,997
2024-09-20 11:36:44.316000,426.9245531852238,9
2024-09-20 11:36:44.358000,426.94043748486126,1000
2024-09-20 11:36:44.418000,426.9352745440681,1003
2024-09-20 11:36:44.425000,426.9499973005581,1000
2024-09-20 11:36:44.534000,426.9099381894301,1004
2024-09-20 11:36:44.550000,426.9508033701445,9
2024-09-20 11:36:44.734000,426.9448088454978,105
2024-09-20 11:36:44.803000,426.92550668038376,103
2024-09-20 11:36:44.987000,426.94212326151865,101
2024-09-20 11:36:44.995000,426.9326149785408,5
2024-09-20 11:36:45.038000,426.9247663616473,95
2024-09-20 11:36:45.132000,426.96700698869176,104
2024-09-20 11:36:45.714000,426.91014530135385,104
2024-09-20 11:36:46.054000,426.9226881107443,6
2024-09-20 11:36:46.057000,426.9306912281448,103
2024-09-20 11:36:46.340000,426.9498363930373,6
2024-09-20 11:36:46.349000,426.9291550299269,1004
2024-09-20 11:36:46.374000,426.93291411956886,1002
2024-09-20 11:36:46.384000,426.9571471061458,8
2024-09-20 11:36:46.450000,426.9615444984433,96
2024-09-20 11:36:46.681000,426.9381675652174,1000
2024-09-20 11:36:46.683000,426.915942581992,997
2024-09-20 11:36:46.694000,426.9315582923711,98
2024-09-20 11:36:46.700000,426.9214192360833,10
2024-09-20 11:36:46.815000,426.9471789068239,9
2024-09-20 11:36:46.896000,426.9498446134367,11
2024-09-20 11:36:46.963000,426.93491749048127,9
2024-09-20 11:36:46.970000,426.9621806798397,98
2024-09-20 11:36:47.526000,426.9323142793648,1002
2024-09-20 11:36:48.033000,426.9338470278639,996
2024-09-20 11:36:48.070000,426.9320095216637,1002
2024-09-20 11:36:48.076000,426.9376277264363,1005
2024-09-20 11:36:48.076000,426.9373932967389,104
2024-09-20 11:36:48.125000,426.9080960141607,9
2024-09-20 11:36:48.139000,426.91658163639374,95
2024-09-20 11:36:48.200000,426.89351853194125,5
2024-09-20 11:36:48.352000,426.93366684856585,103
2024-09-20 11:36:48.494000,426.9412414975628,1003
2024-09-20 11:36:48.515000,426.9401015863516,99
2024-09-20 11:36:48.576000,426.87888329396566,1000
2024-09-20 11:36:48.578000,426.91813312934624,102
2024-09-20 11:36:48.664000,426.90491099305626,996
2024-09-20 11:36:48.798000,426.9123296776814,1005
2024-09-20 11:36:48.827000,426.9218783019264,996
2024-09-20 11:36:48.840000,426.915955109472,13
2024-09-20 11:36:48.876000,426.9147779904052,1000
2024-09-20 11:36:48.930000,426.9215393795786,100
2024-09-20 11:36:48.961000,426.90896966505534,11
2024-09-20 11:36:49.038000,426.9333133214242,996
2024-09-20 11:36:49.089000,426.9817902555528,5
2024-09-20 11:36:49.159000,426.91055399862125,9
2024-09-20 11:36:49.210000,426.9753719542419,6
2024-09-20 11:36:49.243000,427.0146392071387,998
2024-09-20 11:36:49.244000,426.9237722171583,998
2024-09-20 11:36:49.278000,426.9677203272661,9
2024-09-20 11:36:49.318000,426.942069867504,998
2024-09-20 11:36:49.332000,427.0020458833708,12
2024-09-20 11:36:49.387000,426.945128768997,98
2024-09-20 11:36:49.396000,426.928683906081,12
2024-09-20 11:36:49.410000,427.04018093309617,1002
2024-09-20 11:36:49.429000,426.99259383344366,97
2024-09-20 11:36:49.492000,427.0154576747097,8
2024-09-20 11:36:49.579000,427.0189085052362,1002
2024-09-20 11:36:49.635000,426.9782956551405,5
2024-09-20 11:36:49.662000,427.03317666192567,105
2024-09-20 11:36:49.709000,427.0160240320968,102
2024-09-20 11:36:49.750000,427.03296589356586,996
2024-09-20 11:36:49.844000,426.9331840059721,15
2024-09-20 11:36:49.992000,427.0209665727126,5
2024-09-20 11:36:49.997000,426.97240942515646,1002
2024-09-20 11:36:50.001000,427.11831741943615,98
2024-09-20 11:36:50.041000,427.0741438424215,97
2024-09-20 11:36:50.068000,427.0746832185965,9
2024-09-20 11:36:50.068000,427.0746446549684,8
2024-09-20 11:36:50.174000,427.041383566581,101
2024-09-20 11:36:50.267000,427.0987837269364,8
2024-09-20 11:36:50.334000,427.0971779225115,999
2024-09-20 11:36:50.493000,427.0758974071206,12
2024-09-20 11:36:50.747000,427.0854570770181,103
2024-09-20 11:36:50.808000,427.0450996312821,15
2024-09-20 11:36:50.910000,427.0670610515171,7
2024-09-20 11:36:50.999000,427.0429593431974,105
2024-09-20 11:36:51.093000,427.1088107674716,15
2024-09-20 11:36:52.071000,427.22900070782975,10
2024-09-20 11:36:52.075000,427.174228227226,1000
2024-09-20 11:36:52.095000,427.1511441113229,1003
2024-09-20 11:36:52.097000,427.1566471299574,998
2024-09-20 11:36:52.172000,427.2253956312187,1004
2024-09-20 11:36:52.185000,427.1542300159986,15
2024-09-20 11:36:52.232000,427.21919646626935,1001
2024-09-20 11:36:52.301000,427.2309783706444,7
2024-09-20 11:36:52.303000,427.1457181885714,96
2024-09-20 11:36:52.430000,427.1715128292207,5
2024-09-20 11:36:52.435000,427.2264338116407,98
2024-09-20 11:36:52.462000,427.21358411862536,101
2024-09-20 11:36:52.493000,427.227901938009,5
2024-09-20 11:36:52.538000,427.2247387660043,105
2024-09-20 11:36:52.551000,427.2266706875049,995
2024-09-20 11:36:52.638000,427.1831320302728,998
2024-09-20 11:36:52.710000,427.2331512220082,13
2024-09-20 11:36:52.729000,427.1926166070366,11
2024-09-20 11:36:52.764000,427.19909373512496,1004
2024-09-20 11:36:52.765000,427.1538596034046,97
2024-09-20 11:36:52.777000,427.2192823904882,998
2024-09-20 11:36:52.863000,427.22084879969896,12
2024-09-20 11:36:52.870000,427.13746852474895,1001
2024-09-20 11:36:52.907000,427.13663659307554,998
2024-09-20 11:36:52.954000,427.1350915312706,105
2024-09-20 11:36:52.956000,427.2282002543576,97
2024-09-20 11:36:52.979000,427.1646569172425,12
2024-09-20 11:36:53.017000,427.2192967643157,8
2024-09-20 11:36:53.085000,427.28444892222046,1000
2024-09-20 11:36:53.161000,427.23633810219786,5
2024-09-20 11:36:53.219000,427.2635550145333,100
2024-09-20 11:36:53.289000,427.2542868582632,95
2024-09-20 11:36:53.321000,427.2400405929097,1001
2024-09-20 11:36:53.427000,427.2793095705672,997
2024-09-20 11:36:53.444000,427.2013885450376,14
2024-09-20 11:36:53.470000,427.242550544688,996
2024-09-20 11:36:53.475000,427.2326730070271,13
2024-09-20 11:36:53.477000,427.1908017956251,99
2024-09-20 11:36:53.502000,427.24934688154514,1004
2024-09-20 11:36:53.507000,427.2514762915526,8
2024-09-20 11:36:53.556000,427.2169417705728,96
2024-09-20 11:36:53.593000,427.2537696256746,1005
2024-09-20 11:36:53.602000,427.26220323977446,95
2024-09-20 11:36:53.634000,427.2416247099611,12
2024-09-20 11:36:53.686000,427.20359196081085,97
2024-09-20 11:36:53.721000,427.2821619944689,105
2024-09-20 11:36:53.726000,427.1959257034407,96
2024-09-20 11:36:53.836000,427.26402689516607,103
2024-09-20 11:36:53.869000,427.25479213193137,98
2024-09-20 11:36:53.885000,427.1994886324275,11
2024-09-20 11:36:53.974000,427.2602864480012,7
2024-09-20 11:36:53.991000,427.261963560509,1003
2024-09-20 11:36:54.024000,427.1718443458012,13
2024-09-20 11:36:54.045000,427.1844082730876,12
2024-09-20 11:36:54.072000,427.1547806461115,998
2024-09-20 11:36:54.099000,427.1509860895922,12
2024-09-20 11:36:54.125000,427.17318565585896,996
2024-09-20 11:36:54.164000,427.21229693620415,99
2024-09-20 11:36:54.167000,427.1641030103177,12
2024-09-20 11:36:54.181000,427.169528590046,12
2024-09-20 11:36:54.258000,427.1691352278452,15
2024-09-20 11:36:54.319000,427.1826364253222,8
2024-09-20 11:36:54.373000,427.1925680078991,996
2024-09-20 11:36:54.393000,427.1977237231175,105
2024-09-20 11:36:54.451000,427.1850820329685,13
2024-09-20 11:36:54.494000,427.1616274267871,999
2024-09-20 11:36:54.525000,427.1989238814933,1003
2024-09-20 11:36:54.552000,427.1855427987787,1005
2024-09-20 11:36:54.588000,427.1730253695332,996
2024-09-20 11:36:54.610000,427.1694241710134,102
2024-09-20 11:36:54.728000,427.1759821229676,102
2024-09-20 11:36:54.754000,427.16647534400414,12
2024-09-20 11:36:54.754000,427.1936641703676,10
2024-09-20 11:36:54.829000,427.15474401472335,13
2024-09-20 11:36:54.842000,427.1748410610531,99
2024-09-20 11:36:54.851000,427.17437980200646,11
2024-09-20 11:36:54.925000,427.17531814148987,997
2024-09-20 11:36:54.926000,427.1794670219828,1004
2024-09-20 11:36:54.994000,427.17194833745344,10
2024-09-20 11:36:55.015000,427.1692736512261,5
2024-09-20 11:36:55.230000,427.1612996322961,14
2024-09-20 11:36:55.273000,427.2029802267053,6
2024-09-20 11:36:55.307000,427.1856084386815,101
2024-09-20 11:36:55.415000,427.2134482277941,1001
2024-09-20 11:36:55.449000,427.16027942351127,97
2024-09-20 11:36:55.466000,427.18989329373176,6
2024-09-20 11:36:55.554000,427.21008986711456,100
2024-09-20 11:36:55.557000,427.1807254285785,1000
2024-09-20 11:36:55.606000,427.171832184245,7
2024-09-20 11:36:55.622000,427.1869229572098,999
2024-09-20 11:36:55.634000,427.1806721638856,1000
2024-09-20 11:36:55.667000,427.1509664158112,999
2024-09-20 11:36:55.690000,427.18562351116526,1004
2024-09-20 11:36:55.740000,427.1721371430387,104
2024-09-20 11:36:55.843000,427.1547862333034,99
2024-09-20 11:36:55.846000,427.1658682425417,1003
2024-09-20 11:36:55.863000,427.1697646478706,10
2024-09-20 11:36:55.892000,427.1942510418885,1004
2024-09-20 11:36:56.133000,427.1761067340455,1001
2024-09-20 11:36:56.233000,427.14269946739046,1000
2024-09-20 11:36:56.324000,427.1444451971845,997
2024-09-20 11:36:56.482000,427.1559761026025,11
2024-09-20 11:36:56.628000,427.13104271332713,105
2024-09-20 11:36:56.863000,427.1931109718622,102
2024-09-20 11:36:56.870000,427.14885350154543,102
2024-09-20 11:36:56.953000,427.1144205992869,1002
2024-09-20 11:36:56.959000,427.14066649712873,1000
2024-09-20 11:36:57.043000,427.158495827159,10
2024-09-20 11:36:57.046000,427.1267073192973,1003
2024-09-20 11:36:57.100000,427.1413273397566,6
2024-09-20 11:36:57.125000,427.1445301490081,1004
2024-09-20 11:36:57.146000,427.1847371369349,995
2024-09-20 11:36:57.195000,427.157024694856,10
2024-09-20 11:36:57.275000,427.13940057798334,101
2024-09-20 11:36:57.278000,427.1327909895082,100
2024-09-20 11:36:57.315000,427.1665972199673,15
2024-09-20 11:36:57.322000,427.1687135260965,15
2024-09-20 11:36:57.360000,427.1211179087902,998
2024-09-20 11:36:57.477000,427.13537726699366,5
2024-09-20 11:36:57.539000,427.1820577408016,103
2024-09-20 11:36:57.601000,427.1309161386606,103
2024-09-20 11:36:57.603000,427.1187948251721,1003
2024-09-20 11:36:57.620000,427.1618744744422,103
2024-09-20 11:36:57.681000,427.18498515602727,13
2024-09-20 11:36:57.802000,427.14096715809,995
2024-09-20 11:36:57.808000,427.17294615111,998
2024-09-20 11:36:57.832000,427.1465419555415,1000
2024-09-20 11:36:57.833000,427.1673837768452,996
2024-09-20 11:36:57.865000,427.1386505758082,11
2024-09-20 11:36:57.923000,427.1304803155454,97
2024-09-20 11:36:57.936000,427.1651446411774,5
2024-09-20 11:36:57.970000,427.1843724987292,8
2024-09-20 11:36:58.041000,427.1761927565538,12
2024-09-20 11:36:58.124000,427.223079347363,997
2024-09-20 11:36:58.155000,427.1817574110706,101
2024-09-20 11:36:58.158000,427.1925025249925,5
2024-09-20 11:36:58.172000,427.1862234904659,12
2024-09-20 11:36:58.243000,427.18488913265537,98
2024-09-20 11:36:58.273000,427.1890334415312,5
2024-09-20 11:36:58.521000,427.164178661265,7
2024-09-20 11:36:58.635000,427.2045355099385,996
2024-09-20 11:36:58.662000,427.22138818906336,101
2024-09-20 11:36:58.701000,427.1723474784014,99
2024-09-20 11:36:58.761000,427.1985037255957,998
2024-09-20 11:36:58.855000,427.2007832090647,96
2024-09-20 11:36:58.875000,427.1784745402964,998
2024-09-20 11:36:58.884000,427.2169426653591,999
2024-09-20 11:36:59.028000,427.1942411046999,102
2024-09-20 11:36:59.057000,427.1989861156143,1002
2024-09-20 11:36:59.069000,427.1344082287669,997
2024-09-20 11:36:59.078000,427.1354156766768,15
2024-09-20 11:36:59.224000,427.14632286647776,6
2024-09-20 11:36:59.270000,427.1918684489472,103
2024-09-20 11:36:59.324000,427.1483701475835,13
2024-09-20 11:36:59.340000,427.188728225977,996
2024-09-20 11:36:59.360000,427.18710302082354,104
2024-09-20 11:36:59.401000,427.204166641465,1000
2024-09-20 11:36:59.404000,427.18008893551263,995
2024-09-20 11:36:59.428000,427.1485518477997,100
2024-09-20 11:36:59.556000,427.12972433421874,10
2024-09-20 11:36:59.578000,427.1979578909814,103
2024-09-20 11:36:59.619000,427.2131895767557,998
2024-09-20 11:36:59.759000,427.1334418122768,9
2024-09-20 11:36:59.797000,427.16738411583503,95
2024-09-20 11:36:59.799000,427.2128271140994,102
2024-09-20 11:36:59.812000,427.1364249825515,99
2024-09-20 11:36:59.842000,427.1350216211873,1005
2024-09-20 11:36:59.926000,427.21126235346617,1003
2024-09-20 11:36:59.950000,427.1525052314957,104
2024-09-20 11:36:59.960000,427.2116091158241,13
2024-09-20 11:36:59.962000,427.1374326121879,1001
