Timestamp,Price,Size
2024-09-16 11:48:00.015000,417.9870216261887,998
2024-09-16 11:48:00.042000,417.978460737675,15
2024-09-16 11:48:00.125000,417.98345127654886,12
2024-09-16 11:48:00.193000,417.9817037371843,996
2024-09-16 11:48:00.200000,417.9732004930681,11
2024-09-16 11:48:00.227000,417.9757562491629,5
2024-09-16 11:48:00.229000,417.9734882018301,996
2024-09-16 11:48:00.268000,417.9675887594306,1005
2024-09-16 11:48:00.343000,417.9663274790027,8
2024-09-16 11:48:00.388000,417.96662347947387,7
2024-09-16 11:48:00.394000,417.9726357936516,1001
2024-09-16 11:48:00.395000,417.9880358707673,15
2024-09-16 11:48:00.426000,417.9757008829224,9
2024-09-16 11:48:00.565000,417.967155106855,105
2024-09-16 11:48:00.571000,417.9578711712889,996
2024-09-16 11:48:00.719000,417.9678854897763,14
2024-09-16 11:48:00.803000,417.9711972971877,98
2024-09-16 11:48:00.805000,417.9907468858421,100
2024-09-16 11:48:00.828000,417.9753201406433,95
2024-09-16 11:48:00.834000,417.9819334228165,12
2024-09-16 11:48:00.836000,418.00026346864223,998
2024-09-16 11:48:01.052000,418.0200913254759,1003
2024-09-16 11:48:01.098000,417.9798920382676,14
2024-09-16 11:48:01.162000,418.0028698356972,1004
2024-09-16 11:48:01.200000,417.9706491808275,103
2024-09-16 11:48:01.279000,418.0076450446995,7
2024-09-16 11:48:01.283000,418.0003611408673,103
2024-09-16 11:48:01.293000,418.0088532073079,103
2024-09-16 11:48:01.322000,417.9852002766241,996
2024-09-16 11:48:01.332000,417.972661664798,1003
2024-09-16 11:48:01.349000,417.98582119327415,15
2024-09-16 11:48:01.371000,418.0054559304676,1005
2024-09-16 11:48:01.447000,417.9930096027371,5
2024-09-16 11:48:01.485000,417.991332340792,102
2024-09-16 11:48:01.489000,418.001630936166,1001
2024-09-16 11:48:01.499000,417.9994534948953,1000
2024-09-16 11:48:01.532000,417.9895955172796,103
2024-09-16 11:48:01.586000,417.9656310712967,15
2024-09-16 11:48:01.599000,417.9800580089737,104
2024-09-16 11:48:01.656000,418.006748780921,104
2024-09-16 11:48:01.663000,417.9653273146507,103
2024-09-16 11:48:01.755000,417.98782671365086,6
2024-09-16 11:48:01.794000,417.9881653330481,105
2024-09-16 11:48:01.861000,418.0157029818213,104
2024-09-16 11:48:01.885000,417.98305629282174,1002
2024-09-16 11:48:02.273000,418.06291371527385,10
2024-09-16 11:48:02.917000,418.0494195653646,1001
2024-09-16 11:48:02.957000,418.0585361583133,15
2024-09-16 11:48:04.033000,418.0550832658561,1000
2024-09-16 11:48:04.037000,418.062287956422,8
2024-09-16 11:48:04.468000,418.06239938385175,5
2024-09-16 11:48:04.649000,418.0580284732258,1004
2024-09-16 11:48:04.953000,418.04937591946094,11
2024-09-16 11:48:04.957000,418.0492781531525,1002
2024-09-16 11:48:05.069000,418.0854070285296,9
2024-09-16 11:48:05.126000,418.0755914014714,98
2024-09-16 11:48:05.127000,418.0025003820835,8
2024-09-16 11:48:05.143000,418.07846563132057,15
2024-09-16 11:48:05.166000,418.0234329361333,1001
2024-09-16 11:48:05.208000,418.0831882271654,97
2024-09-16 11:48:05.214000,418.0295783522644,99
2024-09-16 11:48:05.240000,418.0426950725448,1004
2024-09-16 11:48:05.242000,418.06600066625407,1000
2024-09-16 11:48:05.257000,418.0721390813152,6
2024-09-16 11:48:05.362000,418.0348083313737,95
2024-09-16 11:48:05.407000,418.0167617713412,101
2024-09-16 11:48:05.512000,418.0785672660133,15
2024-09-16 11:48:05.524000,418.0071313414128,5
2024-09-16 11:48:05.539000,418.09911846766585,15
2024-09-16 11:48:05.571000,418.0648991591245,1003
2024-09-16 11:48:05.595000,418.0809582478155,10
2024-09-16 11:48:05.605000,418.0611947509913,998
2024-09-16 11:48:05.631000,418.1063274285696,1003
2024-09-16 11:48:05.641000,418.04848255107385,6
2024-09-16 11:48:05.649000,418.0371947584725,998
2024-09-16 11:48:05.670000,418.06013924675625,1003
2024-09-16 11:48:05.743000,418.0605272911743,5
2024-09-16 11:48:05.792000,418.0727363464718,9
2024-09-16 11:48:05.901000,418.09045240852674,999
2024-09-16 11:48:05.928000,418.0442382328705,104
2024-09-16 11:48:05.960000,418.053441059273,1005
2024-09-16 11:48:05.983000,418.0695624147768,14
2024-09-16 11:48:06.021000,418.19397883552045,996
2024-09-16 11:48:06.026000,418.10039888133,96
2024-09-16 11:48:06.127000,418.13765558774,11
2024-09-16 11:48:06.162000,418.2041607648228,1005
2024-09-16 11:48:06.204000,418.1233538990873,103
2024-09-16 11:48:06.215000,418.1534138975852,1001
2024-09-16 11:48:06.228000,418.19721068548125,15
2024-09-16 11:48:06.264000,418.1655500587778,98
2024-09-16 11:48:06.269000,418.1101024487287,9
2024-09-16 11:48:06.361000,418.0932149755293,97
2024-09-16 11:48:06.411000,418.192519579748,995
2024-09-16 11:48:06.422000,418.1375888162141,95
2024-09-16 11:48:06.589000,418.1386336694688,6
2024-09-16 11:48:06.648000,418.1930815744193,99
2024-09-16 11:48:06.693000,418.2165524031476,996
2024-09-16 11:48:06.861000,418.20073194289904,96
2024-09-16 11:48:06.900000,418.1926991567017,1004
2024-09-16 11:48:07.080000,418.1940189371984,14
2024-09-16 11:48:07.084000,418.2047637865937,14
2024-09-16 11:48:07.089000,418.1955910355513,99
2024-09-16 11:48:07.174000,418.17764546559033,7
2024-09-16 11:48:07.476000,418.2022983367511,97
2024-09-16 11:48:07.624000,418.20032905365895,9
2024-09-16 11:48:07.673000,418.1997368542524,13
2024-09-16 11:48:07.963000,418.1931848133045,1000
2024-09-16 11:48:08.073000,418.11202720294966,1002
2024-09-16 11:48:08.077000,418.1901408795668,96
2024-09-16 11:48:08.079000,418.1255625735399,13
2024-09-16 11:48:08.105000,418.1612591807128,5
2024-09-16 11:48:08.112000,418.1394516473555,997
2024-09-16 11:48:08.189000,418.1295527894364,997
2024-09-16 11:48:08.210000,418.1896947316693,1005
2024-09-16 11:48:08.225000,418.1580300032032,1000
2024-09-16 11:48:08.248000,418.20210590943054,13
2024-09-16 11:48:08.270000,418.1229264470617,15
2024-09-16 11:48:08.292000,418.1537320387231,11
2024-09-16 11:48:08.364000,418.1714408180333,100
2024-09-16 11:48:08.443000,418.1371198589719,97
2024-09-16 11:48:08.447000,418.1658895981925,99
2024-09-16 11:48:08.494000,418.1233592314813,99
2024-09-16 11:48:08.517000,418.1323753066556,997
2024-09-16 11:48:08.593000,418.13181328045647,101
2024-09-16 11:48:08.637000,418.14333999758617,104
2024-09-16 11:48:08.675000,418.1150126518097,995
2024-09-16 11:48:08.683000,418.1328146507103,6
2024-09-16 11:48:08.699000,418.1154811502079,9
2024-09-16 11:48:08.700000,418.1148639398901,5
2024-09-16 11:48:08.712000,418.1735756190342,14
2024-09-16 11:48:08.778000,418.1827438665837,100
2024-09-16 11:48:08.807000,418.1466514460993,99
2024-09-16 11:48:08.850000,418.1307756946132,5
2024-09-16 11:48:08.859000,418.1832560997956,98
2024-09-16 11:48:09.446000,418.14042045622347,998
2024-09-16 11:48:09.553000,418.11839581759176,100
2024-09-16 11:48:10.086000,418.1197705068922,11
2024-09-16 11:48:10.362000,418.1280407676444,6
2024-09-16 11:48:10.364000,418.13479843324495,14
2024-09-16 11:48:10.366000,418.1185184974101,102
2024-09-16 11:48:10.604000,418.12014272959846,998
2024-09-16 11:48:10.623000,418.119304485396,100
2024-09-16 11:48:10.983000,418.1269923787144,100
2024-09-16 11:48:11.030000,418.0903340896371,9
2024-09-16 11:48:11.046000,418.0928332737,1003
2024-09-16 11:48:11.290000,418.1109058177699,10
2024-09-16 11:48:11.324000,418.14587404011456,1000
2024-09-16 11:48:11.330000,418.12814108455336,15
2024-09-16 11:48:11.340000,418.1321827925763,1000
2024-09-16 11:48:11.346000,418.1124357243048,95
2024-09-16 11:48:11.417000,418.1328566985457,7
2024-09-16 11:48:11.424000,418.0880195635036,11
2024-09-16 11:48:11.466000,418.0936188961155,8
2024-09-16 11:48:11.469000,418.1204028698171,7
2024-09-16 11:48:11.470000,418.0864153713074,10
2024-09-16 11:48:11.505000,418.1189733043578,100
2024-09-16 11:48:11.538000,418.1395976598498,997
2024-09-16 11:48:11.616000,418.0962029461405,95
2024-09-16 11:48:11.631000,418.1045457812406,13
2024-09-16 11:48:11.640000,418.09916498238135,1002
2024-09-16 11:48:11.677000,418.1027310360986,15
2024-09-16 11:48:11.744000,418.08583825245455,15
2024-09-16 11:48:11.750000,418.1024736064171,1000
2024-09-16 11:48:11.792000,418.1378959700448,995
2024-09-16 11:48:11.795000,418.1168562726498,102
2024-09-16 11:48:11.823000,418.0991714994644,104
2024-09-16 11:48:11.838000,418.1144080195276,98
2024-09-16 11:48:11.901000,418.09200770683486,1001
2024-09-16 11:48:11.921000,418.1287205537188,7
2024-09-16 11:48:11.975000,418.0913982821294,8
2024-09-16 11:48:11.997000,418.1205768759647,98
2024-09-16 11:48:12.003000,418.1080150204313,14
2024-09-16 11:48:12.128000,418.1061965553784,11
2024-09-16 11:48:12.128000,418.0996350566954,1005
2024-09-16 11:48:12.154000,418.0839499200498,100
2024-09-16 11:48:12.175000,418.1141917878455,105
2024-09-16 11:48:12.191000,418.1064426463733,98
2024-09-16 11:48:12.204000,418.1065565026384,11
2024-09-16 11:48:12.299000,418.0909345848752,10
2024-09-16 11:48:12.340000,418.0691707141953,1002
2024-09-16 11:48:12.391000,418.10600684597466,105
2024-09-16 11:48:12.424000,418.0914684535633,11
2024-09-16 11:48:12.464000,418.0943369450767,97
2024-09-16 11:48:12.488000,418.0964566700525,99
2024-09-16 11:48:12.595000,418.09993898556615,7
2024-09-16 11:48:12.733000,418.08533858943616,98
2024-09-16 11:48:12.738000,418.1105082982488,15
2024-09-16 11:48:12.778000,418.1120305744315,12
2024-09-16 11:48:12.848000,418.1021719452681,103
2024-09-16 11:48:12.872000,418.1016082868768,9
2024-09-16 11:48:12.912000,418.0743698917832,1005
2024-09-16 11:48:12.928000,418.0939365093215,995
2024-09-16 11:48:12.986000,418.0875772382552,9
2024-09-16 11:48:13.001000,418.1661540672194,104
2024-09-16 11:48:13.029000,418.1292591498635,14
2024-09-16 11:48:13.051000,418.145998630142,14
2024-09-16 11:48:13.063000,418.15821525520846,995
2024-09-16 11:48:13.313000,418.1231926870354,14
2024-09-16 11:48:13.323000,418.1528793080736,11
2024-09-16 11:48:13.327000,418.15525541126857,1001
2024-09-16 11:48:13.414000,418.1632609321594,5
2024-09-16 11:48:13.451000,418.1414567304966,8
2024-09-16 11:48:13.571000,418.1209845908643,97
2024-09-16 11:48:13.616000,418.1349932604352,97
2024-09-16 11:48:13.675000,418.16142294688007,104
2024-09-16 11:48:13.727000,418.1589587628288,13
2024-09-16 11:48:13.763000,418.15625711025086,101
2024-09-16 11:48:13.807000,418.1570712672727,1002
2024-09-16 11:48:13.898000,418.1626692050364,95
2024-09-16 11:48:13.996000,418.1379393361675,998
2024-09-16 11:48:13.997000,418.142346582252,5
2024-09-16 11:48:14.383000,418.1934121147268,7
2024-09-16 11:48:14.642000,418.18628805248176,14
2024-09-16 11:48:15.001000,418.1948747040576,1004
2024-09-16 11:48:15.009000,418.1743169792447,998
2024-09-16 11:48:15.052000,418.151925498753,7
2024-09-16 11:48:15.058000,418.1652578381209,7
2024-09-16 11:48:15.186000,418.1679902229113,9
2024-09-16 11:48:15.269000,418.2023735608603,10
2024-09-16 11:48:15.346000,418.1426133213295,96
2024-09-16 11:48:15.350000,418.1752524124073,998
2024-09-16 11:48:15.351000,418.1459429655268,996
2024-09-16 11:48:15.374000,418.1673017912417,1005
2024-09-16 11:48:15.392000,418.1610498607489,99
2024-09-16 11:48:15.529000,418.1746168578601,14
2024-09-16 11:48:15.571000,418.1530648952025,14
2024-09-16 11:48:15.650000,418.1670313271143,1004
2024-09-16 11:48:15.769000,418.1815410724703,1002
2024-09-16 11:48:15.829000,418.1819489916135,995
2024-09-16 11:48:15.921000,418.18255542617294,1003
2024-09-16 11:48:16.085000,418.1642019722553,103
2024-09-16 11:48:16.121000,418.1708125555031,1000
2024-09-16 11:48:16.127000,418.1895196560069,14
2024-09-16 11:48:16.239000,418.1917508078413,13
2024-09-16 11:48:16.401000,418.16438104033335,1000
2024-09-16 11:48:16.407000,418.1705141011528,6
2024-09-16 11:48:16.462000,418.17209368727873,1005
2024-09-16 11:48:16.491000,418.1739013931506,96
2024-09-16 11:48:16.517000,418.1885990118627,104
2024-09-16 11:48:16.608000,418.1616036690127,999
2024-09-16 11:48:16.608000,418.1560300589539,11
2024-09-16 11:48:16.724000,418.19552568822206,100
2024-09-16 11:48:16.774000,418.1764833759922,6
2024-09-16 11:48:16.785000,418.1758332253624,1005
2024-09-16 11:48:16.907000,418.1693815210773,9
2024-09-16 11:48:16.916000,418.18639211140896,997
2024-09-16 11:48:16.957000,418.1907790143328,1005
2024-09-16 11:48:16.957000,418.1868331196766,1002
2024-09-16 11:48:17.062000,418.1874587773445,7
2024-09-16 11:48:17.107000,418.1639161329272,104
2024-09-16 11:48:17.135000,418.1622821917841,96
2024-09-16 11:48:17.145000,418.1598053244871,12
2024-09-16 11:48:17.156000,418.173127793694,102
2024-09-16 11:48:17.161000,418.14904178006697,6
2024-09-16 11:48:17.204000,418.1889415681385,998
2024-09-16 11:48:17.204000,418.1728542173487,998
2024-09-16 11:48:17.259000,418.1483751583482,1001
2024-09-16 11:48:17.274000,418.1668858232868,98
2024-09-16 11:48:17.292000,418.1882267823818,98
2024-09-16 11:48:17.298000,418.1811899653642,102
2024-09-16 11:48:17.306000,418.17911043580455,14
2024-09-16 11:48:17.383000,418.1810644110657,97
2024-09-16 11:48:17.412000,418.15547369454686,95
2024-09-16 11:48:17.419000,418.18747808407977,103
2024-09-16 11:48:17.454000,418.1880866609986,1005
2024-09-16 11:48:17.479000,418.1805157359284,97
2024-09-16 11:48:17.506000,418.1680791119377,1005
2024-09-16 11:48:17.531000,418.1838345334383,1003
2024-09-16 11:48:17.577000,418.17264203016833,104
2024-09-16 11:48:17.619000,418.1806939427869,10
2024-09-16 11:48:17.700000,418.18168482186,8
2024-09-16 11:48:17.735000,418.1607451718014,13
2024-09-16 11:48:17.788000,418.177303736824,10
2024-09-16 11:48:17.913000,418.1622472853467,98
2024-09-16 11:48:18.205000,418.1753600127575,95
2024-09-16 11:48:18.238000,418.19945660022216,105
2024-09-16 11:48:18.247000,418.17001859278446,98
2024-09-16 11:48:18.509000,418.1979337879843,13
2024-09-16 11:48:18.530000,418.1934944270319,101
2024-09-16 11:48:18.559000,418.2112474377078,1001
2024-09-16 11:48:18.629000,418.1975628132113,8
2024-09-16 11:48:18.663000,418.224926220531,96
2024-09-16 11:48:18.775000,418.2015084815801,8
2024-09-16 11:48:18.878000,418.166250853525,999
2024-09-16 11:48:19.044000,418.1956380372432,1005
2024-09-16 11:48:19.081000,418.2029074994289,1003
2024-09-16 11:48:19.127000,418.2562176294894,1003
2024-09-16 11:48:19.145000,418.2217882726267,97
2024-09-16 11:48:19.193000,418.22405989098775,96
2024-09-16 11:48:19.196000,418.2455731902392,6
2024-09-16 11:48:19.245000,418.2316741991228,998
2024-09-16 11:48:19.248000,418.24163349676616,12
2024-09-16 11:48:19.270000,418.19841875577583,13
2024-09-16 11:48:19.304000,418.2040345647488,1001
2024-09-16 11:48:19.399000,418.19339843086107,102
2024-09-16 11:48:19.520000,418.2071264920597,97
2024-09-16 11:48:19.561000,418.22435431893166,1001
2024-09-16 11:48:19.565000,418.2089685719071,100
2024-09-16 11:48:19.631000,418.2030221101789,100
2024-09-16 11:48:19.681000,418.2021307953152,1000
2024-09-16 11:48:19.693000,418.2409042267721,105
2024-09-16 11:48:19.697000,418.232073459301,95
2024-09-16 11:48:19.740000,418.1862327518305,105
2024-09-16 11:48:19.771000,418.2127468665889,1000
2024-09-16 11:48:19.832000,418.2052507167542,998
2024-09-16 11:48:19.894000,418.22194762460174,7
2024-09-16 11:48:19.896000,418.2117041471971,104
2024-09-16 11:48:19.902000,418.2254108002091,102
2024-09-16 11:48:19.937000,418.21510000093696,999
2024-09-16 11:48:19.962000,418.2113746804701,998
2024-09-16 11:48:20.042000,418.22564627097614,104
2024-09-16 11:48:20.133000,418.1616516756496,997
2024-09-16 11:48:20.134000,418.21142728820496,998
2024-09-16 11:48:20.404000,418.24161806766034,105
2024-09-16 11:48:20.439000,418.185636965057,6
2024-09-16 11:48:20.452000,418.25151466785655,98
2024-09-16 11:48:20.482000,418.2470502563979,995
2024-09-16 11:48:20.493000,418.2099385602489,102
2024-09-16 11:48:20.598000,418.2364099523042,995
2024-09-16 11:48:20.673000,418.175148582555,15
2024-09-16 11:48:20.744000,418.2352281966981,9
2024-09-16 11:48:20.881000,418.2463442821162,15
2024-09-16 11:48:20.995000,418.192262602164,14
2024-09-16 11:48:21.062000,418.2307371504456,7
2024-09-16 11:48:21.128000,418.2443895676492,1001
2024-09-16 11:48:21.186000,418.2414780834879,9
2024-09-16 11:48:21.221000,418.2276901071776,1001
2024-09-16 11:48:21.269000,418.17092371142616,1001
2024-09-16 11:48:21.316000,418.2206520738012,12
2024-09-16 11:48:21.379000,418.2228060056201,11
2024-09-16 11:48:21.402000,418.2082462860399,1003
2024-09-16 11:48:21.412000,418.141023022571,97
2024-09-16 11:48:21.418000,418.2276569766151,5
2024-09-16 11:48:21.489000,418.2315820533549,996
2024-09-16 11:48:21.517000,418.2360465145569,1005
2024-09-16 11:48:21.527000,418.1661884343079,10
2024-09-16 11:48:21.554000,418.23996327339705,10
2024-09-16 11:48:21.571000,418.1249718729477,104
2024-09-16 11:48:21.606000,418.2121322589496,7
2024-09-16 11:48:21.632000,418.14550038009975,8
2024-09-16 11:48:21.693000,418.2263676794225,1001
2024-09-16 11:48:21.697000,418.21784757783865,14
2024-09-16 11:48:21.698000,418.16790163763534,102
2024-09-16 11:48:21.821000,418.21789531753546,95
2024-09-16 11:48:21.870000,418.16436699857513,10
2024-09-16 11:48:21.937000,418.2338766741311,8
2024-09-16 11:48:22.060000,418.1575863107083,5
2024-09-16 11:48:22.076000,418.17956755192256,97
2024-09-16 11:48:22.096000,418.1471647856627,15
2024-09-16 11:48:22.338000,418.1638777414369,12
2024-09-16 11:48:22.515000,418.161191686131,996
2024-09-16 11:48:22.525000,418.1115919685912,97
2024-09-16 11:48:22.529000,418.1512985941915,999
2024-09-16 11:48:22.617000,418.1685435586487,1004
2024-09-16 11:48:22.694000,418.14569993446986,7
2024-09-16 11:48:22.743000,418.1797732943424,96
2024-09-16 11:48:22.820000,418.1881157854226,999
2024-09-16 11:48:22.861000,418.1344969532827,100
2024-09-16 11:48:22.926000,418.1334055257514,1001
2024-09-16 11:48:22.931000,418.1638130350364,5
2024-09-16 11:48:22.985000,418.14389050231455,101
2024-09-16 11:48:22.996000,418.17292803403626,995
2024-09-16 11:48:23.064000,418.0863815773802,1000
2024-09-16 11:48:23.185000,418.15125705802177,9
2024-09-16 11:48:23.221000,418.157154254107,995
2024-09-16 11:48:23.231000,418.1114109585803,105
2024-09-16 11:48:23.336000,418.1002803167231,105
2024-09-16 11:48:23.356000,418.163880125741,14
2024-09-16 11:48:23.360000,418.0621062495777,13
2024-09-16 11:48:23.363000,418.1493460752184,998
2024-09-16 11:48:23.393000,418.1581893646272,1004
2024-09-16 11:48:23.423000,418.1111809900629,11
2024-09-16 11:48:23.459000,418.0692488333404,6
2024-09-16 11:48:23.488000,418.1453131195965,105
2024-09-16 11:48:23.489000,418.1506994579236,101
2024-09-16 11:48:23.521000,418.1731747136415,10
2024-09-16 11:48:23.534000,418.06834201744505,99
2024-09-16 11:48:23.571000,418.14354155441873,102
2024-09-16 11:48:23.578000,418.0684740011884,1000
2024-09-16 11:48:23.602000,418.0826593776987,99
2024-09-16 11:48:23.638000,418.1595884566845,995
2024-09-16 11:48:23.705000,418.09265885781446,7
2024-09-16 11:48:23.763000,418.06959590136495,7
2024-09-16 11:48:23.771000,418.1591871847827,104
2024-09-16 11:48:23.773000,418.0587535412053,999
2024-09-16 11:48:23.795000,418.1055617421172,10
2024-09-16 11:48:23.967000,418.0840254197876,1000
2024-09-16 11:48:23.988000,418.0613758086804,5
2024-09-16 11:48:24.027000,418.1359924433872,13
2024-09-16 11:48:24.047000,418.10477089368953,98
2024-09-16 11:48:24.107000,418.0660458490011,13
2024-09-16 11:48:24.233000,418.1114552905637,98
2024-09-16 11:48:24.284000,418.1395909553151,96
2024-09-16 11:48:24.312000,418.1508528420573,9
2024-09-16 11:48:24.344000,418.1521011009369,103
2024-09-16 11:48:24.353000,418.1380810605836,103
2024-09-16 11:48:24.374000,418.1555379371288,9
2024-09-16 11:48:24.483000,418.08242562016216,104
2024-09-16 11:48:24.489000,418.0817358531518,96
2024-09-16 11:48:24.502000,418.1423693843391,5
2024-09-16 11:48:24.524000,418.1548638453804,12
2024-09-16 11:48:24.557000,418.04087105738137,996
2024-09-16 11:48:24.659000,418.15634628241816,996
2024-09-16 11:48:24.667000,418.0697407192228,6
2024-09-16 11:48:24.697000,418.1316074213401,15
2024-09-16 11:48:24.764000,418.1005736089343,7
2024-09-16 11:48:24.780000,418.1202397297693,101
2024-09-16 11:48:24.826000,418.08485031196216,1003
2024-09-16 11:48:24.870000,418.1478595782733,104
2024-09-16 11:48:24.892000,418.0594560841616,1001
2024-09-16 11:48:24.895000,418.1073221219093,7
2024-09-16 11:48:24.917000,418.15450779058176,14
2024-09-16 11:48:24.921000,418.1339964839572,104
2024-09-16 11:48:24.948000,418.1445515443059,1003
2024-09-16 11:48:24.962000,418.15637349377806,15
2024-09-16 11:48:25.071000,418.14643534522384,105
2024-09-16 11:48:25.101000,418.1682644621527,101
2024-09-16 11:48:25.125000,418.1266555404529,104
2024-09-16 11:48:25.197000,418.1537512226003,98
2024-09-16 11:48:25.266000,418.1293849753741,8
2024-09-16 11:48:25.361000,418.14536649363504,997
2024-09-16 11:48:25.370000,418.12112436108606,10
2024-09-16 11:48:25.485000,418.1248591069871,995
2024-09-16 11:48:25.529000,418.1501702873524,14
2024-09-16 11:48:25.561000,418.1592170472862,102
2024-09-16 11:48:25.580000,418.1074633677725,104
2024-09-16 11:48:25.609000,418.1268183507288,998
2024-09-16 11:48:25.635000,418.1322508599053,1005
2024-09-16 11:48:25.637000,418.127318190813,104
2024-09-16 11:48:25.638000,418.14398077099287,10
2024-09-16 11:48:25.646000,418.103582953498,104
2024-09-16 11:48:25.655000,418.1229382598129,13
2024-09-16 11:48:25.726000,418.1452375481831,1005
2024-09-16 11:48:25.767000,418.1755748764169,97
2024-09-16 11:48:25.836000,418.12996407987976,9
2024-09-16 11:48:25.865000,418.1113915866061,97
2024-09-16 11:48:25.903000,418.1664564733489,1001
2024-09-16 11:48:25.960000,418.1497550591434,100
2024-09-16 11:48:25.971000,418.18333237601456,14
2024-09-16 11:48:25.978000,418.12388496233496,1001
2024-09-16 11:48:26.068000,418.18878301156377,102
2024-09-16 11:48:26.120000,418.18088040734006,101
2024-09-16 11:48:26.170000,418.1822501766213,9
2024-09-16 11:48:26.174000,418.1768774074324,995
2024-09-16 11:48:26.189000,418.1969809361125,8
2024-09-16 11:48:26.190000,418.1855494829147,104
2024-09-16 11:48:26.276000,418.20121504568885,11
2024-09-16 11:48:26.310000,418.1925467242436,5
2024-09-16 11:48:26.420000,418.18253914991936,6
2024-09-16 11:48:26.492000,418.1930278964963,1005
2024-09-16 11:48:26.507000,418.18519495289934,13
2024-09-16 11:48:26.602000,418.2102388101685,99
2024-09-16 11:48:26.764000,418.19418891691294,8
2024-09-16 11:48:26.810000,418.2027642438033,1000
2024-09-16 11:48:26.844000,418.18546704053233,102
2024-09-16 11:48:27.210000,418.1823048022309,1003
2024-09-16 11:48:27.826000,418.1433009884578,1003
2024-09-16 11:48:28.070000,418.16969318971405,7
2024-09-16 11:48:28.322000,418.1641649313524,105
2024-09-16 11:48:28.367000,418.1695313985496,1005
2024-09-16 11:48:28.368000,418.1654031925036,96
2024-09-16 11:48:28.406000,418.16940688170325,7
2024-09-16 11:48:28.429000,418.1427256581764,9
2024-09-16 11:48:28.456000,418.15629045876926,8
2024-09-16 11:48:28.665000,418.1667930177501,102
2024-09-16 11:48:28.698000,418.14317510213976,11
2024-09-16 11:48:28.741000,418.1579505544721,7
2024-09-16 11:48:28.777000,418.1895160715287,104
2024-09-16 11:48:28.799000,418.1386485646787,1005
2024-09-16 11:48:28.908000,418.160598170636,11
2024-09-16 11:48:28.981000,418.1302265548912,14
2024-09-16 11:48:29.113000,418.21896372339086,1002
2024-09-16 11:48:29.115000,418.277533661033,13
2024-09-16 11:48:29.121000,418.2159032061446,5
2024-09-16 11:48:29.122000,418.22282824035045,998
2024-09-16 11:48:29.168000,418.2040647728797,101
2024-09-16 11:48:29.270000,418.22168899833065,15
2024-09-16 11:48:29.279000,418.2123472416476,996
2024-09-16 11:48:29.280000,418.27176877175583,101
2024-09-16 11:48:29.319000,418.2229871499919,99
2024-09-16 11:48:29.354000,418.1939725860933,11
2024-09-16 11:48:29.372000,418.2576483644468,1002
2024-09-16 11:48:29.373000,418.2617552511368,96
2024-09-16 11:48:29.421000,418.2291263501687,6
2024-09-16 11:48:29.444000,418.2161337634784,9
2024-09-16 11:48:29.456000,418.2610244773873,102
2024-09-16 11:48:29.563000,418.2067123309243,1000
2024-09-16 11:48:29.671000,418.2210702826122,998
2024-09-16 11:48:29.719000,418.2695349513799,995
2024-09-16 11:48:29.806000,418.24056515603854,95
2024-09-16 11:48:29.817000,418.2834859629039,8
2024-09-16 11:48:29.893000,418.2862892810801,998
2024-09-16 11:48:29.935000,418.231421491749,15
2024-09-16 11:48:29.952000,418.2318168622712,10
2024-09-16 11:48:29.957000,418.2053660148285,10
2024-09-16 11:48:29.995000,418.22068587057504,6
2024-09-16 11:48:30.017000,418.2146805675137,97
2024-09-16 11:48:30.031000,418.2174373776985,13
2024-09-16 11:48:30.046000,418.2141322982622,1005
2024-09-16 11:48:30.050000,418.232194925365,102
2024-09-16 11:48:30.091000,418.2260875915544,996
2024-09-16 11:48:30.100000,418.2396733681516,13
2024-09-16 11:48:30.138000,418.23859874773615,102
2024-09-16 11:48:30.173000,418.2305534167467,11
2024-09-16 11:48:30.196000,418.2926997648064,1003
2024-09-16 11:48:30.388000,418.295869598884,98
2024-09-16 11:48:30.420000,418.2674403362213,12
2024-09-16 11:48:30.423000,418.2822584610743,999
2024-09-16 11:48:30.423000,418.2190056411041,104
2024-09-16 11:48:30.530000,418.2381723238173,100
2024-09-16 11:48:30.534000,418.2474730125192,997
2024-09-16 11:48:30.601000,418.2397375722309,12
2024-09-16 11:48:30.690000,418.2782049097104,998
2024-09-16 11:48:30.706000,418.2667903012451,1003
2024-09-16 11:48:30.718000,418.23805967386494,9
2024-09-16 11:48:30.808000,418.2485956088259,10
2024-09-16 11:48:30.911000,418.29382788412016,999
2024-09-16 11:48:30.938000,418.24713101614367,1005
2024-09-16 11:48:30.942000,418.2851098322808,6
2024-09-16 11:48:30.971000,418.2897747446791,100
2024-09-16 11:48:30.974000,418.21997775772337,996
2024-09-16 11:48:31.004000,418.2233048402007,996
2024-09-16 11:48:31.088000,418.30754609921576,11
2024-09-16 11:48:31.122000,418.278344525086,14
2024-09-16 11:48:31.138000,418.2778625138504,7
2024-09-16 11:48:31.244000,418.2079904445369,14
2024-09-16 11:48:31.265000,418.26140508597626,100
2024-09-16 11:48:31.328000,418.2127528833139,9
2024-09-16 11:48:31.363000,418.29939953671146,95
2024-09-16 11:48:31.371000,418.2847301811121,1002
2024-09-16 11:48:31.375000,418.3034140680324,95
2024-09-16 11:48:31.380000,418.2491212891608,999
2024-09-16 11:48:31.425000,418.21703175382186,14
2024-09-16 11:48:31.433000,418.2192731170798,996
2024-09-16 11:48:31.482000,418.2778205453235,1005
2024-09-16 11:48:31.534000,418.2162888434111,13
2024-09-16 11:48:31.551000,418.2598757711007,105
2024-09-16 11:48:31.567000,418.302135344768,1002
2024-09-16 11:48:31.602000,418.2224080809005,10
2024-09-16 11:48:31.612000,418.2535185197129,103
2024-09-16 11:48:31.612000,418.2741082908269,1001
2024-09-16 11:48:31.813000,418.2501771717403,14
2024-09-16 11:48:31.838000,418.22474616173616,95
2024-09-16 11:48:31.858000,418.2458270764255,14
2024-09-16 11:48:31.876000,418.196247139089,12
2024-09-16 11:48:31.887000,418.22744604458194,97
2024-09-16 11:48:31.906000,418.2076228557806,1004
2024-09-16 11:48:31.928000,418.2367212096419,997
2024-09-16 11:48:31.979000,418.2606470293161,13
2024-09-16 11:48:32.427000,418.18703152745655,95
2024-09-16 11:48:32.701000,418.1824984005315,1001
2024-09-16 11:48:33.079000,418.2045288287552,7
2024-09-16 11:48:33.196000,418.1938193828356,1003
2024-09-16 11:48:33.845000,418.20221516182505,998
2024-09-16 11:48:33.988000,418.1949206890937,104
2024-09-16 11:48:34.114000,418.195569158708,14
2024-09-16 11:48:34.224000,418.1968204427126,5
2024-09-16 11:48:34.247000,418.1750336559661,105
2024-09-16 11:48:34.262000,418.1670854415559,95
2024-09-16 11:48:34.319000,418.184121097016,99
2024-09-16 11:48:34.328000,418.1878594502507,14
2024-09-16 11:48:34.387000,418.15449175033024,995
2024-09-16 11:48:34.395000,418.16711508411584,1000
2024-09-16 11:48:34.415000,418.1971560131464,10
2024-09-16 11:48:34.481000,418.1623769179033,999
2024-09-16 11:48:34.553000,418.1852545392981,95
2024-09-16 11:48:34.724000,418.17032345476656,996
2024-09-16 11:48:34.807000,418.2098675769075,97
2024-09-16 11:48:34.912000,418.1853208979546,102
2024-09-16 11:48:34.934000,418.1648176656017,102
2024-09-16 11:48:35.059000,418.1502102920392,96
2024-09-16 11:48:35.225000,418.14618266812073,998
2024-09-16 11:48:35.436000,418.1521539889815,104
2024-09-16 11:48:35.501000,418.1738670455921,1004
2024-09-16 11:48:35.822000,418.1577079874965,100
2024-09-16 11:48:35.983000,418.1627232954051,999
2024-09-16 11:48:36.040000,418.1411566459179,999
2024-09-16 11:48:36.069000,418.1378739898165,996
2024-09-16 11:48:36.112000,418.1475236949126,995
2024-09-16 11:48:36.167000,418.1678202040392,98
2024-09-16 11:48:36.192000,418.14710431092425,1000
2024-09-16 11:48:36.211000,418.14426909145584,1004
2024-09-16 11:48:36.386000,418.156366122294,996
2024-09-16 11:48:36.442000,418.13583620153577,1004
2024-09-16 11:48:36.639000,418.1584650323986,1003
2024-09-16 11:48:36.677000,418.1349593093747,1003
2024-09-16 11:48:36.731000,418.1635031442043,103
2024-09-16 11:48:36.827000,418.1177297280482,12
2024-09-16 11:48:36.883000,418.1484888026764,999
2024-09-16 11:48:36.906000,418.1492599869821,99
2024-09-16 11:48:36.980000,418.1445527569053,5
2024-09-16 11:48:37.040000,418.08919572306144,7
2024-09-16 11:48:37.125000,418.0656254490251,995
2024-09-16 11:48:37.151000,418.08790158239793,997
2024-09-16 11:48:37.170000,418.1056141051701,1002
2024-09-16 11:48:37.221000,418.0638438255731,1004
2024-09-16 11:48:37.310000,418.0558217613884,997
2024-09-16 11:48:37.312000,418.08668524422666,95
2024-09-16 11:48:37.358000,418.1023537543336,15
2024-09-16 11:48:37.502000,418.0769297587895,103
2024-09-16 11:48:37.621000,418.046077075516,102
2024-09-16 11:48:37.757000,418.11988309228354,99
2024-09-16 11:48:37.803000,418.0887428758228,6
2024-09-16 11:48:37.874000,418.08360231668354,1002
2024-09-16 11:48:38.008000,418.10047316609314,98
2024-09-16 11:48:38.083000,418.1365777570802,13
2024-09-16 11:48:38.217000,418.1270511118283,99
2024-09-16 11:48:38.258000,418.1308393167069,1003
2024-09-16 11:48:38.384000,418.1292603442354,9
2024-09-16 11:48:38.430000,418.1269937394676,102
2024-09-16 11:48:38.464000,418.1208643261433,101
2024-09-16 11:48:38.468000,418.1188006888338,1001
2024-09-16 11:48:38.479000,418.1154333487637,9
2024-09-16 11:48:38.496000,418.1170487674048,1001
2024-09-16 11:48:38.514000,418.10499714070806,99
2024-09-16 11:48:38.536000,418.1315576014368,9
2024-09-16 11:48:38.606000,418.127820983107,98
2024-09-16 11:48:38.632000,418.11125849763886,999
2024-09-16 11:48:38.661000,418.11836029193,997
2024-09-16 11:48:38.666000,418.12344854088633,5
2024-09-16 11:48:38.676000,418.11555922730446,996
2024-09-16 11:48:38.707000,418.11274917156646,103
2024-09-16 11:48:38.713000,418.1264156114593,13
2024-09-16 11:48:38.719000,418.11436205003935,15
2024-09-16 11:48:38.745000,418.11224064206607,999
2024-09-16 11:48:38.761000,418.1321412147482,99
2024-09-16 11:48:38.763000,418.1123114945173,9
2024-09-16 11:48:38.809000,418.1126311939496,13
2024-09-16 11:48:38.937000,418.114579778498,104
2024-09-16 11:48:39.036000,418.11895360005167,105
2024-09-16 11:48:39.110000,418.11333789852654,1004
2024-09-16 11:48:39.123000,418.12548969285314,11
2024-09-16 11:48:39.129000,418.1004599485659,1004
2024-09-16 11:48:39.216000,418.096336965745,999
2024-09-16 11:48:39.300000,418.1227949056436,8
2024-09-16 11:48:39.328000,418.1092086591663,996
2024-09-16 11:48:39.443000,418.108641104888,1002
2024-09-16 11:48:39.501000,418.117284741844,7
2024-09-16 11:48:39.545000,418.113875697558,9
2024-09-16 11:48:39.634000,418.1268981481824,14
2024-09-16 11:48:39.745000,418.12331012388535,1003
2024-09-16 11:48:39.766000,418.113766013285,101
2024-09-16 11:48:39.862000,418.1010656697795,997
2024-09-16 11:48:39.969000,418.1205386775711,998
2024-09-16 11:48:40.013000,418.0948438910728,997
2024-09-16 11:48:40.028000,418.0974838173319,97
2024-09-16 11:48:40.093000,418.10100152247446,12
2024-09-16 11:48:40.478000,418.1088802306424,1005
2024-09-16 11:48:40.600000,418.0922165571104,996
2024-09-16 11:48:40.795000,418.0970635183194,14
2024-09-16 11:48:41.036000,418.0783167395384,104
2024-09-16 11:48:41.042000,418.07105395796697,1003
2024-09-16 11:48:41.135000,418.064036043296,998
2024-09-16 11:48:41.180000,418.0702898253684,996
2024-09-16 11:48:41.538000,418.0699428828081,103
2024-09-16 11:48:41.767000,418.09150059759565,99
2024-09-16 11:48:41.806000,418.06390801929285,6
2024-09-16 11:48:41.840000,418.0453071058097,97
2024-09-16 11:48:42.552000,418.07991124668473,102
2024-09-16 11:48:42.588000,418.0714107322405,14
2024-09-16 11:48:42.702000,418.0691667302575,996
2024-09-16 11:48:43.066000,418.1002007576269,9
2024-09-16 11:48:43.147000,418.106722088978,998
2024-09-16 11:48:43.152000,418.0946965829303,1004
2024-09-16 11:48:43.183000,418.1009017116145,12
2024-09-16 11:48:43.192000,418.0611504514927,8
2024-09-16 11:48:43.201000,418.1072697114101,7
2024-09-16 11:48:43.240000,418.0885183856237,997
2024-09-16 11:48:43.265000,418.012033633272,95
2024-09-16 11:48:43.270000,418.0529678234126,1005
2024-09-16 11:48:43.311000,418.0091536122496,98
2024-09-16 11:48:43.311000,418.07850083587954,7
2024-09-16 11:48:43.467000,417.9778077671611,6
2024-09-16 11:48:43.497000,418.00283663349774,9
2024-09-16 11:48:43.534000,417.9913367580027,13
2024-09-16 11:48:43.586000,418.0470264214428,13
2024-09-16 11:48:43.632000,418.05308907863787,5
2024-09-16 11:48:43.639000,418.05937619616816,103
2024-09-16 11:48:43.640000,418.084229257241,999
2024-09-16 11:48:43.712000,417.991305094467,104
2024-09-16 11:48:43.759000,418.0558814235285,13
2024-09-16 11:48:43.774000,417.99494753622935,996
2024-09-16 11:48:43.825000,418.0150581189787,13
2024-09-16 11:48:43.839000,417.9863126383927,6
2024-09-16 11:48:43.888000,418.0018644285133,96
2024-09-16 11:48:43.907000,417.9968039905049,11
2024-09-16 11:48:43.911000,418.1085199785468,9
2024-09-16 11:48:43.974000,418.0888536679948,11
2024-09-16 11:48:43.975000,418.0412013959033,8
2024-09-16 11:48:44.029000,417.7988859073158,995
2024-09-16 11:48:44.089000,417.9419401203467,995
2024-09-16 11:48:44.106000,417.86414104018974,102
2024-09-16 11:48:44.115000,417.8738493748061,999
2024-09-16 11:48:44.167000,417.9258358173813,1004
2024-09-16 11:48:44.191000,417.9545691118263,5
2024-09-16 11:48:44.191000,417.942141912297,1005
2024-09-16 11:48:44.201000,417.9049513275358,1004
2024-09-16 11:48:44.203000,417.8167798850741,9
2024-09-16 11:48:44.232000,417.9520920422512,101
2024-09-16 11:48:44.233000,417.876491897784,104
2024-09-16 11:48:44.312000,417.812370616423,996
2024-09-16 11:48:44.362000,417.876222362404,5
2024-09-16 11:48:44.363000,417.8667372367953,104
2024-09-16 11:48:44.383000,417.8765393395095,998
2024-09-16 11:48:44.445000,417.8620390230974,999
2024-09-16 11:48:44.483000,417.9555374268878,1001
2024-09-16 11:48:44.484000,417.8706721239799,7
2024-09-16 11:48:44.530000,417.81881087061765,14
2024-09-16 11:48:44.544000,417.8714741149453,12
2024-09-16 11:48:44.605000,417.9036066448544,95
2024-09-16 11:48:44.657000,417.8247381889354,6
2024-09-16 11:48:44.735000,417.85544811161526,11
2024-09-16 11:48:44.742000,417.983041275515,99
2024-09-16 11:48:44.802000,417.8368348243821,100
2024-09-16 11:48:44.867000,417.8702199196669,10
2024-09-16 11:48:44.898000,417.8541279741361,14
2024-09-16 11:48:44.946000,417.878869813033,104
2024-09-16 11:48:44.984000,417.9092217170806,999
2024-09-16 11:48:45.023000,417.7843671705844,1003
2024-09-16 11:48:45.070000,417.78592073709297,10
2024-09-16 11:48:45.082000,417.7622688039486,9
2024-09-16 11:48:45.094000,417.7561392827336,103
2024-09-16 11:48:45.274000,417.7624891008728,5
2024-09-16 11:48:45.279000,417.7790839943401,12
2024-09-16 11:48:45.280000,417.773243281035,95
2024-09-16 11:48:45.289000,417.80604600078914,1004
2024-09-16 11:48:45.302000,417.7608934484418,5
2024-09-16 11:48:45.333000,417.7411257674739,11
2024-09-16 11:48:45.369000,417.7925926841351,105
2024-09-16 11:48:45.486000,417.78976339908064,997
2024-09-16 11:48:45.527000,417.79295922461085,9
2024-09-16 11:48:45.566000,417.79292572466767,101
2024-09-16 11:48:45.592000,417.783947532829,1001
2024-09-16 11:48:45.747000,417.7699280366869,6
2024-09-16 11:48:45.899000,417.7933944614145,6
2024-09-16 11:48:45.921000,417.7405030084868,14
2024-09-16 11:48:45.925000,417.7843223964068,8
2024-09-16 11:48:45.928000,417.742268753808,14
2024-09-16 11:48:45.982000,417.7619229421825,999
2024-09-16 11:48:46.071000,417.7987134514957,102
2024-09-16 11:48:46.193000,417.80520786121815,10
2024-09-16 11:48:46.201000,417.8236797079833,1003
2024-09-16 11:48:46.410000,417.7924684229753,15
2024-09-16 11:48:46.477000,417.8110277814823,996
2024-09-16 11:48:46.588000,417.8034004284726,1004
2024-09-16 11:48:46.597000,417.8004486968848,7
2024-09-16 11:48:46.609000,417.8059080158209,105
2024-09-16 11:48:46.639000,417.81402697965785,102
2024-09-16 11:48:46.665000,417.8084287249543,104
2024-09-16 11:48:47.856000,417.8153189615744,103
2024-09-16 11:48:48.038000,417.807916452037,14
2024-09-16 11:48:48.040000,417.8350077832774,1004
2024-09-16 11:48:48.143000,417.80556344262993,5
2024-09-16 11:48:48.154000,417.8355759201492,105
2024-09-16 11:48:48.180000,417.81445274666834,1002
2024-09-16 11:48:48.371000,417.8414328474197,1003
2024-09-16 11:48:48.474000,417.8082627642313,995
2024-09-16 11:48:48.604000,417.83177192107087,998
2024-09-16 11:48:48.746000,417.8110761155008,101
2024-09-16 11:48:48.824000,417.8341860466516,96
2024-09-16 11:48:49.032000,417.88102982987,8
2024-09-16 11:48:49.207000,417.8439761447376,1001
2024-09-16 11:48:49.538000,417.8547009223806,1002
2024-09-16 11:48:49.546000,417.8138903636766,99
2024-09-16 11:48:49.587000,417.8784986742912,1000
2024-09-16 11:48:49.600000,417.86989653509,96
2024-09-16 11:48:49.654000,417.8532185462621,105
2024-09-16 11:48:49.717000,417.8943165000644,105
2024-09-16 11:48:49.941000,417.8454393284587,14
2024-09-16 11:48:49.988000,417.81793271676247,100
2024-09-16 11:48:49.992000,417.85533490634543,105
2024-09-16 11:48:50.186000,417.816308022261,102
2024-09-16 11:48:50.203000,417.82310487337566,1001
2024-09-16 11:48:50.227000,417.86800390790194,95
2024-09-16 11:48:50.231000,417.8785580433524,1001
2024-09-16 11:48:50.236000,417.81322923773246,1005
2024-09-16 11:48:50.259000,417.8304268509924,100
2024-09-16 11:48:50.265000,417.8725871339218,103
2024-09-16 11:48:50.287000,417.8578236414565,1000
2024-09-16 11:48:50.346000,417.8110719158568,1002
2024-09-16 11:48:50.375000,417.81633844069,6
2024-09-16 11:48:50.389000,417.80104259033385,9
2024-09-16 11:48:50.431000,417.8590685289671,7
2024-09-16 11:48:50.477000,417.8727078342016,11
2024-09-16 11:48:50.523000,417.8714754793186,1001
2024-09-16 11:48:50.531000,417.82429861608864,101
2024-09-16 11:48:50.545000,417.81829997006446,1000
2024-09-16 11:48:50.553000,417.8156369605724,104
2024-09-16 11:48:50.578000,417.81083550260496,15
2024-09-16 11:48:50.606000,417.80459107668463,103
2024-09-16 11:48:50.639000,417.85599090421465,102
2024-09-16 11:48:50.706000,417.8514223071804,1001
2024-09-16 11:48:50.838000,417.855189754884,97
2024-09-16 11:48:50.911000,417.8625821196696,15
2024-09-16 11:48:50.923000,417.8592025110692,998
2024-09-16 11:48:50.932000,417.8799643518591,15
2024-09-16 11:48:50.937000,417.8778980896801,102
2024-09-16 11:48:50.956000,417.8864599695906,99
2024-09-16 11:48:51.168000,417.7897057328671,11
2024-09-16 11:48:51.818000,417.8087842571181,14
2024-09-16 11:48:51.860000,417.8040685630351,103
2024-09-16 11:48:52.012000,417.78678138519047,12
2024-09-16 11:48:52.063000,417.7904919744931,13
2024-09-16 11:48:52.135000,417.827394643321,995
2024-09-16 11:48:52.156000,417.8341869329038,11
2024-09-16 11:48:52.166000,417.8364321779066,99
2024-09-16 11:48:52.236000,417.8017999334626,101
2024-09-16 11:48:52.246000,417.82702174400407,97
2024-09-16 11:48:52.330000,417.8008847929908,996
2024-09-16 11:48:52.393000,417.8210934046383,6
2024-09-16 11:48:52.420000,417.8391677397151,11
2024-09-16 11:48:52.428000,417.7965636432501,1005
2024-09-16 11:48:52.558000,417.8331626673081,998
2024-09-16 11:48:52.563000,417.7794666417828,8
2024-09-16 11:48:52.613000,417.8402131584064,11
2024-09-16 11:48:52.711000,417.8345299103322,15
2024-09-16 11:48:52.838000,417.8385378504164,5
2024-09-16 11:48:52.875000,417.8209895054609,101
2024-09-16 11:48:53.002000,417.7580168868597,11
2024-09-16 11:48:53.023000,417.7693203653049,1003
2024-09-16 11:48:53.079000,417.78060379599054,100
2024-09-16 11:48:53.080000,417.785745130449,15
2024-09-16 11:48:53.229000,417.8011626514984,1003
2024-09-16 11:48:53.235000,417.8057623839923,995
2024-09-16 11:48:53.345000,417.83211113490273,9
2024-09-16 11:48:53.407000,417.8309680883064,8
2024-09-16 11:48:53.483000,417.8516999194196,101
2024-09-16 11:48:53.511000,417.84662510269584,8
2024-09-16 11:48:53.547000,417.76978679269615,96
2024-09-16 11:48:53.550000,417.7828004040863,13
2024-09-16 11:48:53.589000,417.77339575678303,12
2024-09-16 11:48:53.625000,417.82747647331314,1002
2024-09-16 11:48:53.651000,417.8021603969684,8
2024-09-16 11:48:53.683000,417.79444393746127,13
2024-09-16 11:48:53.796000,417.8099382427553,98
2024-09-16 11:48:53.820000,417.7789523164553,13
2024-09-16 11:48:53.832000,417.8082635263566,101
2024-09-16 11:48:53.866000,417.8169256329723,11
2024-09-16 11:48:53.897000,417.8361824341194,998
2024-09-16 11:48:53.900000,417.7802340634197,102
2024-09-16 11:48:53.948000,417.81037472706777,998
2024-09-16 11:48:53.982000,417.7779375133709,1003
2024-09-16 11:48:54.023000,417.7419658535724,995
2024-09-16 11:48:54.055000,417.734484798544,96
2024-09-16 11:48:54.068000,417.7148941168785,9
2024-09-16 11:48:54.106000,417.7663099553168,103
2024-09-16 11:48:54.194000,417.7232924338238,1004
2024-09-16 11:48:54.202000,417.78070813918055,95
2024-09-16 11:48:54.224000,417.7243779387431,5
2024-09-16 11:48:54.303000,417.7423738954265,999
2024-09-16 11:48:54.402000,417.7147924376391,995
2024-09-16 11:48:54.438000,417.708799126775,5
2024-09-16 11:48:54.527000,417.7486280336871,1004
2024-09-16 11:48:54.552000,417.7487867140897,5
2024-09-16 11:48:54.665000,417.77143205935937,96
2024-09-16 11:48:54.784000,417.7121619202121,13
2024-09-16 11:48:54.799000,417.713354225164,1003
2024-09-16 11:48:54.807000,417.729297996886,10
2024-09-16 11:48:54.839000,417.7233419814482,5
2024-09-16 11:48:54.890000,417.7270163297441,101
2024-09-16 11:48:54.898000,417.7549153943266,9
2024-09-16 11:48:54.947000,417.7623409054692,1005
2024-09-16 11:48:55.002000,417.6544611706388,998
2024-09-16 11:48:55.004000,417.6436772702949,101
2024-09-16 11:48:55.004000,417.6709827900968,1002
2024-09-16 11:48:55.055000,417.707802322106,1000
2024-09-16 11:48:55.097000,417.827257408245,11
2024-09-16 11:48:55.114000,417.6553931488442,97
2024-09-16 11:48:55.132000,417.68394260113,100
2024-09-16 11:48:55.155000,417.67652415624144,1004
2024-09-16 11:48:55.206000,417.7088653986401,103
2024-09-16 11:48:55.282000,417.7850060191583,104
2024-09-16 11:48:55.292000,417.7914196762732,103
2024-09-16 11:48:55.353000,417.73892815465945,15
2024-09-16 11:48:55.372000,417.8147207995259,10
2024-09-16 11:48:55.416000,417.6790355228591,15
2024-09-16 11:48:55.440000,417.8308666547737,996
2024-09-16 11:48:55.483000,417.7225695636283,10
2024-09-16 11:48:55.503000,417.7307815974704,9
2024-09-16 11:48:55.544000,417.6854663326865,12
2024-09-16 11:48:55.669000,417.6599351001395,95
2024-09-16 11:48:55.706000,417.7546674556672,1003
2024-09-16 11:48:55.709000,417.75682090304383,6
2024-09-16 11:48:55.752000,417.7634202287812,995
2024-09-16 11:48:55.765000,417.8231878178885,1002
2024-09-16 11:48:55.784000,417.6433339750592,100
2024-09-16 11:48:55.798000,417.6500382394968,102
2024-09-16 11:48:55.814000,417.6567331687853,1002
2024-09-16 11:48:55.827000,417.7917389178877,100
2024-09-16 11:48:55.842000,417.8067758460747,101
2024-09-16 11:48:55.931000,417.74681142259055,999
2024-09-16 11:48:55.934000,417.7662359371168,99
2024-09-16 11:48:56.071000,417.63564073289416,6
2024-09-16 11:48:56.564000,417.65283005812427,7
2024-09-16 11:48:56.591000,417.650471872976,10
2024-09-16 11:48:56.671000,417.6495155029107,1004
2024-09-16 11:48:56.700000,417.62667109048994,1001
2024-09-16 11:48:56.822000,417.6511461728604,11
2024-09-16 11:48:57.009000,417.66291217559126,13
2024-09-16 11:48:57.017000,417.6912335316826,998
2024-09-16 11:48:57.029000,417.6532611886989,13
2024-09-16 11:48:57.045000,417.6830942376525,13
2024-09-16 11:48:57.078000,417.6462343674509,104
2024-09-16 11:48:57.207000,417.6713483234564,1001
2024-09-16 11:48:57.258000,417.7033102095343,1001
2024-09-16 11:48:57.288000,417.68428271287127,11
2024-09-16 11:48:57.292000,417.6841966629208,15
2024-09-16 11:48:57.298000,417.6786538427319,999
2024-09-16 11:48:57.359000,417.6740227176632,8
2024-09-16 11:48:57.464000,417.69393179154025,1000
2024-09-16 11:48:57.526000,417.63606512014286,6
2024-09-16 11:48:57.566000,417.65318298831227,5
2024-09-16 11:48:57.571000,417.6775579042243,1004
2024-09-16 11:48:57.664000,417.7037455780583,995
2024-09-16 11:48:57.700000,417.67269749545056,14
2024-09-16 11:48:57.713000,417.6804444720132,12
2024-09-16 11:48:57.728000,417.68439929960425,15
2024-09-16 11:48:57.743000,417.6542824699808,101
2024-09-16 11:48:57.760000,417.68437781246746,999
2024-09-16 11:48:57.902000,417.6760882873058,5
2024-09-16 11:48:57.916000,417.66624912171454,13
2024-09-16 11:48:57.921000,417.6689706303946,103
2024-09-16 11:48:57.949000,417.68329279759024,1003
2024-09-16 11:48:57.959000,417.6660517087984,104
2024-09-16 11:48:57.970000,417.6501367309705,997
2024-09-16 11:48:57.974000,417.6828537827778,99
2024-09-16 11:48:59.018000,417.7162865601622,7
2024-09-16 11:48:59.020000,417.7327973551551,6
2024-09-16 11:48:59.033000,417.6876945426004,97
2024-09-16 11:48:59.083000,417.6483988891141,12
2024-09-16 11:48:59.097000,417.6270779373873,97
2024-09-16 11:48:59.105000,417.67590993486056,96
2024-09-16 11:48:59.157000,417.6884876213649,101
2024-09-16 11:48:59.185000,417.7077280633385,98
2024-09-16 11:48:59.204000,417.6304602079775,1003
2024-09-16 11:48:59.225000,417.6758368937252,12
2024-09-16 11:48:59.241000,417.64218111341694,1003
2024-09-16 11:48:59.330000,417.7221299612792,97
2024-09-16 11:48:59.379000,417.6631653908861,95
2024-09-16 11:48:59.394000,417.6884991110883,14
2024-09-16 11:48:59.409000,417.6822744910874,8
2024-09-16 11:48:59.413000,417.7138420485488,996
2024-09-16 11:48:59.430000,417.6575367723338,7
2024-09-16 11:48:59.515000,417.6716856191263,8
2024-09-16 11:48:59.577000,417.7142900596348,1000
2024-09-16 11:48:59.598000,417.6487368912781,996
2024-09-16 11:48:59.615000,417.6715287866209,7
2024-09-16 11:48:59.659000,417.6416515381494,15
2024-09-16 11:48:59.678000,417.6199581529906,7
2024-09-16 11:48:59.726000,417.68244169429215,995
2024-09-16 11:48:59.763000,417.7408550958289,11
2024-09-16 11:48:59.909000,417.6475302230892,10
2024-09-16 11:48:59.913000,417.7154587558068,995
2024-09-16 11:48:59.923000,417.6543522522991,9
2024-09-16 11:48:59.978000,417.6754799751066,101
