Timestamp,Price,Size
2024-09-20 13:25:00.043000,429.7007000698256,1003
2024-09-20 13:25:00.063000,429.70678253424177,96
2024-09-20 13:25:00.206000,429.715407908875,5
2024-09-20 13:25:00.319000,429.70918402908455,1005
2024-09-20 13:25:00.342000,429.717386932411,998
2024-09-20 13:25:00.391000,429.7074208733134,15
2024-09-20 13:25:00.399000,429.6993236671713,104
2024-09-20 13:25:00.408000,429.70655601435874,104
2024-09-20 13:25:00.559000,429.715357402298,1003
2024-09-20 13:25:00.721000,429.70186269458577,7
2024-09-20 13:25:00.756000,429.7177859176806,13
2024-09-20 13:25:00.867000,429.7184308091565,97
2024-09-20 13:25:00.931000,429.7134380828289,1004
2024-09-20 13:25:01.006000,429.7003783290722,6
2024-09-20 13:25:01.020000,429.7257432226996,100
2024-09-20 13:25:01.069000,429.7213867488938,12
2024-09-20 13:25:01.078000,429.7030529122006,5
2024-09-20 13:25:01.082000,429.7226220380736,97
2024-09-20 13:25:01.131000,429.68030351013056,105
2024-09-20 13:25:01.169000,429.6441421805528,101
2024-09-20 13:25:01.179000,429.7106018810182,997
2024-09-20 13:25:01.279000,429.6499726315736,995
2024-09-20 13:25:01.300000,429.66315364479607,102
2024-09-20 13:25:01.487000,429.6954801729245,1005
2024-09-20 13:25:01.524000,429.65339831084657,14
2024-09-20 13:25:01.578000,429.66641585111375,1002
2024-09-20 13:25:01.588000,429.715150963899,95
2024-09-20 13:25:01.618000,429.72265737059774,997
2024-09-20 13:25:01.705000,429.7182694892636,9
2024-09-20 13:25:01.739000,429.6928998992852,6
2024-09-20 13:25:01.749000,429.71315941086,97
2024-09-20 13:25:01.777000,429.6663629089867,1000
2024-09-20 13:25:01.786000,429.7048308846896,8
2024-09-20 13:25:01.818000,429.729801450277,1004
2024-09-20 13:25:01.824000,429.725599914401,1004
2024-09-20 13:25:01.838000,429.6366398824057,100
2024-09-20 13:25:01.842000,429.7070340613569,6
2024-09-20 13:25:01.860000,429.6579451801919,1003
2024-09-20 13:25:01.869000,429.6475012250888,97
2024-09-20 13:25:01.905000,429.6412292561744,95
2024-09-20 13:25:01.950000,429.7352435588791,10
2024-09-20 13:25:01.988000,429.66529571997785,103
2024-09-20 13:25:02.009000,429.7068968234527,95
2024-09-20 13:25:02.084000,429.7025523501468,1005
2024-09-20 13:25:02.096000,429.7303661514106,12
2024-09-20 13:25:02.127000,429.7425634850354,10
2024-09-20 13:25:02.153000,429.77115638302433,1003
2024-09-20 13:25:02.212000,429.7734357179183,1004
2024-09-20 13:25:02.350000,429.7486150035569,102
2024-09-20 13:25:02.354000,429.7238000615122,96
2024-09-20 13:25:02.422000,429.73013191363816,1000
2024-09-20 13:25:02.423000,429.7080235434309,1002
2024-09-20 13:25:02.423000,429.7373472522032,99
2024-09-20 13:25:02.445000,429.73463650318166,1005
2024-09-20 13:25:02.485000,429.7178487098656,101
2024-09-20 13:25:02.561000,429.70431504021394,98
2024-09-20 13:25:02.598000,429.76444598158895,1003
2024-09-20 13:25:02.625000,429.7319510190833,13
2024-09-20 13:25:02.633000,429.73652881704095,995
2024-09-20 13:25:02.674000,429.7102178435401,101
2024-09-20 13:25:02.752000,429.73741435005815,96
2024-09-20 13:25:02.761000,429.7875349902313,5
2024-09-20 13:25:02.782000,429.7396266259751,1002
2024-09-20 13:25:02.807000,429.7513355992272,101
2024-09-20 13:25:02.824000,429.71944408220855,1001
2024-09-20 13:25:02.861000,429.7523829794812,95
2024-09-20 13:25:02.872000,429.7056006548961,999
2024-09-20 13:25:02.949000,429.72735025972366,103
2024-09-20 13:25:02.971000,429.7096368377256,103
2024-09-20 13:25:03.016000,429.7335653406604,105
2024-09-20 13:25:03.098000,429.7553218731416,7
2024-09-20 13:25:03.124000,429.7404939308869,1003
2024-09-20 13:25:03.229000,429.7406960143969,1002
2024-09-20 13:25:03.268000,429.71718250638105,998
2024-09-20 13:25:03.334000,429.7380931956727,1003
2024-09-20 13:25:03.336000,429.7467492155917,104
2024-09-20 13:25:03.357000,429.7813425304108,15
2024-09-20 13:25:03.370000,429.7455781236756,12
2024-09-20 13:25:03.392000,429.7808512539784,998
2024-09-20 13:25:03.426000,429.7219602258672,100
2024-09-20 13:25:03.635000,429.77228149919006,1005
2024-09-20 13:25:03.652000,429.7214410232971,1005
2024-09-20 13:25:03.654000,429.7846890692693,1004
2024-09-20 13:25:03.737000,429.7870214266202,1003
2024-09-20 13:25:03.750000,429.7129910274684,9
2024-09-20 13:25:03.753000,429.82156434620754,8
2024-09-20 13:25:03.786000,429.7228249062624,101
2024-09-20 13:25:03.868000,429.7875748885429,8
2024-09-20 13:25:03.903000,429.7292449981288,14
2024-09-20 13:25:03.929000,429.7319466058011,100
2024-09-20 13:25:03.945000,429.7547192879212,11
2024-09-20 13:25:04.326000,429.735223157861,99
2024-09-20 13:25:05.080000,429.738410066283,1005
2024-09-20 13:25:05.095000,429.7198177659413,999
2024-09-20 13:25:05.119000,429.7390148223144,1001
2024-09-20 13:25:05.130000,429.75595556625393,996
2024-09-20 13:25:05.149000,429.7670045642101,101
2024-09-20 13:25:05.168000,429.7531711227013,1005
2024-09-20 13:25:05.173000,429.7478493605833,999
2024-09-20 13:25:05.328000,429.7811413195552,96
2024-09-20 13:25:05.328000,429.7488527979807,99
2024-09-20 13:25:05.404000,429.7462504379554,5
2024-09-20 13:25:05.408000,429.7498616094401,95
2024-09-20 13:25:05.466000,429.7695839160682,996
2024-09-20 13:25:05.481000,429.7441480810397,101
2024-09-20 13:25:05.514000,429.75127805144473,13
2024-09-20 13:25:05.527000,429.737934937482,1004
2024-09-20 13:25:05.548000,429.7490892670885,100
2024-09-20 13:25:05.567000,429.748863239892,9
2024-09-20 13:25:05.578000,429.7414448650315,13
2024-09-20 13:25:05.594000,429.764890973456,1004
2024-09-20 13:25:05.594000,429.7650896036065,998
2024-09-20 13:25:05.618000,429.7439185304839,14
2024-09-20 13:25:05.640000,429.7665339674917,103
2024-09-20 13:25:05.644000,429.73804887539353,9
2024-09-20 13:25:05.679000,429.7289937036771,98
2024-09-20 13:25:05.695000,429.7586379612661,15
2024-09-20 13:25:05.756000,429.7454705110084,6
2024-09-20 13:25:05.825000,429.7677344937139,1003
2024-09-20 13:25:05.841000,429.7541631213359,100
2024-09-20 13:25:05.869000,429.75850752991977,9
2024-09-20 13:25:05.973000,429.735181513322,11
2024-09-20 13:25:06.311000,429.7356049128837,7
2024-09-20 13:25:06.377000,429.7740615703042,9
2024-09-20 13:25:06.769000,429.7960777178223,100
2024-09-20 13:25:06.836000,429.74834422047326,9
2024-09-20 13:25:06.995000,429.76848690708425,14
2024-09-20 13:25:07.171000,429.8015437571009,997
2024-09-20 13:25:07.175000,429.7666571921375,97
2024-09-20 13:25:07.203000,429.7941831767552,95
2024-09-20 13:25:07.319000,429.7763611683553,14
2024-09-20 13:25:07.328000,429.7914251920193,8
2024-09-20 13:25:07.350000,429.76652252819775,104
2024-09-20 13:25:07.369000,429.7599659536444,105
2024-09-20 13:25:07.395000,429.8172940864063,1002
2024-09-20 13:25:07.428000,429.7471933098584,9
2024-09-20 13:25:07.470000,429.7483464175215,98
2024-09-20 13:25:07.487000,429.803499069792,6
2024-09-20 13:25:07.606000,429.7890788568461,7
2024-09-20 13:25:07.630000,429.7438396956538,8
2024-09-20 13:25:07.653000,429.7778318172135,5
2024-09-20 13:25:07.687000,429.7827140880807,996
2024-09-20 13:25:07.735000,429.810081563386,997
2024-09-20 13:25:07.756000,429.76393463264543,1004
2024-09-20 13:25:07.792000,429.75278780796725,1003
2024-09-20 13:25:07.799000,429.8027702582272,1004
2024-09-20 13:25:08.285000,429.7908503746726,101
2024-09-20 13:25:08.333000,429.7854951055346,998
2024-09-20 13:25:08.537000,429.7892904819908,6
2024-09-20 13:25:08.584000,429.7808276532194,9
2024-09-20 13:25:08.908000,429.7895522186551,104
2024-09-20 13:25:08.992000,429.7697155585308,998
2024-09-20 13:25:09.012000,429.7832945437327,995
2024-09-20 13:25:09.085000,429.7484795062141,1001
2024-09-20 13:25:09.253000,429.7623095665988,1004
2024-09-20 13:25:09.490000,429.77086196603386,1002
2024-09-20 13:25:09.701000,429.7688973617058,104
2024-09-20 13:25:09.717000,429.7584390653955,9
2024-09-20 13:25:09.724000,429.7704095952477,100
2024-09-20 13:25:10.037000,429.7449602838556,999
2024-09-20 13:25:10.096000,429.7469552048609,1001
2024-09-20 13:25:10.231000,429.740827137682,14
2024-09-20 13:25:10.345000,429.75395923858537,15
2024-09-20 13:25:10.393000,429.7317294406046,104
2024-09-20 13:25:10.565000,429.75105591993054,1004
2024-09-20 13:25:10.689000,429.7395267061652,1000
2024-09-20 13:25:10.796000,429.7346982576791,997
2024-09-20 13:25:10.828000,429.7492032095978,15
2024-09-20 13:25:11.056000,429.7613539750323,105
2024-09-20 13:25:11.095000,429.776725871207,13
2024-09-20 13:25:11.158000,429.7579830784076,12
2024-09-20 13:25:11.248000,429.7133640382423,5
2024-09-20 13:25:11.283000,429.74633110616026,105
2024-09-20 13:25:11.322000,429.7628009633763,96
2024-09-20 13:25:11.365000,429.747181485058,99
2024-09-20 13:25:11.421000,429.7522960337116,998
2024-09-20 13:25:11.579000,429.7570824453479,5
2024-09-20 13:25:11.591000,429.734705818153,1001
2024-09-20 13:25:11.646000,429.7520915551146,7
2024-09-20 13:25:11.805000,429.71901737413424,11
2024-09-20 13:25:12.086000,429.70591101456216,7
2024-09-20 13:25:12.156000,429.7487607844063,1001
2024-09-20 13:25:12.172000,429.70479975938287,7
2024-09-20 13:25:12.173000,429.7152362568804,105
2024-09-20 13:25:12.218000,429.7404551438306,1005
2024-09-20 13:25:12.276000,429.6017959948223,10
2024-09-20 13:25:12.325000,429.62270952195774,1002
2024-09-20 13:25:12.333000,429.7309091567307,102
2024-09-20 13:25:12.448000,429.7068232680453,97
2024-09-20 13:25:12.511000,429.62512211342977,8
2024-09-20 13:25:12.533000,429.75406777386695,98
2024-09-20 13:25:12.575000,429.6861039279127,8
2024-09-20 13:25:12.587000,429.7136234064232,10
2024-09-20 13:25:12.652000,429.6381990591239,1001
2024-09-20 13:25:12.657000,429.7324868798824,1005
2024-09-20 13:25:12.662000,429.6305521357695,104
2024-09-20 13:25:12.718000,429.7071059607789,7
2024-09-20 13:25:12.786000,429.6636328898155,95
2024-09-20 13:25:12.884000,429.66032020369664,1000
2024-09-20 13:25:12.917000,429.7285171417497,13
2024-09-20 13:25:12.927000,429.7053365716157,13
2024-09-20 13:25:12.927000,429.7243343184282,13
2024-09-20 13:25:12.951000,429.6280742650069,15
2024-09-20 13:25:12.963000,429.72058065067097,1001
2024-09-20 13:25:12.999000,429.6550340122706,13
2024-09-20 13:25:14.285000,429.623016255186,998
2024-09-20 13:25:14.436000,429.6252518111723,1003
2024-09-20 13:25:14.755000,429.6112552754153,998
2024-09-20 13:25:14.824000,429.6149472115167,1001
2024-09-20 13:25:15.071000,429.621847149555,14
2024-09-20 13:25:15.105000,429.6278103757324,998
2024-09-20 13:25:15.108000,429.63187562419296,102
2024-09-20 13:25:15.156000,429.5958001011117,1001
2024-09-20 13:25:15.168000,429.5991018774157,10
2024-09-20 13:25:15.197000,429.61949102751305,1005
2024-09-20 13:25:15.202000,429.6165466413351,14
2024-09-20 13:25:15.316000,429.6491550398783,11
2024-09-20 13:25:15.321000,429.6135797903412,9
2024-09-20 13:25:15.345000,429.5827013702087,999
2024-09-20 13:25:15.386000,429.6260526689935,997
2024-09-20 13:25:15.422000,429.59015614021257,99
2024-09-20 13:25:15.450000,429.5944113583675,1001
2024-09-20 13:25:15.543000,429.6479930921308,1002
2024-09-20 13:25:15.590000,429.5854719059863,997
2024-09-20 13:25:15.635000,429.5962526518945,1003
2024-09-20 13:25:15.779000,429.61038793090086,104
2024-09-20 13:25:15.784000,429.6030963995879,105
2024-09-20 13:25:15.820000,429.6088782273042,5
2024-09-20 13:25:15.911000,429.62815832504026,1003
2024-09-20 13:25:15.913000,429.6029846158425,997
2024-09-20 13:25:15.933000,429.624690745726,7
2024-09-20 13:25:15.983000,429.6256061111035,11
2024-09-20 13:25:15.997000,429.6341913322864,98
2024-09-20 13:25:16.033000,429.5331116671159,996
2024-09-20 13:25:16.044000,429.46479091046825,96
2024-09-20 13:25:16.048000,429.5448524548457,14
2024-09-20 13:25:16.072000,429.47830074461245,103
2024-09-20 13:25:16.135000,429.5985015920331,14
2024-09-20 13:25:16.137000,429.4891667762997,997
2024-09-20 13:25:16.226000,429.5189437329042,1001
2024-09-20 13:25:16.228000,429.5744638143729,9
2024-09-20 13:25:16.430000,429.4954124189122,98
2024-09-20 13:25:16.456000,429.5951331874823,103
2024-09-20 13:25:16.458000,429.5168946861723,95
2024-09-20 13:25:16.473000,429.482187473015,8
2024-09-20 13:25:16.544000,429.57077223512607,95
2024-09-20 13:25:16.566000,429.53480674816944,1004
2024-09-20 13:25:16.581000,429.5181078714444,102
2024-09-20 13:25:16.591000,429.52366125341206,7
2024-09-20 13:25:16.672000,429.5108955836738,997
2024-09-20 13:25:16.676000,429.51626455783423,5
2024-09-20 13:25:16.682000,429.53140682288006,11
2024-09-20 13:25:16.745000,429.5666286589782,104
2024-09-20 13:25:16.771000,429.5249549610337,1005
2024-09-20 13:25:16.814000,429.5350187604275,103
2024-09-20 13:25:16.841000,429.5077746654962,101
2024-09-20 13:25:16.859000,429.5540263772428,102
2024-09-20 13:25:16.872000,429.5653265334956,103
2024-09-20 13:25:16.972000,429.51253335828176,103
2024-09-20 13:25:17.181000,429.5468973519139,1002
2024-09-20 13:25:18.007000,429.5599859839108,101
2024-09-20 13:25:18.523000,429.54927833799377,1005
2024-09-20 13:25:18.935000,429.55089213516345,105
2024-09-20 13:25:19.029000,429.5568109069656,8
2024-09-20 13:25:19.030000,429.5144363968007,7
2024-09-20 13:25:19.074000,429.5391166383589,97
2024-09-20 13:25:19.108000,429.4887333937568,15
2024-09-20 13:25:19.133000,429.53394520470056,103
2024-09-20 13:25:19.179000,429.56120607991977,5
2024-09-20 13:25:19.191000,429.5065006599248,99
2024-09-20 13:25:19.305000,429.5395082836545,7
2024-09-20 13:25:19.331000,429.5502976956965,996
2024-09-20 13:25:19.331000,429.5434458765389,6
2024-09-20 13:25:19.423000,429.5665010536012,97
2024-09-20 13:25:19.457000,429.5491109741125,995
2024-09-20 13:25:19.512000,429.48335505574994,96
2024-09-20 13:25:19.570000,429.5105019888208,98
2024-09-20 13:25:19.619000,429.5672283748645,15
2024-09-20 13:25:19.663000,429.5224363340884,1003
2024-09-20 13:25:19.733000,429.53332493892367,1000
2024-09-20 13:25:19.773000,429.5200915148813,1001
2024-09-20 13:25:19.782000,429.54690180387786,1004
2024-09-20 13:25:19.782000,429.5584889328714,12
2024-09-20 13:25:19.797000,429.5584144615799,102
2024-09-20 13:25:19.879000,429.53806903203247,1001
2024-09-20 13:25:19.900000,429.5575083921567,14
2024-09-20 13:25:20.275000,429.4731290199771,1003
2024-09-20 13:25:20.290000,429.4605885456661,12
2024-09-20 13:25:20.320000,429.4534986403857,97
2024-09-20 13:25:20.390000,429.473661877724,101
2024-09-20 13:25:20.456000,429.48881133022326,99
2024-09-20 13:25:20.518000,429.41309456750287,14
2024-09-20 13:25:20.664000,429.4311348272663,997
2024-09-20 13:25:20.670000,429.42574374643056,12
2024-09-20 13:25:20.691000,429.4274125852809,5
2024-09-20 13:25:20.884000,429.4157490717013,10
2024-09-20 13:25:20.902000,429.3938639227477,1004
2024-09-20 13:25:21.140000,429.4075876373229,14
2024-09-20 13:25:21.209000,429.4136395831063,12
2024-09-20 13:25:21.355000,429.4143926065753,103
2024-09-20 13:25:21.652000,429.425552419604,98
2024-09-20 13:25:22.097000,429.3997744039952,102
2024-09-20 13:25:22.160000,429.3598244296241,998
2024-09-20 13:25:22.210000,429.3675010238725,998
2024-09-20 13:25:22.223000,429.417932249656,1001
2024-09-20 13:25:22.490000,429.38745908950375,998
2024-09-20 13:25:22.549000,429.3807834641264,1001
2024-09-20 13:25:22.570000,429.4237561667162,9
2024-09-20 13:25:22.580000,429.39734433778966,996
2024-09-20 13:25:22.604000,429.3777428408749,102
2024-09-20 13:25:22.605000,429.38823245152366,999
2024-09-20 13:25:22.658000,429.3572040901212,1003
2024-09-20 13:25:22.685000,429.3811478205305,15
2024-09-20 13:25:22.734000,429.4320489361622,6
2024-09-20 13:25:22.761000,429.3975003023999,995
2024-09-20 13:25:22.765000,429.4366689321412,1004
2024-09-20 13:25:22.808000,429.3946774529481,15
2024-09-20 13:25:22.824000,429.4011946177009,1000
2024-09-20 13:25:22.839000,429.3703076959888,1003
2024-09-20 13:25:22.858000,429.38429957254505,100
2024-09-20 13:25:22.879000,429.44771674130544,95
2024-09-20 13:25:22.904000,429.4047530036769,15
2024-09-20 13:25:22.936000,429.3941045022142,13
2024-09-20 13:25:22.939000,429.4060836378312,7
2024-09-20 13:25:23.030000,429.3106527938092,7
2024-09-20 13:25:23.076000,429.2931556184224,998
2024-09-20 13:25:23.090000,429.3386722367352,14
2024-09-20 13:25:23.126000,429.2995225372524,102
2024-09-20 13:25:23.153000,429.30916251239313,11
2024-09-20 13:25:23.216000,429.37079975191017,6
2024-09-20 13:25:23.264000,429.3351454565304,14
2024-09-20 13:25:23.399000,429.34756649805166,97
2024-09-20 13:25:23.555000,429.30921659185054,996
2024-09-20 13:25:23.666000,429.2936184185141,96
2024-09-20 13:25:23.686000,429.31618966257753,8
2024-09-20 13:25:23.743000,429.39478552529937,10
2024-09-20 13:25:23.803000,429.309066731482,995
2024-09-20 13:25:23.996000,429.40976130382126,14
2024-09-20 13:25:24.068000,429.2902585544352,98
2024-09-20 13:25:24.198000,429.25159329985,12
2024-09-20 13:25:24.355000,429.2312913919258,105
2024-09-20 13:25:24.407000,429.272952659442,12
2024-09-20 13:25:24.459000,429.2663705657944,96
2024-09-20 13:25:24.647000,429.2831677264812,1001
2024-09-20 13:25:24.660000,429.25508775341694,99
2024-09-20 13:25:24.715000,429.2873417255462,10
2024-09-20 13:25:24.969000,429.287052813312,101
2024-09-20 13:25:25.075000,429.2291033023917,10
2024-09-20 13:25:25.086000,429.258034081824,11
2024-09-20 13:25:25.160000,429.2241361227484,995
2024-09-20 13:25:25.271000,429.2310316329048,6
2024-09-20 13:25:25.281000,429.2289372345591,6
2024-09-20 13:25:25.292000,429.3027282649537,95
2024-09-20 13:25:25.335000,429.260616134991,96
2024-09-20 13:25:25.341000,429.2685964022032,1004
2024-09-20 13:25:25.391000,429.2356594343367,999
2024-09-20 13:25:25.531000,429.2510523651528,99
2024-09-20 13:25:25.549000,429.25998996401705,103
2024-09-20 13:25:25.585000,429.2265866158923,10
2024-09-20 13:25:25.623000,429.2494199019983,1002
2024-09-20 13:25:25.634000,429.2353044800562,1001
2024-09-20 13:25:25.722000,429.2583195956412,104
2024-09-20 13:25:25.758000,429.2281075601771,6
2024-09-20 13:25:25.768000,429.26373063299,102
2024-09-20 13:25:25.777000,429.2496384296349,1005
2024-09-20 13:25:25.784000,429.2568221034696,103
2024-09-20 13:25:25.841000,429.2277465723467,8
2024-09-20 13:25:25.841000,429.23128449008,1003
2024-09-20 13:25:25.851000,429.29201420151554,10
2024-09-20 13:25:25.905000,429.2375389677788,9
2024-09-20 13:25:25.965000,429.2452859809896,99
2024-09-20 13:25:25.974000,429.247493108872,1003
2024-09-20 13:25:26.019000,429.25118086259937,5
2024-09-20 13:25:26.197000,429.2409232160441,6
2024-09-20 13:25:26.211000,429.2269465815483,996
2024-09-20 13:25:26.220000,429.2389686417287,10
2024-09-20 13:25:26.278000,429.1855707480948,105
2024-09-20 13:25:26.324000,429.2755917400126,14
2024-09-20 13:25:26.346000,429.20597518042615,1002
2024-09-20 13:25:26.395000,429.3010394931923,1001
2024-09-20 13:25:26.430000,429.196091262615,101
2024-09-20 13:25:26.502000,429.2736586479454,1001
2024-09-20 13:25:26.530000,429.2611927037681,104
2024-09-20 13:25:26.726000,429.2076734503008,104
2024-09-20 13:25:26.766000,429.2879280547066,6
2024-09-20 13:25:26.833000,429.2052686500836,13
2024-09-20 13:25:26.886000,429.1737481107684,1002
2024-09-20 13:25:26.953000,429.2859163417988,15
2024-09-20 13:25:27.040000,429.1474561101632,6
2024-09-20 13:25:27.124000,429.126348039416,8
2024-09-20 13:25:27.486000,429.1882937035553,8
2024-09-20 13:25:27.507000,429.1726314114888,103
2024-09-20 13:25:27.574000,429.1673271701373,95
2024-09-20 13:25:27.657000,429.2010172767161,103
2024-09-20 13:25:27.663000,429.1575868809297,995
2024-09-20 13:25:27.689000,429.1754194238927,100
2024-09-20 13:25:27.702000,429.1596997877414,8
2024-09-20 13:25:27.782000,429.15549726753767,15
2024-09-20 13:25:27.796000,429.1195556468464,11
2024-09-20 13:25:27.916000,429.2077387555015,101
2024-09-20 13:25:28.068000,429.1979574494055,6
2024-09-20 13:25:28.505000,429.1860633661872,102
2024-09-20 13:25:28.527000,429.1897810472662,999
2024-09-20 13:25:28.554000,429.1974613598336,103
2024-09-20 13:25:28.899000,429.2101795657151,103
2024-09-20 13:25:29.009000,429.2093348650585,5
2024-09-20 13:25:29.147000,429.2342823525834,11
2024-09-20 13:25:29.173000,429.229943171117,1005
2024-09-20 13:25:29.220000,429.1886041226715,13
2024-09-20 13:25:29.268000,429.1963006398647,998
2024-09-20 13:25:29.301000,429.2097018202785,11
2024-09-20 13:25:29.304000,429.2396770312762,5
2024-09-20 13:25:29.329000,429.2303856734708,10
2024-09-20 13:25:29.348000,429.2407656884485,105
2024-09-20 13:25:29.350000,429.2408100552064,104
2024-09-20 13:25:29.484000,429.2161543028884,14
2024-09-20 13:25:29.492000,429.2139968216067,15
2024-09-20 13:25:29.523000,429.2167967004232,104
2024-09-20 13:25:29.548000,429.2217567526599,100
2024-09-20 13:25:29.644000,429.18898580570857,7
2024-09-20 13:25:29.747000,429.2063300006014,5
2024-09-20 13:25:29.764000,429.2317406072972,98
2024-09-20 13:25:29.777000,429.2149175918513,1003
2024-09-20 13:25:29.844000,429.2299435979658,100
2024-09-20 13:25:29.879000,429.2084042125831,97
2024-09-20 13:25:30.311000,429.2030845474515,12
2024-09-20 13:25:31.053000,429.2764658321943,8
2024-09-20 13:25:31.070000,429.1900540726498,1000
2024-09-20 13:25:31.123000,429.22161192433634,1004
2024-09-20 13:25:31.144000,429.2298735833459,97
2024-09-20 13:25:31.148000,429.2094603871821,105
2024-09-20 13:25:31.156000,429.2613949467385,103
2024-09-20 13:25:31.157000,429.190019473737,15
2024-09-20 13:25:31.267000,429.1650197729381,96
2024-09-20 13:25:31.338000,429.1807813223065,97
2024-09-20 13:25:31.402000,429.1829745617956,101
2024-09-20 13:25:31.424000,429.2802811486172,1003
2024-09-20 13:25:31.511000,429.2694757188553,96
2024-09-20 13:25:31.620000,429.2087673163808,96
2024-09-20 13:25:31.620000,429.26551063638897,6
2024-09-20 13:25:31.662000,429.1982412394561,1002
2024-09-20 13:25:31.712000,429.22640760652587,999
2024-09-20 13:25:31.714000,429.27427028484647,100
2024-09-20 13:25:31.812000,429.1693783130032,1005
2024-09-20 13:25:31.814000,429.2586496018519,104
2024-09-20 13:25:31.863000,429.26998079763047,98
2024-09-20 13:25:31.947000,429.2490119383722,8
2024-09-20 13:25:31.960000,429.2593620011158,1001
2024-09-20 13:25:32.086000,429.2723490260129,10
2024-09-20 13:25:32.288000,429.2635025698731,5
2024-09-20 13:25:33.149000,429.287376410088,1001
2024-09-20 13:25:33.501000,429.28965312974174,6
2024-09-20 13:25:33.774000,429.2749885616552,1000
2024-09-20 13:25:34.023000,429.2821076792511,95
2024-09-20 13:25:34.052000,429.2836040410375,105
2024-09-20 13:25:34.190000,429.2978593966984,11
2024-09-20 13:25:34.220000,429.252211346559,100
2024-09-20 13:25:34.220000,429.2834463822766,13
2024-09-20 13:25:34.234000,429.3110677686231,5
2024-09-20 13:25:34.315000,429.3039822904361,100
2024-09-20 13:25:34.381000,429.3077645716515,7
2024-09-20 13:25:34.411000,429.26312061913,995
2024-09-20 13:25:34.415000,429.2937948901607,104
2024-09-20 13:25:34.417000,429.269428771278,9
2024-09-20 13:25:34.435000,429.24972000419245,997
2024-09-20 13:25:34.545000,429.2808404144109,100
2024-09-20 13:25:34.563000,429.2716381701312,99
2024-09-20 13:25:34.569000,429.25971341810975,102
2024-09-20 13:25:34.586000,429.249876068578,14
2024-09-20 13:25:34.587000,429.2717527596569,12
2024-09-20 13:25:34.602000,429.2583799744055,7
2024-09-20 13:25:34.628000,429.2819100313448,998
2024-09-20 13:25:34.641000,429.25430064316913,1003
2024-09-20 13:25:34.645000,429.28432564746726,95
2024-09-20 13:25:34.666000,429.28561267242816,6
2024-09-20 13:25:34.701000,429.31011316385656,101
2024-09-20 13:25:34.702000,429.2628908308371,1005
2024-09-20 13:25:34.727000,429.25903570593056,102
2024-09-20 13:25:34.763000,429.2948473923988,11
2024-09-20 13:25:34.838000,429.27189247674585,100
2024-09-20 13:25:34.839000,429.26088292317417,8
2024-09-20 13:25:34.976000,429.26489256614855,95
2024-09-20 13:25:35.096000,429.28603377515975,14
2024-09-20 13:25:35.140000,429.27350229133725,1004
2024-09-20 13:25:35.140000,429.2716527219964,996
2024-09-20 13:25:35.190000,429.2767385130888,95
2024-09-20 13:25:35.232000,429.2781921346342,105
2024-09-20 13:25:35.313000,429.272864237541,100
2024-09-20 13:25:35.350000,429.2984162889153,13
2024-09-20 13:25:35.351000,429.2708994545661,100
2024-09-20 13:25:35.540000,429.281636479632,12
2024-09-20 13:25:35.584000,429.3059711033882,102
2024-09-20 13:25:35.747000,429.27557514800304,9
2024-09-20 13:25:35.774000,429.2685546407444,6
2024-09-20 13:25:35.803000,429.2600562176176,102
2024-09-20 13:25:35.926000,429.2820954683104,98
2024-09-20 13:25:35.962000,429.2653757193871,100
2024-09-20 13:25:36.053000,429.2497427930519,10
2024-09-20 13:25:36.163000,429.23036072751,98
2024-09-20 13:25:36.247000,429.1570262400003,12
2024-09-20 13:25:36.322000,429.2560624456895,996
2024-09-20 13:25:36.369000,429.1623353657329,96
2024-09-20 13:25:36.465000,429.1684106190263,8
2024-09-20 13:25:36.516000,429.1795174818435,99
2024-09-20 13:25:36.517000,429.20222372775066,15
2024-09-20 13:25:36.731000,429.1564733200119,999
2024-09-20 13:25:36.876000,429.16184630350057,995
2024-09-20 13:25:36.902000,429.1624059152438,1004
2024-09-20 13:25:36.903000,429.2377029280142,95
2024-09-20 13:25:36.904000,429.2449200073161,97
2024-09-20 13:25:36.908000,429.2586303878533,95
2024-09-20 13:25:36.924000,429.1628332436952,6
2024-09-20 13:25:37,429.1475040328533,999
2024-09-20 13:25:37.010000,429.13967618432514,9
2024-09-20 13:25:37.021000,429.1415324341354,1000
2024-09-20 13:25:37.052000,429.05262274919625,1004
2024-09-20 13:25:37.239000,429.1782907734029,997
2024-09-20 13:25:37.278000,429.1053543497929,998
2024-09-20 13:25:37.294000,429.0718570726432,1004
2024-09-20 13:25:37.320000,429.1612893872698,5
2024-09-20 13:25:37.414000,429.1035467040765,996
2024-09-20 13:25:37.452000,429.0530778405556,997
2024-09-20 13:25:37.471000,429.0518834101893,5
2024-09-20 13:25:37.477000,429.07074747517566,95
2024-09-20 13:25:37.538000,429.08692806212497,1005
2024-09-20 13:25:37.597000,429.0788883675867,11
2024-09-20 13:25:37.598000,429.0229198448547,1005
2024-09-20 13:25:37.611000,429.153618368564,99
2024-09-20 13:25:37.632000,429.1646494139838,6
2024-09-20 13:25:37.643000,429.0895484255012,1003
2024-09-20 13:25:37.703000,429.0909875146335,1003
2024-09-20 13:25:37.706000,429.123674055299,995
2024-09-20 13:25:37.787000,429.1549239617996,996
2024-09-20 13:25:37.831000,429.06632337613286,999
2024-09-20 13:25:37.847000,429.1606017083588,14
2024-09-20 13:25:37.866000,429.0416353413972,995
2024-09-20 13:25:37.894000,429.0352889400684,12
2024-09-20 13:25:37.922000,429.18091452110514,95
2024-09-20 13:25:38.099000,429.0901833744459,98
2024-09-20 13:25:38.106000,429.09747771095135,1001
2024-09-20 13:25:38.180000,429.0891401011427,999
2024-09-20 13:25:38.215000,429.1143206963777,101
2024-09-20 13:25:38.223000,429.1155927386391,9
2024-09-20 13:25:38.261000,429.0651412731749,97
2024-09-20 13:25:38.267000,429.0899264424563,12
2024-09-20 13:25:38.289000,429.07447230600576,997
2024-09-20 13:25:38.359000,429.082353261067,1000
2024-09-20 13:25:38.483000,429.0890094056648,5
2024-09-20 13:25:38.495000,429.0548474017288,1002
2024-09-20 13:25:38.511000,429.101074828611,996
2024-09-20 13:25:38.603000,429.0807040827078,103
2024-09-20 13:25:38.618000,429.0795056293079,8
2024-09-20 13:25:38.707000,429.0744301026271,1005
2024-09-20 13:25:38.731000,429.0571767568508,13
2024-09-20 13:25:38.852000,429.0643172234044,97
2024-09-20 13:25:38.918000,429.0589404225138,96
2024-09-20 13:25:38.923000,429.1011522531839,999
2024-09-20 13:25:38.964000,429.1026328830684,1000
2024-09-20 13:25:39.166000,429.0770126790952,999
2024-09-20 13:25:39.962000,429.0805126944293,104
2024-09-20 13:25:40.136000,429.0888456157472,102
2024-09-20 13:25:40.223000,429.11663672473577,1003
2024-09-20 13:25:40.334000,429.1035385081991,10
2024-09-20 13:25:40.428000,429.0961361145312,102
2024-09-20 13:25:40.512000,429.1147542372486,99
2024-09-20 13:25:40.525000,429.0355717885758,7
2024-09-20 13:25:40.575000,429.0594606326608,1001
2024-09-20 13:25:40.628000,429.0908584066622,5
2024-09-20 13:25:40.655000,429.08039036419245,99
2024-09-20 13:25:40.765000,429.0751835073728,98
2024-09-20 13:25:40.777000,429.04586466454674,14
2024-09-20 13:25:40.854000,429.0987112934312,96
2024-09-20 13:25:40.921000,429.0709576310452,13
2024-09-20 13:25:40.956000,429.1071687202007,998
2024-09-20 13:25:40.963000,429.0634922478538,995
2024-09-20 13:25:40.967000,429.0841988720047,101
2024-09-20 13:25:41.062000,429.0650009495249,996
2024-09-20 13:25:41.110000,429.08975334907257,5
2024-09-20 13:25:41.115000,429.0313762327874,15
2024-09-20 13:25:41.138000,429.05154748664864,13
2024-09-20 13:25:41.173000,429.0516802840562,1005
2024-09-20 13:25:41.197000,429.0923706939334,995
2024-09-20 13:25:41.251000,429.0816972838479,101
2024-09-20 13:25:41.290000,429.039881780565,7
2024-09-20 13:25:41.338000,429.06255131645406,13
2024-09-20 13:25:41.340000,429.0471172138501,1002
2024-09-20 13:25:41.418000,429.069049318076,999
2024-09-20 13:25:41.443000,429.0777134807222,100
2024-09-20 13:25:41.450000,429.05813167687546,5
2024-09-20 13:25:41.468000,429.039586769894,13
2024-09-20 13:25:41.475000,429.0484452976907,7
2024-09-20 13:25:41.507000,429.0683166847353,100
2024-09-20 13:25:41.638000,429.0288889168844,999
2024-09-20 13:25:41.702000,429.0720292556663,995
2024-09-20 13:25:41.713000,429.0477899231741,14
2024-09-20 13:25:41.718000,429.063994444996,103
2024-09-20 13:25:41.758000,429.0877125877586,97
2024-09-20 13:25:41.851000,429.0700835266277,996
2024-09-20 13:25:41.902000,429.0837712332859,13
2024-09-20 13:25:41.965000,429.0722786935271,104
2024-09-20 13:25:41.993000,429.0549943600032,14
2024-09-20 13:25:42.064000,429.12097463525,15
2024-09-20 13:25:42.303000,429.1290445934385,1004
2024-09-20 13:25:42.350000,429.10753353943136,6
2024-09-20 13:25:42.370000,429.0884250604645,97
2024-09-20 13:25:42.412000,429.09921215162245,104
2024-09-20 13:25:42.457000,429.0938555252137,999
2024-09-20 13:25:42.508000,429.1048135373951,102
2024-09-20 13:25:42.569000,429.07028211854686,6
2024-09-20 13:25:42.572000,429.0444991827294,12
2024-09-20 13:25:42.648000,429.0556650012797,95
2024-09-20 13:25:42.737000,429.1438244421008,1002
2024-09-20 13:25:42.811000,429.0986247684051,996
2024-09-20 13:25:42.840000,429.0570458475868,104
2024-09-20 13:25:42.842000,429.0506685719625,6
2024-09-20 13:25:42.982000,429.0666340718298,999
2024-09-20 13:25:42.999000,429.0617153284037,1001
2024-09-20 13:25:43.079000,429.1379735163765,1002
2024-09-20 13:25:43.085000,429.0958659588942,996
2024-09-20 13:25:43.171000,429.10083271592646,1000
2024-09-20 13:25:43.178000,429.03956516736224,101
2024-09-20 13:25:43.322000,429.0708739339038,6
2024-09-20 13:25:43.361000,429.1212168570909,96
2024-09-20 13:25:43.440000,429.1287101904812,1005
2024-09-20 13:25:43.443000,429.0987850070324,7
2024-09-20 13:25:43.463000,429.1309638793159,13
2024-09-20 13:25:43.482000,429.13376816675753,1003
2024-09-20 13:25:43.574000,429.1309431636977,95
2024-09-20 13:25:43.609000,429.0554388936419,10
2024-09-20 13:25:43.612000,429.1192614961592,1001
2024-09-20 13:25:43.630000,429.0992859567572,103
2024-09-20 13:25:43.727000,429.10222451636895,7
2024-09-20 13:25:43.817000,429.0917302159561,996
2024-09-20 13:25:43.821000,429.03130515442615,1004
2024-09-20 13:25:43.995000,429.1233424770479,11
2024-09-20 13:25:44.075000,429.0701006649055,99
2024-09-20 13:25:44.236000,429.06501494171147,97
2024-09-20 13:25:44.245000,429.0416604908691,105
2024-09-20 13:25:44.266000,429.038244506492,100
2024-09-20 13:25:44.285000,429.0571591492218,1001
2024-09-20 13:25:44.343000,429.04503317373474,13
2024-09-20 13:25:44.371000,429.0327413389583,95
2024-09-20 13:25:44.399000,429.040890527135,100
2024-09-20 13:25:44.465000,429.0685372811929,95
2024-09-20 13:25:44.486000,429.037031840918,104
2024-09-20 13:25:44.529000,429.05005195892886,999
2024-09-20 13:25:44.548000,429.0628860949863,97
2024-09-20 13:25:44.602000,429.0863074197841,997
2024-09-20 13:25:44.734000,429.0744712815095,103
2024-09-20 13:25:44.875000,429.0444309071874,9
2024-09-20 13:25:44.882000,429.024499248022,998
2024-09-20 13:25:44.942000,429.0725665433597,1003
2024-09-20 13:25:44.974000,429.0432506190315,14
2024-09-20 13:25:44.987000,429.0645241495625,1000
2024-09-20 13:25:45.248000,429.024220589971,1001
2024-09-20 13:25:45.340000,429.0518684019675,998
2024-09-20 13:25:45.399000,429.02136490638105,95
2024-09-20 13:25:45.593000,429.0344636218469,7
2024-09-20 13:25:45.609000,429.031874618,1004
2024-09-20 13:25:45.670000,429.041015013327,11
2024-09-20 13:25:46.012000,428.9921748032534,1004
2024-09-20 13:25:46.019000,428.96919793267386,97
2024-09-20 13:25:46.070000,428.91522785738016,96
2024-09-20 13:25:46.208000,428.9990378898717,12
2024-09-20 13:25:46.221000,428.9627431294229,1004
2024-09-20 13:25:46.229000,428.95151454637306,1005
2024-09-20 13:25:46.264000,428.936949045834,105
2024-09-20 13:25:46.273000,428.9959363366846,95
2024-09-20 13:25:46.304000,429.0177647252051,11
2024-09-20 13:25:46.367000,428.9193599941993,997
2024-09-20 13:25:46.401000,428.9838360737944,995
2024-09-20 13:25:46.453000,428.9367605531117,8
2024-09-20 13:25:46.497000,428.9388618536572,14
2024-09-20 13:25:46.502000,428.9781307692868,1003
2024-09-20 13:25:46.505000,428.95536129197177,105
2024-09-20 13:25:46.557000,428.9872419935052,9
2024-09-20 13:25:46.606000,429.0048330739457,998
2024-09-20 13:25:46.735000,429.0028949618826,8
2024-09-20 13:25:46.746000,428.9873809708392,100
2024-09-20 13:25:46.755000,428.9916499380394,13
2024-09-20 13:25:46.789000,428.9683778944527,999
2024-09-20 13:25:46.832000,429.0096248573619,996
2024-09-20 13:25:46.975000,428.96120907935233,995
2024-09-20 13:25:46.997000,428.9327921523546,102
2024-09-20 13:25:47.004000,429.00070936795737,5
2024-09-20 13:25:47.071000,428.9798573136457,104
2024-09-20 13:25:47.103000,429.0153696339455,999
2024-09-20 13:25:47.115000,428.981624470207,1005
2024-09-20 13:25:47.120000,429.0032794330367,6
2024-09-20 13:25:47.151000,429.0146474043421,998
2024-09-20 13:25:47.155000,428.9842214014902,15
2024-09-20 13:25:47.157000,428.9610548457009,95
2024-09-20 13:25:47.239000,428.9790634828127,1003
2024-09-20 13:25:47.254000,429.0167105493174,996
2024-09-20 13:25:47.286000,429.0028281454008,105
2024-09-20 13:25:47.314000,429.0037365511631,9
2024-09-20 13:25:47.370000,428.9819146131362,9
2024-09-20 13:25:47.434000,429.0018909827578,100
2024-09-20 13:25:47.466000,429.0036366656229,6
2024-09-20 13:25:47.544000,428.9897023221056,103
2024-09-20 13:25:47.563000,429.0171025702416,1005
2024-09-20 13:25:47.568000,428.9855635270041,103
2024-09-20 13:25:47.642000,429.0409968305184,996
2024-09-20 13:25:47.646000,429.0131422247819,12
2024-09-20 13:25:47.705000,428.9791347165514,5
2024-09-20 13:25:47.741000,428.9741741321515,12
2024-09-20 13:25:47.800000,429.0108599783032,98
2024-09-20 13:25:47.809000,429.01794144272753,98
2024-09-20 13:25:47.873000,429.012355203394,103
2024-09-20 13:25:47.874000,428.9824430149253,103
2024-09-20 13:25:47.884000,429.0020222703424,13
2024-09-20 13:25:47.981000,428.9603839758794,997
2024-09-20 13:25:48.194000,429.0053472859683,8
2024-09-20 13:25:48.615000,429.0090403052876,1005
2024-09-20 13:25:48.703000,429.0353988937495,998
2024-09-20 13:25:48.723000,429.00222724149313,1005
2024-09-20 13:25:48.790000,429.0271836454035,1002
2024-09-20 13:25:48.882000,429.0168155464492,103
2024-09-20 13:25:48.967000,429.0154199196692,103
2024-09-20 13:25:49.004000,429.0022716831336,1002
2024-09-20 13:25:49.122000,428.99593499697016,96
2024-09-20 13:25:49.141000,429.0244389078064,97
2024-09-20 13:25:49.165000,429.01053342689454,8
2024-09-20 13:25:49.224000,429.0188353062925,12
2024-09-20 13:25:49.247000,429.027319213899,1005
2024-09-20 13:25:49.341000,429.013049320816,12
2024-09-20 13:25:49.532000,429.0301024300852,1003
2024-09-20 13:25:49.578000,429.0087541132289,10
2024-09-20 13:25:49.650000,429.0118867987778,100
2024-09-20 13:25:49.692000,429.0040482936057,997
2024-09-20 13:25:49.741000,429.03224204138377,99
2024-09-20 13:25:49.948000,429.0198684171865,1000
2024-09-20 13:25:49.962000,429.0186432670183,999
2024-09-20 13:25:49.963000,429.0323241081068,101
2024-09-20 13:25:49.976000,429.0194150406513,98
2024-09-20 13:25:50.057000,429.016024433372,9
2024-09-20 13:25:50.109000,428.9914443179616,15
2024-09-20 13:25:50.439000,428.9915081248207,10
2024-09-20 13:25:50.508000,428.9931486627055,1001
2024-09-20 13:25:50.587000,428.99386184162665,998
2024-09-20 13:25:50.771000,429.0033077143512,15
2024-09-20 13:25:52.076000,429.0127598166867,102
2024-09-20 13:25:52.087000,429.0155382699658,996
2024-09-20 13:25:52.269000,429.0125879171539,98
2024-09-20 13:25:52.309000,429.0243876598689,97
2024-09-20 13:25:52.350000,429.0086310308714,102
2024-09-20 13:25:52.368000,429.0164995403995,11
2024-09-20 13:25:52.469000,429.0101255633018,6
2024-09-20 13:25:52.518000,428.9963603361954,7
2024-09-20 13:25:52.602000,429.02038768246433,98
2024-09-20 13:25:52.701000,429.0037652887648,103
2024-09-20 13:25:52.749000,429.00815468053486,1003
2024-09-20 13:25:52.811000,429.0164777039555,1002
2024-09-20 13:25:52.880000,429.0294291075533,104
2024-09-20 13:25:52.925000,429.00965469438165,96
2024-09-20 13:25:52.941000,429.0055531011591,97
2024-09-20 13:25:53.001000,428.910589973602,1004
2024-09-20 13:25:53.072000,428.93831553910695,104
2024-09-20 13:25:53.082000,428.93355539126793,101
2024-09-20 13:25:53.088000,428.9487667583729,11
2024-09-20 13:25:53.146000,428.9198802123961,1000
2024-09-20 13:25:53.147000,428.9288930243482,7
2024-09-20 13:25:53.190000,428.9459565099751,101
2024-09-20 13:25:53.276000,428.9307465606223,1000
2024-09-20 13:25:53.314000,428.9749000375835,96
2024-09-20 13:25:53.428000,428.9083818119462,1001
2024-09-20 13:25:53.641000,428.96251818971785,10
2024-09-20 13:25:53.665000,428.92369470279823,8
2024-09-20 13:25:53.752000,428.9511274630471,13
2024-09-20 13:25:53.830000,428.9158002660194,1000
2024-09-20 13:25:53.841000,428.9943716916394,11
2024-09-20 13:25:53.917000,428.9426601859731,102
2024-09-20 13:25:53.967000,428.9127763900648,1001
2024-09-20 13:25:54.006000,428.89000805934455,8
2024-09-20 13:25:54.009000,428.800384581632,104
2024-09-20 13:25:54.108000,428.8514726901127,1001
2024-09-20 13:25:54.169000,428.8765717417911,99
2024-09-20 13:25:54.224000,428.78903647977234,10
2024-09-20 13:25:54.231000,428.7767555717395,1002
2024-09-20 13:25:54.304000,428.7636603734067,6
2024-09-20 13:25:54.350000,428.8650584746208,10
2024-09-20 13:25:54.381000,428.77099378554215,12
2024-09-20 13:25:54.385000,428.8761238630803,103
2024-09-20 13:25:54.391000,428.85944572778527,1001
2024-09-20 13:25:54.439000,428.7705565850415,98
2024-09-20 13:25:54.461000,428.8092484589339,1002
2024-09-20 13:25:54.499000,428.8923012120776,995
2024-09-20 13:25:54.526000,428.7674396235087,101
2024-09-20 13:25:54.604000,428.7669856648668,104
2024-09-20 13:25:54.685000,428.88529623734,13
2024-09-20 13:25:54.690000,428.8504309679969,997
2024-09-20 13:25:54.771000,428.8304048289856,100
2024-09-20 13:25:54.813000,428.9154909261369,6
2024-09-20 13:25:54.840000,428.79801975385686,9
2024-09-20 13:25:54.846000,428.8149590324152,98
2024-09-20 13:25:54.972000,428.8712458230048,99
2024-09-20 13:25:55.107000,428.8686260804892,96
2024-09-20 13:25:55.156000,428.82337628390513,14
2024-09-20 13:25:55.176000,428.8641198049591,10
2024-09-20 13:25:55.181000,428.8360233327098,95
2024-09-20 13:25:55.190000,428.881942267104,9
2024-09-20 13:25:55.198000,428.81826585738736,8
2024-09-20 13:25:55.214000,428.8929318968293,1000
2024-09-20 13:25:55.279000,428.8061721209244,1000
2024-09-20 13:25:55.353000,428.84065617710166,95
2024-09-20 13:25:55.421000,428.8835577288896,95
2024-09-20 13:25:55.456000,428.8539463421517,12
2024-09-20 13:25:55.535000,428.8995455554405,1001
2024-09-20 13:25:55.586000,428.8761195276224,1002
2024-09-20 13:25:55.596000,428.8821096638384,7
2024-09-20 13:25:55.597000,428.80134890478735,103
2024-09-20 13:25:55.633000,428.814503209437,13
2024-09-20 13:25:55.691000,428.8245178905929,7
2024-09-20 13:25:55.702000,428.8433296636129,96
2024-09-20 13:25:55.710000,428.8221705818818,105
2024-09-20 13:25:55.714000,428.81862412179794,12
2024-09-20 13:25:55.724000,428.8781151927541,997
2024-09-20 13:25:55.799000,428.8719256034393,9
2024-09-20 13:25:55.803000,428.8176712274049,996
2024-09-20 13:25:55.814000,428.8223360466029,1000
2024-09-20 13:25:55.869000,428.8087178992096,8
2024-09-20 13:25:56.464000,428.8880133374977,1003
2024-09-20 13:25:56.485000,428.9097706233576,101
2024-09-20 13:25:56.517000,428.8889943446426,1005
2024-09-20 13:25:56.706000,428.9001476434516,1002
2024-09-20 13:25:56.715000,428.894801835492,7
2024-09-20 13:25:56.726000,428.906136796952,7
2024-09-20 13:25:57.003000,428.873778384132,103
2024-09-20 13:25:57.009000,428.8721688317267,995
2024-09-20 13:25:57.023000,428.87814687245873,95
2024-09-20 13:25:57.035000,428.8710514170244,1001
2024-09-20 13:25:57.043000,428.8788091990134,98
2024-09-20 13:25:57.070000,428.8636506365505,997
2024-09-20 13:25:57.084000,428.8709230594344,11
2024-09-20 13:25:57.123000,428.8855253565116,999
2024-09-20 13:25:57.125000,428.8769349884424,998
2024-09-20 13:25:57.131000,428.89760153330553,14
2024-09-20 13:25:57.169000,428.8780211669855,101
2024-09-20 13:25:57.170000,428.8813656011805,7
2024-09-20 13:25:57.198000,428.8718011608088,96
2024-09-20 13:25:57.224000,428.8805634923946,996
2024-09-20 13:25:57.226000,428.8821607261176,15
2024-09-20 13:25:57.245000,428.8865317061476,999
2024-09-20 13:25:57.323000,428.8891328909111,9
2024-09-20 13:25:57.348000,428.8777211293228,1002
2024-09-20 13:25:57.371000,428.85571752813496,95
2024-09-20 13:25:57.414000,428.87936039571446,14
2024-09-20 13:25:57.478000,428.8725576157677,1001
2024-09-20 13:25:57.521000,428.8861733549426,6
2024-09-20 13:25:57.592000,428.8676589356847,14
2024-09-20 13:25:57.699000,428.8969165741708,99
2024-09-20 13:25:57.709000,428.8762910712148,105
2024-09-20 13:25:57.848000,428.8819996980385,103
2024-09-20 13:25:57.891000,428.8760282248426,96
2024-09-20 13:25:57.931000,428.8548461452497,12
2024-09-20 13:25:57.933000,428.8864513439679,999
2024-09-20 13:25:58.170000,428.8782106498748,9
2024-09-20 13:25:58.385000,428.8557371592959,6
2024-09-20 13:25:58.504000,428.87020315800055,101
2024-09-20 13:25:58.626000,428.8422756237837,999
2024-09-20 13:25:58.855000,428.8742933936508,997
2024-09-20 13:25:58.909000,428.8585487545554,1005
2024-09-20 13:25:59.043000,428.8795636938506,1002
2024-09-20 13:25:59.046000,428.8081378156183,11
2024-09-20 13:25:59.072000,428.8332255775628,1005
2024-09-20 13:25:59.160000,428.8368722204239,996
2024-09-20 13:25:59.176000,428.799737818832,104
2024-09-20 13:25:59.225000,428.8055818522089,996
2024-09-20 13:25:59.269000,428.8255811133521,96
2024-09-20 13:25:59.274000,428.8139757721544,98
2024-09-20 13:25:59.296000,428.87357870109895,14
2024-09-20 13:25:59.379000,428.83544993646615,996
2024-09-20 13:25:59.433000,428.7798553732624,104
2024-09-20 13:25:59.441000,428.82868434949546,99
2024-09-20 13:25:59.490000,428.7751267422819,999
2024-09-20 13:25:59.503000,428.7765184093684,13
2024-09-20 13:25:59.544000,428.8260896505279,999
2024-09-20 13:25:59.556000,428.7881548681247,12
2024-09-20 13:25:59.566000,428.8273270386934,1003
2024-09-20 13:25:59.580000,428.879945951642,97
2024-09-20 13:25:59.686000,428.8320681438444,5
2024-09-20 13:25:59.705000,428.7956261091388,98
2024-09-20 13:25:59.824000,428.8644173413397,10
2024-09-20 13:25:59.824000,428.7812389876447,96
2024-09-20 13:25:59.865000,428.8160672398207,102
2024-09-20 13:25:59.875000,428.8405260763864,6
2024-09-20 13:25:59.891000,428.8384805684422,101
2024-09-20 13:25:59.900000,428.818567455704,1000
