Timestamp,Price,Size
2024-09-16 15:52:00.162000,414.0462878327141,95
2024-09-16 15:52:00.290000,414.0577565346799,100
2024-09-16 15:52:00.423000,414.04299364989095,997
2024-09-16 15:52:00.485000,414.0689529200495,6
2024-09-16 15:52:00.527000,414.0524904731649,104
2024-09-16 15:52:00.535000,414.0335300336284,103
2024-09-16 15:52:00.586000,414.05866099346144,100
2024-09-16 15:52:00.725000,414.0539065440915,997
2024-09-16 15:52:00.726000,414.06003954343737,1001
2024-09-16 15:52:00.729000,414.02074910957896,12
2024-09-16 15:52:00.791000,414.034450135256,998
2024-09-16 15:52:00.819000,414.0673319008061,13
2024-09-16 15:52:01.158000,417.9874417201183,1005
2024-09-16 15:52:01.340000,414.0555343497462,9
2024-09-16 15:52:01.759000,414.07856508993785,1000
2024-09-16 15:52:01.817000,414.0702793633761,14
2024-09-16 15:52:01.913000,414.066290668682,12
2024-09-16 15:52:02.001000,414.0779674316376,1003
2024-09-16 15:52:02.081000,414.0898065168127,97
2024-09-16 15:52:02.105000,414.0839719602074,95
2024-09-16 15:52:02.396000,414.0717660343757,1004
2024-09-16 15:52:02.454000,414.1004015048635,999
2024-09-16 15:52:02.465000,414.0512126587207,101
2024-09-16 15:52:02.480000,414.0474126186705,1003
2024-09-16 15:52:02.536000,414.0540115016588,9
2024-09-16 15:52:02.598000,414.07494182360585,13
2024-09-16 15:52:02.754000,414.0809887353426,99
2024-09-16 15:52:02.777000,414.0838978374567,100
2024-09-16 15:52:02.852000,414.0417277367399,100
2024-09-16 15:52:02.866000,414.0723989716061,15
2024-09-16 15:52:02.866000,414.0866450326545,98
2024-09-16 15:52:03.005000,414.1324990740752,96
2024-09-16 15:52:03.018000,414.0857042225391,100
2024-09-16 15:52:03.021000,414.1588387701267,5
2024-09-16 15:52:03.033000,414.1475706761648,1002
2024-09-16 15:52:03.034000,414.146011340826,1001
2024-09-16 15:52:03.070000,414.1107085180713,997
2024-09-16 15:52:03.187000,414.1201452856229,6
2024-09-16 15:52:03.231000,414.0932779970198,100
2024-09-16 15:52:03.247000,414.1256256615059,996
2024-09-16 15:52:03.258000,414.1030737797898,1000
2024-09-16 15:52:03.307000,414.1358401305552,104
2024-09-16 15:52:03.328000,414.14643033084656,103
2024-09-16 15:52:03.329000,414.14330995141967,95
2024-09-16 15:52:03.378000,414.0705717037869,1001
2024-09-16 15:52:03.420000,414.0712246119161,100
2024-09-16 15:52:03.487000,414.1372762284301,95
2024-09-16 15:52:03.523000,414.1298733309619,102
2024-09-16 15:52:03.662000,414.1391751091172,104
2024-09-16 15:52:03.680000,414.1289166550233,1002
2024-09-16 15:52:03.753000,414.1562394737357,996
2024-09-16 15:52:03.771000,414.1367278095572,10
2024-09-16 15:52:03.891000,414.12203625805535,12
2024-09-16 15:52:03.932000,414.0933790015548,98
2024-09-16 15:52:04.041000,414.1627425151202,11
2024-09-16 15:52:04.170000,414.1688296060105,999
2024-09-16 15:52:04.444000,414.1438814455354,999
2024-09-16 15:52:04.580000,414.14940345120016,996
2024-09-16 15:52:04.600000,414.1473272636645,10
2024-09-16 15:52:04.620000,414.1463385765867,9
2024-09-16 15:52:04.934000,414.1741081477947,999
2024-09-16 15:52:05.609000,414.1856659812452,1002
2024-09-16 15:52:05.808000,414.1820201416297,997
2024-09-16 15:52:05.899000,414.1772433492426,998
2024-09-16 15:52:05.908000,414.18395631012646,96
2024-09-16 15:52:05.946000,414.1707006523799,9
2024-09-16 15:52:05.999000,414.1774865360604,14
2024-09-16 15:52:06.025000,414.12497481527697,97
2024-09-16 15:52:06.084000,414.12624779906696,1003
2024-09-16 15:52:06.097000,414.08616068782266,103
2024-09-16 15:52:06.296000,414.11628428173657,13
2024-09-16 15:52:06.367000,414.13842358857977,13
2024-09-16 15:52:06.372000,414.1477609993195,995
2024-09-16 15:52:06.464000,414.1272525973722,14
2024-09-16 15:52:06.564000,414.121036434076,104
2024-09-16 15:52:06.657000,414.1210406032811,1003
2024-09-16 15:52:06.666000,414.121547798543,103
2024-09-16 15:52:06.786000,414.09183826302166,10
2024-09-16 15:52:06.952000,414.16211213310993,8
2024-09-16 15:52:07.038000,414.1095621921622,6
2024-09-16 15:52:07.057000,414.1076237754666,14
2024-09-16 15:52:07.106000,414.1047050824705,15
2024-09-16 15:52:07.146000,414.0981078123234,5
2024-09-16 15:52:07.506000,414.102616491865,97
2024-09-16 15:52:07.847000,414.10545433357294,99
2024-09-16 15:52:08.053000,414.1195485213475,12
2024-09-16 15:52:08.066000,414.08114491895,5
2024-09-16 15:52:08.097000,414.1068507251669,97
2024-09-16 15:52:08.215000,414.1056007115094,103
2024-09-16 15:52:08.258000,414.1022909558819,10
2024-09-16 15:52:08.294000,414.12072890331655,1001
2024-09-16 15:52:08.381000,414.06954761319,98
2024-09-16 15:52:08.430000,414.1190852596816,100
2024-09-16 15:52:08.520000,414.09314488667,12
2024-09-16 15:52:08.527000,414.06451471849385,98
2024-09-16 15:52:08.540000,414.1123978358535,1000
2024-09-16 15:52:08.548000,414.0644025679295,9
2024-09-16 15:52:08.651000,414.0596894922797,101
2024-09-16 15:52:08.667000,414.0952128472269,13
2024-09-16 15:52:08.755000,414.12514129137867,96
2024-09-16 15:52:08.822000,414.1312276836896,998
2024-09-16 15:52:08.826000,414.1178643965556,1003
2024-09-16 15:52:08.891000,414.10879260732816,997
2024-09-16 15:52:08.892000,414.1056266071436,105
2024-09-16 15:52:08.962000,414.0742316554104,1002
2024-09-16 15:52:08.999000,414.0830480318392,1005
2024-09-16 15:52:09.038000,414.068518377868,101
2024-09-16 15:52:09.071000,414.0222422157183,96
2024-09-16 15:52:09.501000,414.0189646577976,97
2024-09-16 15:52:09.602000,414.0459094363369,6
2024-09-16 15:52:09.894000,414.0206154319503,12
2024-09-16 15:52:09.983000,414.0312497736952,105
2024-09-16 15:52:10.059000,413.99683012708255,97
2024-09-16 15:52:10.107000,413.99304868341176,95
2024-09-16 15:52:10.151000,414.0093162294182,102
2024-09-16 15:52:10.229000,413.97211824623486,98
2024-09-16 15:52:10.268000,413.97997227861816,997
2024-09-16 15:52:10.272000,413.98160166822674,104
2024-09-16 15:52:10.289000,413.9810364526928,5
2024-09-16 15:52:10.360000,413.983427646621,7
2024-09-16 15:52:10.365000,413.9570890035411,104
2024-09-16 15:52:10.396000,413.96581074886194,1004
2024-09-16 15:52:10.425000,413.9725975486152,8
2024-09-16 15:52:10.507000,413.965860954516,11
2024-09-16 15:52:10.638000,413.9901896478805,998
2024-09-16 15:52:10.651000,413.9987988057353,999
2024-09-16 15:52:10.739000,413.9813175732678,12
2024-09-16 15:52:10.758000,413.9792776120083,1003
2024-09-16 15:52:10.786000,413.98574025398864,102
2024-09-16 15:52:10.807000,413.9782694637984,14
2024-09-16 15:52:10.829000,413.9691771422106,9
2024-09-16 15:52:10.924000,413.9856376798807,1002
2024-09-16 15:52:10.928000,414.0019878927856,1001
2024-09-16 15:52:10.964000,413.9634235612246,96
2024-09-16 15:52:11,413.94077081402673,11
2024-09-16 15:52:11.048000,413.9685192722003,104
2024-09-16 15:52:11.076000,413.9777925269199,102
2024-09-16 15:52:11.124000,413.98504713769546,103
2024-09-16 15:52:11.153000,413.9462853335508,996
2024-09-16 15:52:11.189000,413.9606663693983,1002
2024-09-16 15:52:11.352000,413.9678557997766,1005
2024-09-16 15:52:11.361000,413.94372575102045,1004
2024-09-16 15:52:11.399000,413.9435678544505,10
2024-09-16 15:52:11.433000,413.9417213100499,98
2024-09-16 15:52:11.483000,413.9346463674845,8
2024-09-16 15:52:11.528000,413.951624669669,105
2024-09-16 15:52:11.589000,413.9739469505322,8
2024-09-16 15:52:11.667000,413.93870927316937,1002
2024-09-16 15:52:11.687000,413.9388224328295,14
2024-09-16 15:52:11.726000,413.967479433926,105
2024-09-16 15:52:11.745000,413.9663522176841,8
2024-09-16 15:52:11.748000,413.9642867313023,96
2024-09-16 15:52:11.756000,413.9411990485589,7
2024-09-16 15:52:11.782000,418.0456318661972,9
2024-09-16 15:52:11.785000,413.9756529281137,98
2024-09-16 15:52:11.804000,413.97680263670026,102
2024-09-16 15:52:11.854000,413.9513279570976,999
2024-09-16 15:52:11.873000,413.9889056575668,13
2024-09-16 15:52:12.034000,413.9009617438979,7
2024-09-16 15:52:12.116000,413.9416170098063,11
2024-09-16 15:52:12.125000,413.80874647417846,104
2024-09-16 15:52:12.134000,413.8381776868783,98
2024-09-16 15:52:12.142000,413.9564914215427,100
2024-09-16 15:52:12.183000,413.94945202324055,10
2024-09-16 15:52:12.235000,413.9447003330563,9
2024-09-16 15:52:12.243000,413.8206117275613,15
2024-09-16 15:52:12.269000,413.926455095943,103
2024-09-16 15:52:12.353000,413.8297680969167,10
2024-09-16 15:52:12.421000,413.85657419015087,100
2024-09-16 15:52:12.436000,413.9360106229844,9
2024-09-16 15:52:12.516000,413.8974533044933,10
2024-09-16 15:52:12.525000,413.9427820167586,103
2024-09-16 15:52:12.530000,413.8284395679699,102
2024-09-16 15:52:12.552000,413.8679588894101,10
2024-09-16 15:52:12.579000,413.92347246743566,1001
2024-09-16 15:52:12.589000,413.9374997076125,5
2024-09-16 15:52:12.593000,413.919499848431,12
2024-09-16 15:52:12.688000,413.831404579838,10
2024-09-16 15:52:12.822000,413.9403165241485,97
2024-09-16 15:52:12.834000,413.940035582089,15
2024-09-16 15:52:12.836000,413.94480482965565,10
2024-09-16 15:52:12.844000,413.9478181262988,10
2024-09-16 15:52:12.855000,413.8974579837286,11
2024-09-16 15:52:12.926000,413.9337662870112,10
2024-09-16 15:52:12.960000,413.877591889196,105
2024-09-16 15:52:12.977000,413.8799612663481,996
2024-09-16 15:52:13.151000,413.8229540616008,997
2024-09-16 15:52:13.155000,413.82505329561815,999
2024-09-16 15:52:13.177000,413.80467549061393,1000
2024-09-16 15:52:13.195000,413.81607272693367,96
2024-09-16 15:52:13.288000,413.82096948003743,9
2024-09-16 15:52:13.301000,413.8180145593087,101
2024-09-16 15:52:13.412000,413.84414417513534,15
2024-09-16 15:52:13.461000,413.8345305198772,101
2024-09-16 15:52:13.479000,413.8008640149584,1005
2024-09-16 15:52:13.605000,413.7920261966617,1004
2024-09-16 15:52:13.637000,413.79650747588767,1003
2024-09-16 15:52:13.733000,413.8261011046679,15
2024-09-16 15:52:13.747000,413.8486813982831,12
2024-09-16 15:52:13.869000,413.8402281916971,96
2024-09-16 15:52:13.875000,413.84671927683536,7
2024-09-16 15:52:13.929000,413.8462287229482,6
2024-09-16 15:52:14.061000,413.8866447967347,104
2024-09-16 15:52:14.077000,413.8935800772742,6
2024-09-16 15:52:14.089000,413.8802093891616,1005
2024-09-16 15:52:14.195000,413.8823562074478,1001
2024-09-16 15:52:14.235000,413.8929081209367,102
2024-09-16 15:52:14.249000,413.8904195421662,1000
2024-09-16 15:52:14.256000,413.84985502537535,104
2024-09-16 15:52:14.262000,413.8986557955332,12
2024-09-16 15:52:14.382000,413.869633322968,103
2024-09-16 15:52:14.402000,413.8716996837715,10
2024-09-16 15:52:14.460000,413.888088617028,103
2024-09-16 15:52:14.466000,413.8913432790849,1004
2024-09-16 15:52:14.511000,413.90413669773545,1004
2024-09-16 15:52:14.543000,413.8793642579699,995
2024-09-16 15:52:14.549000,413.9394651440889,99
2024-09-16 15:52:14.559000,413.9153885518514,105
2024-09-16 15:52:14.563000,413.9157685036208,6
2024-09-16 15:52:14.566000,413.88530530362567,999
2024-09-16 15:52:14.634000,413.8875467362701,98
2024-09-16 15:52:14.646000,413.8574376478033,104
2024-09-16 15:52:14.695000,413.89962062811327,10
2024-09-16 15:52:14.718000,413.9003345525197,96
2024-09-16 15:52:14.735000,413.8852938349678,995
2024-09-16 15:52:14.778000,413.8544714185614,999
2024-09-16 15:52:14.838000,413.8778641975312,97
2024-09-16 15:52:14.974000,413.9112185762546,6
2024-09-16 15:52:14.994000,413.8652477608557,10
2024-09-16 15:52:15.041000,413.87519754287786,99
2024-09-16 15:52:15.142000,413.87217440155206,10
2024-09-16 15:52:15.221000,413.8805298126666,11
2024-09-16 15:52:15.310000,413.9021389672956,13
2024-09-16 15:52:15.316000,413.8814847296127,96
2024-09-16 15:52:15.605000,413.8935444279714,95
2024-09-16 15:52:15.712000,413.8889415716908,98
2024-09-16 15:52:15.800000,413.8895223379355,8
2024-09-16 15:52:15.883000,413.8815291933511,1001
2024-09-16 15:52:16.020000,413.9267475927322,105
2024-09-16 15:52:16.086000,413.9245578269434,95
2024-09-16 15:52:16.133000,413.9647252501673,995
2024-09-16 15:52:16.164000,413.9692390188658,15
2024-09-16 15:52:16.227000,413.9366475373644,997
2024-09-16 15:52:16.257000,413.9864962597495,103
2024-09-16 15:52:16.341000,413.9698506141159,1005
2024-09-16 15:52:16.406000,413.91353500286647,6
2024-09-16 15:52:16.521000,413.9641764529893,13
2024-09-16 15:52:16.616000,413.9211465116518,103
2024-09-16 15:52:16.712000,413.9304643814656,14
2024-09-16 15:52:16.738000,413.9103579909805,99
2024-09-16 15:52:16.781000,413.96733351957664,997
2024-09-16 15:52:16.803000,413.9333862473124,1002
2024-09-16 15:52:16.855000,413.9744002334345,6
2024-09-16 15:52:16.933000,413.93285496620496,8
2024-09-16 15:52:16.994000,413.96315561846745,997
2024-09-16 15:52:17.075000,413.9386493682612,6
2024-09-16 15:52:17.154000,413.9385340870922,997
2024-09-16 15:52:17.291000,413.9493374866448,100
2024-09-16 15:52:17.334000,413.9139086157714,1004
2024-09-16 15:52:17.545000,413.9099838049288,997
2024-09-16 15:52:17.659000,413.9109821060876,1003
2024-09-16 15:52:17.676000,413.9671703027572,1001
2024-09-16 15:52:17.779000,413.9395329161669,999
2024-09-16 15:52:17.826000,413.90363345220936,105
2024-09-16 15:52:17.877000,413.9431627390305,995
2024-09-16 15:52:17.901000,413.9666091900864,995
2024-09-16 15:52:17.921000,413.95024593525886,999
2024-09-16 15:52:17.968000,413.9256541253914,998
2024-09-16 15:52:18.063000,413.9009825696016,11
2024-09-16 15:52:18.250000,413.8840190721299,104
2024-09-16 15:52:18.337000,413.8906938130706,10
2024-09-16 15:52:18.385000,413.919972603746,13
2024-09-16 15:52:18.461000,413.9057688017959,100
2024-09-16 15:52:18.473000,413.9077055176669,1004
2024-09-16 15:52:18.883000,413.9086906009438,100
2024-09-16 15:52:18.932000,413.92181496228767,6
2024-09-16 15:52:18.996000,413.8894215334975,105
2024-09-16 15:52:19.067000,413.9007016193816,15
2024-09-16 15:52:19.226000,413.85208414836734,101
2024-09-16 15:52:19.338000,417.9059329277644,5
2024-09-16 15:52:19.562000,413.87191084656257,104
2024-09-16 15:52:19.651000,413.8743971264123,100
2024-09-16 15:52:19.789000,413.8633594217607,995
2024-09-16 15:52:19.986000,413.87188038325513,99
2024-09-16 15:52:20.008000,413.9147427800313,103
2024-09-16 15:52:20.031000,413.9164934027165,102
2024-09-16 15:52:20.092000,413.8846135043305,101
2024-09-16 15:52:20.121000,413.92322487289806,11
2024-09-16 15:52:20.146000,413.9261649018829,1002
2024-09-16 15:52:20.149000,413.9177179437482,102
2024-09-16 15:52:20.204000,413.8895911634428,13
2024-09-16 15:52:20.213000,413.9203646186115,999
2024-09-16 15:52:20.221000,413.91637784375473,1003
2024-09-16 15:52:20.261000,413.8945392251098,995
2024-09-16 15:52:20.312000,413.8985632565461,1001
2024-09-16 15:52:20.313000,413.93203388916,1005
2024-09-16 15:52:20.383000,413.92422994818605,7
2024-09-16 15:52:20.421000,413.9210939875276,6
2024-09-16 15:52:20.492000,413.9366803131285,101
2024-09-16 15:52:20.528000,413.8894422092667,101
2024-09-16 15:52:20.556000,413.92237645228784,998
2024-09-16 15:52:20.578000,413.9147961932165,1000
2024-09-16 15:52:20.589000,413.9135924173205,1005
2024-09-16 15:52:20.704000,413.8995117883545,999
2024-09-16 15:52:20.756000,413.9306402582735,98
2024-09-16 15:52:20.816000,413.9020502021295,9
2024-09-16 15:52:20.819000,413.9421592946347,5
2024-09-16 15:52:20.842000,413.9205153590151,1002
2024-09-16 15:52:20.864000,413.90168774688937,1002
2024-09-16 15:52:20.892000,413.9119754477428,1002
2024-09-16 15:52:20.942000,413.93654078559695,999
2024-09-16 15:52:20.975000,413.9084375526625,1000
2024-09-16 15:52:21.155000,413.9341984795131,98
2024-09-16 15:52:21.156000,413.9328770859507,102
2024-09-16 15:52:21.264000,413.9142283875967,14
2024-09-16 15:52:21.273000,413.9592071508876,9
2024-09-16 15:52:21.285000,413.9582166062033,15
2024-09-16 15:52:21.367000,413.9708789060104,99
2024-09-16 15:52:21.416000,413.9213309985219,10
2024-09-16 15:52:21.449000,413.9335090546036,101
2024-09-16 15:52:21.455000,413.9178815034769,1005
2024-09-16 15:52:21.461000,413.9626434296551,11
2024-09-16 15:52:21.532000,413.9356434966673,103
2024-09-16 15:52:21.536000,413.9556962616677,13
2024-09-16 15:52:21.561000,413.937061307517,15
2024-09-16 15:52:21.576000,413.9605921942132,995
2024-09-16 15:52:21.608000,413.9597249685919,96
2024-09-16 15:52:21.651000,413.95019337038633,996
2024-09-16 15:52:21.708000,413.9475701474705,995
2024-09-16 15:52:21.716000,413.9685762507461,999
2024-09-16 15:52:21.735000,413.9239785841946,95
2024-09-16 15:52:21.761000,413.9781448618859,99
2024-09-16 15:52:21.804000,413.93636942136,5
2024-09-16 15:52:21.833000,413.9187683759949,15
2024-09-16 15:52:21.881000,413.92721683688393,7
2024-09-16 15:52:21.936000,413.9667608705183,100
2024-09-16 15:52:21.997000,413.945463949899,8
2024-09-16 15:52:22.024000,413.94209505397305,11
2024-09-16 15:52:22.362000,413.9447290858533,6
2024-09-16 15:52:22.368000,413.95315412708,999
2024-09-16 15:52:22.602000,413.94076609825606,1003
2024-09-16 15:52:22.695000,413.9394102300319,97
2024-09-16 15:52:22.795000,413.93264730085065,998
2024-09-16 15:52:23.035000,413.9495287450975,8
2024-09-16 15:52:23.429000,414.01436769281815,95
2024-09-16 15:52:23.505000,413.9544143859514,100
2024-09-16 15:52:23.517000,414.0241898987301,12
2024-09-16 15:52:23.844000,413.9858726214223,11
2024-09-16 15:52:24.102000,414.0188452855788,13
2024-09-16 15:52:24.160000,414.0307401940729,7
2024-09-16 15:52:24.404000,414.0199948873963,6
2024-09-16 15:52:24.853000,414.0150514603772,996
2024-09-16 15:52:26.031000,413.9911649712174,95
2024-09-16 15:52:26.180000,413.9945644132634,98
2024-09-16 15:52:26.239000,414.0072178314942,15
2024-09-16 15:52:26.307000,414.0053686495908,999
2024-09-16 15:52:26.331000,414.01632993100185,995
2024-09-16 15:52:26.494000,414.0003803141397,998
2024-09-16 15:52:26.551000,413.9707607234104,13
2024-09-16 15:52:26.614000,414.0002619846864,995
2024-09-16 15:52:26.686000,413.9978101759934,997
2024-09-16 15:52:26.692000,413.9901900864413,99
2024-09-16 15:52:26.812000,414.0044883963043,102
2024-09-16 15:52:26.871000,414.0097426172962,105
2024-09-16 15:52:27.024000,414.010597222281,1001
2024-09-16 15:52:27.051000,414.0268089191573,100
2024-09-16 15:52:27.178000,414.00943332799113,997
2024-09-16 15:52:27.280000,413.98877712898735,101
2024-09-16 15:52:27.312000,414.0010562082007,6
2024-09-16 15:52:27.331000,414.0152541232239,1005
2024-09-16 15:52:27.450000,413.9901093861797,1000
2024-09-16 15:52:27.499000,413.994574684576,1004
2024-09-16 15:52:27.540000,413.9808269721797,100
2024-09-16 15:52:27.628000,413.99117037008335,1002
2024-09-16 15:52:27.721000,414.0281649172077,97
2024-09-16 15:52:27.727000,414.0299276833247,997
2024-09-16 15:52:27.731000,413.9897992538647,95
2024-09-16 15:52:27.732000,414.00719704469685,995
2024-09-16 15:52:27.816000,413.9811371925061,9
2024-09-16 15:52:27.984000,413.9924155177244,13
2024-09-16 15:52:28.071000,413.9841991486016,9
2024-09-16 15:52:28.117000,414.0305537405324,15
2024-09-16 15:52:28.180000,414.0049035373175,13
2024-09-16 15:52:28.214000,414.00338676361366,15
2024-09-16 15:52:28.215000,413.9840103251168,99
2024-09-16 15:52:28.323000,414.0078831262982,7
2024-09-16 15:52:28.394000,414.04111890894967,10
2024-09-16 15:52:28.436000,414.034793420605,5
2024-09-16 15:52:28.538000,414.0117765397644,13
2024-09-16 15:52:28.640000,414.0101341030228,1004
2024-09-16 15:52:28.745000,413.9935199645581,105
2024-09-16 15:52:28.846000,414.03164217090375,997
2024-09-16 15:52:29.032000,413.9934983125236,5
2024-09-16 15:52:29.053000,413.9878191900028,99
2024-09-16 15:52:29.065000,413.9835548230781,1004
2024-09-16 15:52:29.084000,414.0019344722789,101
2024-09-16 15:52:29.094000,413.9960153241964,8
2024-09-16 15:52:29.218000,413.9974406001634,96
2024-09-16 15:52:29.291000,413.9923177855254,97
2024-09-16 15:52:29.295000,413.9938379093204,8
2024-09-16 15:52:29.419000,413.9729740018456,96
2024-09-16 15:52:29.421000,414.0083659815031,12
2024-09-16 15:52:29.443000,414.0001280469501,12
2024-09-16 15:52:29.470000,413.9982213970921,101
2024-09-16 15:52:29.498000,413.9836847464922,102
2024-09-16 15:52:29.516000,413.98742223157103,13
2024-09-16 15:52:29.727000,413.97880846337006,1000
2024-09-16 15:52:29.746000,413.9977338268225,11
2024-09-16 15:52:29.750000,413.9906078097976,6
2024-09-16 15:52:29.847000,413.9942003347037,997
2024-09-16 15:52:29.860000,413.9888153930615,1002
2024-09-16 15:52:29.861000,413.9899998932986,99
2024-09-16 15:52:29.882000,413.9844380589234,14
2024-09-16 15:52:29.909000,414.009907970497,999
2024-09-16 15:52:29.955000,413.992400461338,12
2024-09-16 15:52:30.076000,414.0075946513756,103
2024-09-16 15:52:30.181000,413.98363491476914,10
2024-09-16 15:52:30.549000,414.00189041596616,10
2024-09-16 15:52:30.604000,414.0016634608143,15
2024-09-16 15:52:30.782000,414.0141711595167,105
2024-09-16 15:52:30.817000,414.0098352499911,13
2024-09-16 15:52:31.344000,414.0214551284864,995
2024-09-16 15:52:31.348000,414.04206369014855,6
2024-09-16 15:52:31.402000,414.0542841592365,95
2024-09-16 15:52:31.593000,414.0332114916735,99
2024-09-16 15:52:31.645000,414.0098357920877,104
2024-09-16 15:52:31.929000,414.0197246151061,996
2024-09-16 15:52:31.982000,414.0540323582337,104
2024-09-16 15:52:32.016000,413.9631807360831,995
2024-09-16 15:52:32.312000,414.0125394646498,14
2024-09-16 15:52:32.394000,413.9750224593839,996
2024-09-16 15:52:32.406000,413.9655517419005,995
2024-09-16 15:52:32.507000,413.96470490387145,5
2024-09-16 15:52:32.673000,414.022221146222,995
2024-09-16 15:52:32.833000,414.0481158667996,97
2024-09-16 15:52:32.868000,414.0320147372033,999
2024-09-16 15:52:32.893000,413.9979965774083,6
2024-09-16 15:52:33.038000,414.0343492770161,13
2024-09-16 15:52:33.093000,414.00114048928856,12
2024-09-16 15:52:33.127000,414.0608822278205,105
2024-09-16 15:52:33.135000,413.98457978438216,6
2024-09-16 15:52:33.278000,414.0720975337412,1003
2024-09-16 15:52:33.302000,414.0473627476315,103
2024-09-16 15:52:33.327000,414.0358009327472,8
2024-09-16 15:52:33.443000,414.0214789973344,995
2024-09-16 15:52:33.478000,414.06641847647103,5
2024-09-16 15:52:33.489000,414.0349242181677,11
2024-09-16 15:52:33.703000,413.9797007346757,95
2024-09-16 15:52:33.717000,414.0434669729431,1005
2024-09-16 15:52:33.738000,414.0376722936679,11
2024-09-16 15:52:33.740000,414.0483064087021,996
2024-09-16 15:52:33.782000,414.0499004873911,9
2024-09-16 15:52:33.901000,414.0604148213005,996
2024-09-16 15:52:34.041000,414.06551218398886,1001
2024-09-16 15:52:34.052000,414.0645272674041,99
2024-09-16 15:52:34.219000,414.0500599955369,13
2024-09-16 15:52:34.322000,414.0570455508364,1005
2024-09-16 15:52:34.786000,414.05038948882566,96
2024-09-16 15:52:35.147000,414.0268963451391,104
2024-09-16 15:52:35.279000,414.0420693523144,99
2024-09-16 15:52:35.483000,414.03734254017127,996
2024-09-16 15:52:35.495000,414.0271479752116,15
2024-09-16 15:52:35.556000,414.0353445058046,96
2024-09-16 15:52:35.697000,414.0267021831922,1004
2024-09-16 15:52:35.730000,414.0415922286758,98
2024-09-16 15:52:35.771000,414.01324371427177,8
2024-09-16 15:52:35.777000,414.0340066444715,10
2024-09-16 15:52:35.784000,414.04985047110085,104
2024-09-16 15:52:35.789000,414.0108692244848,11
2024-09-16 15:52:35.855000,414.0278579702757,13
2024-09-16 15:52:35.861000,414.0229897573022,5
2024-09-16 15:52:36.200000,414.0120129935286,998
2024-09-16 15:52:36.250000,413.9914356902573,100
2024-09-16 15:52:36.365000,413.9697978889408,995
2024-09-16 15:52:36.498000,414.012824143756,1002
2024-09-16 15:52:36.556000,413.9953124239589,1005
2024-09-16 15:52:36.624000,413.9803638824407,998
2024-09-16 15:52:36.628000,413.99261178982135,103
2024-09-16 15:52:36.655000,413.9776213252677,7
2024-09-16 15:52:36.739000,413.9988398150375,9
2024-09-16 15:52:36.832000,413.9759395918038,10
2024-09-16 15:52:36.903000,413.964291865822,1000
2024-09-16 15:52:36.905000,413.9920061788974,1004
2024-09-16 15:52:36.974000,414.00773298569584,14
2024-09-16 15:52:37.026000,413.9940519356335,105
2024-09-16 15:52:37.154000,414.0167556304463,104
2024-09-16 15:52:37.164000,414.0088394917282,97
2024-09-16 15:52:37.203000,413.9645026419202,11
2024-09-16 15:52:37.260000,414.03912139469,101
2024-09-16 15:52:37.271000,414.01547626481903,1005
2024-09-16 15:52:37.424000,414.032807497992,5
2024-09-16 15:52:37.473000,414.0276393299361,97
2024-09-16 15:52:37.494000,414.0362303866765,14
2024-09-16 15:52:37.555000,414.0359484340252,105
2024-09-16 15:52:37.622000,413.9604148981376,999
2024-09-16 15:52:37.636000,414.00693082874767,14
2024-09-16 15:52:37.732000,413.9713680954664,15
2024-09-16 15:52:37.734000,414.0420803369354,995
2024-09-16 15:52:37.838000,413.9665136725994,10
2024-09-16 15:52:37.840000,414.02428918556666,8
2024-09-16 15:52:37.870000,414.0195542256257,8
2024-09-16 15:52:37.885000,413.94877424008985,15
2024-09-16 15:52:37.914000,414.0277557369061,1001
2024-09-16 15:52:37.919000,414.0470355510016,103
2024-09-16 15:52:37.964000,413.98916280262,8
2024-09-16 15:52:37.990000,413.9798436383188,102
2024-09-16 15:52:37.994000,413.9771239387584,12
2024-09-16 15:52:38.097000,413.9987021955004,998
2024-09-16 15:52:38.113000,414.0072005618172,13
2024-09-16 15:52:38.177000,414.0018665426573,11
2024-09-16 15:52:38.316000,413.99983663626114,8
2024-09-16 15:52:38.480000,414.0255753985711,1000
2024-09-16 15:52:38.488000,414.02476656025647,5
2024-09-16 15:52:38.498000,414.01337149484925,95
2024-09-16 15:52:38.688000,413.9954493260934,1002
2024-09-16 15:52:38.701000,414.01944623080334,98
2024-09-16 15:52:38.725000,413.99433298378017,6
2024-09-16 15:52:38.773000,414.02466091746265,997
2024-09-16 15:52:38.805000,414.0379250548222,999
2024-09-16 15:52:38.880000,414.04397956464095,998
2024-09-16 15:52:38.881000,414.0044627604401,1000
2024-09-16 15:52:38.927000,414.0178287177153,102
2024-09-16 15:52:39.012000,414.0517587748918,996
2024-09-16 15:52:39.018000,414.0198889650024,102
2024-09-16 15:52:39.024000,414.04038541953616,1002
2024-09-16 15:52:39.063000,414.01906091368727,1000
2024-09-16 15:52:39.075000,414.06669162432144,13
2024-09-16 15:52:39.197000,414.0609906207695,1005
2024-09-16 15:52:39.243000,414.0737634461356,98
2024-09-16 15:52:39.259000,414.03848455980034,998
2024-09-16 15:52:39.271000,414.05549955485714,103
2024-09-16 15:52:39.313000,414.0271874716496,102
2024-09-16 15:52:39.326000,414.0830708726523,95
2024-09-16 15:52:39.407000,414.0135843340736,13
2024-09-16 15:52:39.442000,414.0516417325372,999
2024-09-16 15:52:39.445000,414.04953568667474,1005
2024-09-16 15:52:39.460000,414.0276627914423,5
2024-09-16 15:52:39.538000,414.0586506680935,6
2024-09-16 15:52:39.552000,414.0733178825069,14
2024-09-16 15:52:39.612000,414.0527996785103,105
2024-09-16 15:52:39.688000,414.0677743763481,101
2024-09-16 15:52:39.747000,414.0433516485132,99
2024-09-16 15:52:39.775000,414.03280798714457,15
2024-09-16 15:52:39.800000,414.0650996624637,95
2024-09-16 15:52:39.801000,414.0635130610531,995
2024-09-16 15:52:39.813000,414.03694102704014,102
2024-09-16 15:52:39.831000,414.0544118143627,9
2024-09-16 15:52:39.861000,414.0272789034141,15
2024-09-16 15:52:39.889000,414.0133371225935,995
2024-09-16 15:52:39.933000,414.039070948846,997
2024-09-16 15:52:39.941000,414.060130784657,998
2024-09-16 15:52:40.026000,414.0622191898286,13
2024-09-16 15:52:40.233000,414.0690217565065,102
2024-09-16 15:52:40.338000,414.05238704429786,7
2024-09-16 15:52:40.387000,414.0641039140504,15
2024-09-16 15:52:40.497000,414.046047163825,8
2024-09-16 15:52:40.727000,414.0617560764796,8
2024-09-16 15:52:40.927000,414.06346029260567,15
2024-09-16 15:52:41.020000,414.08007519078745,1002
2024-09-16 15:52:41.079000,414.0665292486581,1001
2024-09-16 15:52:41.106000,414.08683978518303,1003
2024-09-16 15:52:41.130000,414.1222353286367,99
2024-09-16 15:52:41.152000,414.09620368983946,9
2024-09-16 15:52:41.269000,414.0848557825874,1005
2024-09-16 15:52:41.355000,414.1094876298119,10
2024-09-16 15:52:41.401000,414.0596961886346,104
2024-09-16 15:52:41.424000,414.1258793810107,1000
2024-09-16 15:52:41.577000,414.1367880643089,5
2024-09-16 15:52:41.659000,414.0939196405511,14
2024-09-16 15:52:41.748000,414.11600459571497,10
2024-09-16 15:52:41.752000,414.0677441229578,102
2024-09-16 15:52:41.778000,414.0615199567662,102
2024-09-16 15:52:41.957000,414.0908965235044,10
2024-09-16 15:52:41.978000,414.1073434946292,998
2024-09-16 15:52:42.004000,414.08882884432575,11
2024-09-16 15:52:42.066000,414.09231105576697,99
2024-09-16 15:52:42.113000,414.11026397407977,97
2024-09-16 15:52:42.224000,414.1203409532498,96
2024-09-16 15:52:42.225000,414.0964677879567,9
2024-09-16 15:52:42.328000,414.0860853907501,99
2024-09-16 15:52:42.334000,414.09181123042913,105
2024-09-16 15:52:42.368000,414.0776604875792,95
2024-09-16 15:52:42.399000,414.0887900865257,1003
2024-09-16 15:52:42.447000,414.1024477181159,1001
2024-09-16 15:52:42.521000,414.10118361706697,103
2024-09-16 15:52:42.560000,414.0939633244226,95
2024-09-16 15:52:42.693000,414.1006407316763,103
2024-09-16 15:52:42.732000,414.0958130964659,105
2024-09-16 15:52:42.771000,414.08110408663015,8
2024-09-16 15:52:42.823000,414.10470806473904,15
2024-09-16 15:52:42.844000,414.0876557254813,95
2024-09-16 15:52:42.851000,414.0631519361005,1000
2024-09-16 15:52:42.914000,414.0759826982824,998
2024-09-16 15:52:43.038000,414.11511211568586,11
2024-09-16 15:52:43.078000,414.2014023648268,7
2024-09-16 15:52:43.107000,414.1774108246966,95
2024-09-16 15:52:43.131000,414.2005545243297,101
2024-09-16 15:52:43.156000,414.1954326559704,100
2024-09-16 15:52:43.257000,414.1496565754672,9
2024-09-16 15:52:43.458000,414.1921012485101,7
2024-09-16 15:52:43.526000,414.20363125861536,998
2024-09-16 15:52:43.720000,414.2149734687106,13
2024-09-16 15:52:43.862000,414.1246042669816,1005
2024-09-16 15:52:43.879000,414.1248479378479,15
2024-09-16 15:52:43.909000,414.2213891623182,102
2024-09-16 15:52:43.930000,414.1924906359704,7
2024-09-16 15:52:43.949000,414.2082950605642,995
2024-09-16 15:52:44.669000,414.1971571934882,105
2024-09-16 15:52:44.890000,414.2051493759664,101
2024-09-16 15:52:45.046000,414.2101276387644,1005
2024-09-16 15:52:45.128000,414.20961639551,102
2024-09-16 15:52:45.246000,414.1943256573936,104
2024-09-16 15:52:45.682000,414.2098972252887,998
2024-09-16 15:52:45.981000,414.1839268538332,998
2024-09-16 15:52:46.020000,414.3105580198224,999
2024-09-16 15:52:46.029000,414.2441829601912,103
2024-09-16 15:52:46.116000,414.227393885272,998
2024-09-16 15:52:46.122000,414.3257333038821,995
2024-09-16 15:52:46.230000,414.24507041234216,9
2024-09-16 15:52:46.239000,414.3238727536514,997
2024-09-16 15:52:46.282000,414.32179193376913,1002
2024-09-16 15:52:46.326000,414.3000813751464,14
2024-09-16 15:52:46.464000,414.3182963188285,100
2024-09-16 15:52:46.492000,414.2511105147863,105
2024-09-16 15:52:46.496000,414.2013130311365,103
2024-09-16 15:52:46.501000,414.30839767806594,101
2024-09-16 15:52:46.531000,414.3181006822849,1005
2024-09-16 15:52:46.550000,414.2124367553736,97
2024-09-16 15:52:46.579000,414.3305369841356,1000
2024-09-16 15:52:46.588000,414.2529879409623,999
2024-09-16 15:52:46.624000,414.3248713171914,14
2024-09-16 15:52:46.701000,414.2842927715249,1001
2024-09-16 15:52:46.740000,414.3066300881293,995
2024-09-16 15:52:46.767000,414.3253468299046,997
2024-09-16 15:52:46.790000,414.32195713867554,103
2024-09-16 15:52:46.852000,414.3437823815578,95
2024-09-16 15:52:46.877000,414.26921290066906,105
2024-09-16 15:52:46.917000,414.3395120636965,97
2024-09-16 15:52:46.921000,414.30783918828587,99
2024-09-16 15:52:46.924000,414.2199322290063,100
2024-09-16 15:52:46.932000,414.2590292547308,996
2024-09-16 15:52:46.962000,414.2428770784746,96
2024-09-16 15:52:46.982000,414.257595131685,1005
2024-09-16 15:52:47.056000,414.3138636858144,1003
2024-09-16 15:52:47.060000,414.33569404822816,995
2024-09-16 15:52:47.085000,414.342332813356,12
2024-09-16 15:52:47.220000,414.3199836964963,100
2024-09-16 15:52:47.236000,414.3241483319156,96
2024-09-16 15:52:47.273000,414.3094041065878,103
2024-09-16 15:52:47.291000,414.3288190477236,98
2024-09-16 15:52:47.302000,414.314599944929,102
2024-09-16 15:52:47.403000,414.3414578678318,6
2024-09-16 15:52:47.424000,414.3284636578241,996
2024-09-16 15:52:47.430000,414.3313309919248,9
2024-09-16 15:52:47.431000,414.32465596856935,99
2024-09-16 15:52:47.474000,414.3393807111094,11
2024-09-16 15:52:47.477000,414.3434071670266,105
2024-09-16 15:52:47.478000,414.3252389399366,1004
2024-09-16 15:52:47.516000,414.3360732259357,8
2024-09-16 15:52:47.523000,417.7961495979371,101
2024-09-16 15:52:47.553000,414.33192261083,1000
2024-09-16 15:52:47.592000,414.3001036800852,6
2024-09-16 15:52:47.593000,414.3278721650307,1003
2024-09-16 15:52:47.826000,414.32506983081777,11
2024-09-16 15:52:47.837000,414.3142861864214,995
2024-09-16 15:52:47.860000,414.33175954828096,99
2024-09-16 15:52:47.873000,414.3360794559993,96
2024-09-16 15:52:48.051000,414.3287938931854,98
2024-09-16 15:52:48.055000,414.2346892738726,15
2024-09-16 15:52:48.078000,414.256464906493,97
2024-09-16 15:52:48.094000,414.26735581840353,1005
2024-09-16 15:52:48.139000,414.3158546585885,996
2024-09-16 15:52:48.154000,414.3265234927916,1003
2024-09-16 15:52:48.177000,414.2622533342822,8
2024-09-16 15:52:48.190000,414.3133731132531,995
2024-09-16 15:52:48.237000,414.3308590718651,96
2024-09-16 15:52:48.247000,414.3202506275807,1003
2024-09-16 15:52:48.257000,414.3389458876334,1005
2024-09-16 15:52:48.282000,414.2705784604375,97
2024-09-16 15:52:48.406000,414.34484634038574,9
2024-09-16 15:52:48.436000,414.2787009960833,96
2024-09-16 15:52:48.485000,414.2660033612062,1005
2024-09-16 15:52:48.503000,414.3198158600702,999
2024-09-16 15:52:48.544000,414.227848044877,98
2024-09-16 15:52:48.580000,414.2342418045504,98
2024-09-16 15:52:48.621000,414.2886250103568,10
2024-09-16 15:52:48.623000,414.3007240420463,14
2024-09-16 15:52:48.628000,414.3490615943583,105
2024-09-16 15:52:48.665000,414.2693674952559,105
2024-09-16 15:52:48.716000,414.2985300387294,996
2024-09-16 15:52:48.724000,414.3110002269994,14
2024-09-16 15:52:48.803000,414.2798873405216,1003
2024-09-16 15:52:48.864000,414.2910833100463,99
2024-09-16 15:52:48.877000,414.2760793437372,102
2024-09-16 15:52:48.908000,414.3430520641376,8
2024-09-16 15:52:48.920000,414.246396709942,95
2024-09-16 15:52:48.956000,414.3252027905232,9
2024-09-16 15:52:49.199000,414.3024377906812,14
2024-09-16 15:52:49.615000,414.3266378367141,998
2024-09-16 15:52:49.669000,414.3166585918551,1003
2024-09-16 15:52:49.900000,414.287750228074,1003
2024-09-16 15:52:49.912000,414.27488594116295,997
2024-09-16 15:52:49.977000,414.2712328542953,6
2024-09-16 15:52:49.979000,414.27131479996586,10
2024-09-16 15:52:50.016000,414.24139057542624,1002
2024-09-16 15:52:50.023000,414.2280239267672,13
2024-09-16 15:52:50.023000,414.315838375508,15
2024-09-16 15:52:50.048000,414.2342119310683,1005
2024-09-16 15:52:50.157000,414.29989638402657,997
2024-09-16 15:52:50.159000,414.2850774651959,1003
2024-09-16 15:52:50.198000,414.2527081382052,103
2024-09-16 15:52:50.268000,414.248481870826,7
2024-09-16 15:52:50.273000,414.211015420677,103
2024-09-16 15:52:50.280000,414.2346269890707,1003
2024-09-16 15:52:50.341000,414.2437618259488,11
2024-09-16 15:52:50.344000,414.2257517005705,999
2024-09-16 15:52:50.378000,414.2754883031413,97
2024-09-16 15:52:50.480000,414.3279021456092,11
2024-09-16 15:52:50.515000,414.26909143921534,998
2024-09-16 15:52:50.522000,414.22866621271294,12
2024-09-16 15:52:50.552000,414.3346334155598,1000
2024-09-16 15:52:50.598000,414.2662438191967,5
2024-09-16 15:52:50.614000,414.2657896923674,1000
2024-09-16 15:52:50.623000,414.31160165777663,95
2024-09-16 15:52:50.658000,414.2789804242091,96
2024-09-16 15:52:50.658000,414.33802292956,97
2024-09-16 15:52:50.671000,414.3173483759456,998
2024-09-16 15:52:50.690000,414.25340403918216,105
2024-09-16 15:52:50.714000,414.32105781047113,1001
2024-09-16 15:52:50.738000,414.3345149619618,96
2024-09-16 15:52:50.869000,414.2560396352301,999
2024-09-16 15:52:50.880000,414.3140954126174,999
2024-09-16 15:52:50.944000,414.3372181595609,1005
2024-09-16 15:52:51.080000,414.3026918472398,1002
2024-09-16 15:52:51.317000,414.28594039134106,12
2024-09-16 15:52:51.341000,414.27857172511926,105
2024-09-16 15:52:51.373000,414.2751152451348,14
2024-09-16 15:52:51.404000,414.2837093779358,95
2024-09-16 15:52:51.470000,414.31610300273263,97
2024-09-16 15:52:51.546000,414.2875086492156,12
2024-09-16 15:52:51.547000,414.273808227834,100
2024-09-16 15:52:51.587000,414.3373467099401,12
2024-09-16 15:52:51.597000,414.2938327488967,10
2024-09-16 15:52:51.690000,414.3200887378753,1001
2024-09-16 15:52:51.794000,414.33720997042894,96
2024-09-16 15:52:51.881000,414.28210019673776,1005
2024-09-16 15:52:51.922000,414.3113242006347,99
2024-09-16 15:52:51.931000,414.3129059329045,13
2024-09-16 15:52:52.306000,414.3198124892053,101
2024-09-16 15:52:52.311000,414.3153942981501,995
2024-09-16 15:52:52.384000,414.33383528864863,99
2024-09-16 15:52:52.431000,414.3236581758669,1004
2024-09-16 15:52:52.468000,414.313989705558,102
2024-09-16 15:52:52.476000,414.316978062318,13
2024-09-16 15:52:52.489000,414.3038511012239,9
2024-09-16 15:52:52.500000,414.3187202163959,9
2024-09-16 15:52:52.547000,414.32674808908325,6
2024-09-16 15:52:52.570000,414.31630696865153,14
2024-09-16 15:52:52.664000,414.32889177074713,14
2024-09-16 15:52:52.713000,414.3060441361521,6
2024-09-16 15:52:52.875000,414.3239840530777,999
2024-09-16 15:52:52.920000,414.3203315490143,99
2024-09-16 15:52:53.114000,414.3131374546713,101
2024-09-16 15:52:53.188000,414.3313081266403,1004
2024-09-16 15:52:53.240000,414.3539325934351,8
2024-09-16 15:52:53.437000,414.3512129291243,7
2024-09-16 15:52:53.509000,414.3556816393014,998
2024-09-16 15:52:53.543000,414.3208575918555,104
2024-09-16 15:52:53.556000,414.3413736426591,10
2024-09-16 15:52:53.592000,414.3471862824428,10
2024-09-16 15:52:53.642000,414.3519301343459,10
2024-09-16 15:52:53.908000,414.346376503769,95
2024-09-16 15:52:53.932000,414.3517222841243,9
2024-09-16 15:52:54.067000,414.34895763372,1005
2024-09-16 15:52:54.138000,414.3810113799317,102
2024-09-16 15:52:54.171000,414.3752270384698,8
2024-09-16 15:52:54.201000,414.3820788391338,10
2024-09-16 15:52:54.213000,414.35279025104063,6
2024-09-16 15:52:54.253000,414.3412761486264,996
2024-09-16 15:52:54.300000,414.3521122574113,102
2024-09-16 15:52:54.304000,414.32560697421343,13
2024-09-16 15:52:54.380000,414.3496483894629,95
2024-09-16 15:52:54.431000,414.356794587363,13
2024-09-16 15:52:54.459000,414.3573631255837,105
2024-09-16 15:52:54.497000,414.3186150867311,101
2024-09-16 15:52:54.523000,414.3582274218606,1004
2024-09-16 15:52:54.543000,414.349723511371,1002
2024-09-16 15:52:54.642000,414.3556958119177,8
2024-09-16 15:52:54.643000,414.3698390178847,12
2024-09-16 15:52:54.664000,414.3342275564272,10
2024-09-16 15:52:54.670000,414.33449398341753,9
2024-09-16 15:52:54.689000,414.3697286247575,14
2024-09-16 15:52:54.741000,414.3477541181277,10
2024-09-16 15:52:54.775000,414.35316643964586,103
2024-09-16 15:52:54.795000,414.33503657482777,1004
2024-09-16 15:52:54.918000,414.34074091033625,997
2024-09-16 15:52:54.964000,414.3671388808942,997
2024-09-16 15:52:55.006000,414.3504030923463,995
2024-09-16 15:52:55.052000,414.3437268415698,13
2024-09-16 15:52:55.056000,414.3417411496592,995
2024-09-16 15:52:55.093000,414.3367164974125,9
2024-09-16 15:52:55.418000,414.34390409732623,98
2024-09-16 15:52:55.470000,414.3412526202803,103
2024-09-16 15:52:55.574000,414.34708767487575,999
2024-09-16 15:52:55.581000,414.3535214585388,1003
2024-09-16 15:52:55.600000,414.3359063306362,100
2024-09-16 15:52:55.718000,414.3808393854142,996
2024-09-16 15:52:55.733000,414.38748026028605,96
2024-09-16 15:52:55.745000,414.3561617168812,1002
2024-09-16 15:52:55.837000,414.3327251356234,98
2024-09-16 15:52:55.855000,414.36273134979785,100
2024-09-16 15:52:55.857000,414.3573485707848,10
2024-09-16 15:52:55.880000,414.3473750487288,12
2024-09-16 15:52:55.918000,414.3540819839829,13
2024-09-16 15:52:56.032000,414.4572176553517,103
2024-09-16 15:52:56.104000,414.45210659438936,1003
2024-09-16 15:52:56.222000,417.7073098418008,8
2024-09-16 15:52:56.256000,414.430993708732,15
2024-09-16 15:52:56.271000,414.4639114643642,996
2024-09-16 15:52:56.279000,414.4120304527737,103
2024-09-16 15:52:56.294000,414.38282132058566,1001
2024-09-16 15:52:56.298000,414.39057050914846,11
2024-09-16 15:52:56.419000,414.42639133707456,12
2024-09-16 15:52:56.447000,414.4769456524501,98
2024-09-16 15:52:56.497000,414.4473283346644,6
2024-09-16 15:52:56.593000,414.4044422181656,100
2024-09-16 15:52:56.904000,414.4259107595721,7
2024-09-16 15:52:57.033000,414.4425828011863,10
2024-09-16 15:52:57.040000,414.4228469316744,1002
2024-09-16 15:52:57.069000,414.4068051124595,11
2024-09-16 15:52:57.077000,414.4378823072586,13
2024-09-16 15:52:57.122000,414.4528445156864,8
2024-09-16 15:52:57.159000,414.43110014550257,8
2024-09-16 15:52:57.177000,414.4473594687351,100
2024-09-16 15:52:57.188000,414.47959138896033,102
2024-09-16 15:52:57.267000,414.43641840634376,98
2024-09-16 15:52:57.291000,414.411569571766,95
2024-09-16 15:52:57.311000,414.411022602296,10
2024-09-16 15:52:57.339000,414.4294644045473,104
2024-09-16 15:52:57.525000,414.432729331578,7
2024-09-16 15:52:57.594000,414.41095492044656,10
2024-09-16 15:52:57.688000,414.45635365327774,8
2024-09-16 15:52:58.055000,414.4434404596886,100
2024-09-16 15:52:58.150000,414.4337748864103,6
2024-09-16 15:52:58.164000,414.43912403696265,11
2024-09-16 15:52:58.187000,414.4514197127469,96
2024-09-16 15:52:58.570000,414.4603091981032,101
2024-09-16 15:52:58.618000,414.4636878364832,96
2024-09-16 15:52:58.745000,414.4482761922098,9
2024-09-16 15:52:58.829000,414.4235534961872,9
2024-09-16 15:52:58.873000,414.4292245959047,14
2024-09-16 15:52:58.995000,414.42350634067816,1002
2024-09-16 15:52:59.100000,414.3977532349251,1000
2024-09-16 15:52:59.146000,414.387400738744,995
2024-09-16 15:52:59.189000,414.395420497531,105
2024-09-16 15:52:59.226000,414.41085015838087,1005
2024-09-16 15:52:59.261000,414.41137376704296,1003
2024-09-16 15:52:59.270000,414.3690040849213,7
2024-09-16 15:52:59.294000,414.401042081855,7
2024-09-16 15:52:59.321000,414.435320099594,1001
2024-09-16 15:52:59.345000,414.4313998952464,997
2024-09-16 15:52:59.347000,414.3760553344765,1001
2024-09-16 15:52:59.398000,414.4109041985086,95
2024-09-16 15:52:59.501000,414.4375702815794,1001
2024-09-16 15:52:59.561000,414.4107428762625,102
2024-09-16 15:52:59.651000,414.442018514324,8
2024-09-16 15:52:59.654000,414.4248446883349,13
2024-09-16 15:52:59.685000,414.408500955144,101
2024-09-16 15:52:59.712000,414.4472539432061,1005
2024-09-16 15:52:59.840000,414.423359809034,5
2024-09-16 15:52:59.903000,414.3785078189964,104
2024-09-16 15:52:59.928000,414.4156455073315,8
2024-09-16 15:52:59.942000,414.3708115542194,99
2024-09-16 15:52:59.966000,414.389068233375,105
