Timestamp,Price,Size
2024-09-19 10:57:00.220000,419.4211208334218,14
2024-09-19 10:57:01.082000,419.3937576176459,1002
2024-09-19 10:57:01.170000,419.42272426143177,99
2024-09-19 10:57:01.469000,419.4252647028097,99
2024-09-19 10:57:01.478000,419.39617449578685,101
2024-09-19 10:57:01.674000,419.40185260202713,99
2024-09-19 10:57:01.727000,419.3841588574826,96
2024-09-19 10:57:01.775000,419.4039381480387,1001
2024-09-19 10:57:02.206000,419.36167157776754,997
2024-09-19 10:57:02.235000,419.3695220932639,1004
2024-09-19 10:57:02.525000,419.3748753840383,100
2024-09-19 10:57:02.535000,419.360064280773,8
2024-09-19 10:57:02.764000,419.37907614747,14
2024-09-19 10:57:03.007000,419.4473636084195,8
2024-09-19 10:57:03.007000,419.4638599217835,6
2024-09-19 10:57:03.010000,419.3890979007348,1003
2024-09-19 10:57:03.017000,419.3912654588187,999
2024-09-19 10:57:03.128000,419.4576760421101,998
2024-09-19 10:57:03.151000,419.40285158341055,103
2024-09-19 10:57:03.202000,419.4627204583126,5
2024-09-19 10:57:03.223000,419.37908144039415,996
2024-09-19 10:57:03.267000,419.38960635751073,6
2024-09-19 10:57:03.294000,419.415929307798,7
2024-09-19 10:57:03.327000,419.4588325306136,99
2024-09-19 10:57:03.345000,419.4687392482916,998
2024-09-19 10:57:03.373000,419.387726379561,9
2024-09-19 10:57:03.426000,419.471489178956,12
2024-09-19 10:57:03.497000,419.4661243206547,95
2024-09-19 10:57:03.554000,419.4478781505389,102
2024-09-19 10:57:03.615000,419.4429573920546,15
2024-09-19 10:57:03.644000,419.4619766191818,1004
2024-09-19 10:57:03.650000,419.3676539505016,12
2024-09-19 10:57:03.786000,419.3982687134806,1002
2024-09-19 10:57:03.842000,419.374703204437,8
2024-09-19 10:57:03.923000,419.43025870243486,105
2024-09-19 10:57:03.924000,419.4485898342929,98
2024-09-19 10:57:03.950000,419.4199342795884,5
2024-09-19 10:57:03.995000,419.4118869454748,1002
2024-09-19 10:57:04.293000,419.4840572978085,6
2024-09-19 10:57:04.333000,419.5210569932614,997
2024-09-19 10:57:04.352000,419.5120483193403,95
2024-09-19 10:57:04.428000,419.4776128771429,995
2024-09-19 10:57:04.596000,419.4943136973191,101
2024-09-19 10:57:04.709000,419.4982209263042,6
2024-09-19 10:57:04.730000,419.51397482840446,15
2024-09-19 10:57:05.009000,419.5968706468785,1004
2024-09-19 10:57:05.085000,419.5541890391221,1002
2024-09-19 10:57:05.228000,419.56099882517975,12
2024-09-19 10:57:05.291000,419.5706548404261,96
2024-09-19 10:57:05.294000,419.51376233799255,101
2024-09-19 10:57:05.341000,419.53258312522206,9
2024-09-19 10:57:05.359000,419.5992724023913,10
2024-09-19 10:57:05.430000,419.5487197509975,97
2024-09-19 10:57:05.481000,419.5810364474448,1003
2024-09-19 10:57:05.635000,419.5974920963613,104
2024-09-19 10:57:05.704000,419.59177520014913,7
2024-09-19 10:57:05.727000,419.512288566898,98
2024-09-19 10:57:05.729000,419.5567149714983,5
2024-09-19 10:57:05.824000,419.5364190080359,105
2024-09-19 10:57:05.937000,419.5553687757038,12
2024-09-19 10:57:05.984000,419.5882817182582,15
2024-09-19 10:57:06.179000,419.60019073813584,1004
2024-09-19 10:57:06.185000,419.6017885452226,103
2024-09-19 10:57:06.204000,419.6147708733711,104
2024-09-19 10:57:06.358000,419.5916714860925,7
2024-09-19 10:57:06.439000,419.6036148122488,997
2024-09-19 10:57:06.475000,419.59686670439646,1001
2024-09-19 10:57:06.489000,419.59590954582455,99
2024-09-19 10:57:06.515000,419.5849857701934,8
2024-09-19 10:57:06.563000,419.6019692948199,1003
2024-09-19 10:57:06.614000,419.6108378601994,100
2024-09-19 10:57:06.624000,419.59841189155225,5
2024-09-19 10:57:06.628000,419.5952742324259,13
2024-09-19 10:57:06.664000,419.5973907682807,104
2024-09-19 10:57:06.701000,419.6018648413321,10
2024-09-19 10:57:06.737000,419.6000439163036,102
2024-09-19 10:57:06.750000,419.595455103044,1004
2024-09-19 10:57:07.022000,419.5682206618393,13
2024-09-19 10:57:07.030000,419.6551885448657,12
2024-09-19 10:57:07.033000,419.5767117983403,100
2024-09-19 10:57:07.075000,419.6471007355304,1005
2024-09-19 10:57:07.137000,419.5896720308567,99
2024-09-19 10:57:07.215000,419.5705565436316,999
2024-09-19 10:57:07.223000,419.5880987728486,102
2024-09-19 10:57:07.255000,419.62229333973255,5
2024-09-19 10:57:07.256000,419.5863751760561,1001
2024-09-19 10:57:07.265000,419.6401821259831,97
2024-09-19 10:57:07.316000,419.641910554146,1001
2024-09-19 10:57:07.447000,419.5860030038708,101
2024-09-19 10:57:07.454000,419.6697292264426,1003
2024-09-19 10:57:07.503000,419.57366023271913,97
2024-09-19 10:57:07.538000,419.6018340048456,95
2024-09-19 10:57:07.559000,419.5776831396971,1005
2024-09-19 10:57:07.594000,419.6108802105593,1005
2024-09-19 10:57:07.760000,419.5837342655356,8
2024-09-19 10:57:07.838000,419.5910848734309,12
2024-09-19 10:57:07.864000,419.6579930694471,101
2024-09-19 10:57:07.889000,419.5752202904016,8
2024-09-19 10:57:07.988000,419.5767844921462,1003
2024-09-19 10:57:08.034000,419.6362684378891,1002
2024-09-19 10:57:08.055000,419.6375057171924,5
2024-09-19 10:57:08.061000,419.6549770726084,103
2024-09-19 10:57:08.326000,419.6107713646647,13
2024-09-19 10:57:08.442000,419.6603791160672,1001
2024-09-19 10:57:08.581000,419.661884053639,1002
2024-09-19 10:57:08.628000,419.6446020923008,998
2024-09-19 10:57:08.663000,419.6262161023425,997
2024-09-19 10:57:08.731000,419.6624421409824,15
2024-09-19 10:57:08.751000,419.6289419148482,99
2024-09-19 10:57:08.771000,419.6490585147543,12
2024-09-19 10:57:08.812000,419.6525002419476,996
2024-09-19 10:57:08.843000,419.6416738339152,12
2024-09-19 10:57:08.854000,419.6250321702253,104
2024-09-19 10:57:08.935000,419.6429969988753,98
2024-09-19 10:57:08.960000,419.668842876973,101
2024-09-19 10:57:09.005000,419.6493061613752,7
2024-09-19 10:57:09.060000,419.7047716765945,1005
2024-09-19 10:57:09.070000,419.690389216283,96
2024-09-19 10:57:09.121000,419.6651934738826,103
2024-09-19 10:57:09.137000,419.61023832843705,1003
2024-09-19 10:57:09.140000,419.6140806285153,1002
2024-09-19 10:57:09.195000,419.6959979686826,11
2024-09-19 10:57:09.242000,419.6940312494885,100
2024-09-19 10:57:09.275000,419.6713417140717,104
2024-09-19 10:57:09.291000,419.6996223142892,100
2024-09-19 10:57:09.321000,419.681709508333,8
2024-09-19 10:57:09.328000,419.6219302384004,1001
2024-09-19 10:57:09.330000,419.7023053642733,11
2024-09-19 10:57:09.373000,419.64942653781793,1004
2024-09-19 10:57:09.373000,419.6676565145755,10
2024-09-19 10:57:09.387000,419.6566935117047,99
2024-09-19 10:57:09.455000,419.6744684579116,995
2024-09-19 10:57:09.495000,419.68634991834114,996
2024-09-19 10:57:09.598000,419.6789663483407,11
2024-09-19 10:57:09.614000,419.61510683072703,15
2024-09-19 10:57:09.656000,419.6847770962598,10
2024-09-19 10:57:09.657000,419.65198853197927,999
2024-09-19 10:57:09.684000,419.6538026571645,997
2024-09-19 10:57:09.724000,419.6407160021536,102
2024-09-19 10:57:09.814000,419.6225191179018,95
2024-09-19 10:57:09.824000,419.6746939898822,12
2024-09-19 10:57:09.914000,419.6518925016355,13
2024-09-19 10:57:09.964000,419.6989463488899,9
2024-09-19 10:57:09.969000,419.65582800438256,998
2024-09-19 10:57:09.984000,419.66122922936296,101
2024-09-19 10:57:10.094000,419.6540170479942,9
2024-09-19 10:57:10.455000,419.6677313954152,99
2024-09-19 10:57:10.474000,419.6324882884186,998
2024-09-19 10:57:10.853000,419.6616718859366,1005
2024-09-19 10:57:10.990000,419.65823726083806,13
2024-09-19 10:57:11.066000,419.7159521750593,15
2024-09-19 10:57:11.094000,419.73708813128553,13
2024-09-19 10:57:11.111000,419.7240974127391,995
2024-09-19 10:57:11.164000,419.7259066889715,97
2024-09-19 10:57:11.196000,419.6890830861837,1003
2024-09-19 10:57:11.227000,419.74512361426986,96
2024-09-19 10:57:11.263000,419.7442117408313,999
2024-09-19 10:57:11.270000,419.76312483287415,7
2024-09-19 10:57:11.308000,419.7512230251518,102
2024-09-19 10:57:11.321000,419.6903737813458,95
2024-09-19 10:57:11.334000,419.7140394282151,8
2024-09-19 10:57:11.364000,419.7516733567359,103
2024-09-19 10:57:11.371000,419.71783028270977,104
2024-09-19 10:57:11.377000,419.7569861279434,102
2024-09-19 10:57:11.388000,419.73040690078886,10
2024-09-19 10:57:11.390000,419.735077820199,7
2024-09-19 10:57:11.442000,419.7021562432292,100
2024-09-19 10:57:11.466000,419.69538781558094,1004
2024-09-19 10:57:11.479000,419.6921251333269,6
2024-09-19 10:57:11.707000,419.7433928872104,999
2024-09-19 10:57:11.721000,419.7532504903076,999
2024-09-19 10:57:11.798000,419.6835404619869,13
2024-09-19 10:57:11.852000,419.6972267308405,1005
2024-09-19 10:57:11.885000,419.71446986499393,14
2024-09-19 10:57:12.047000,419.7776371905299,8
2024-09-19 10:57:12.100000,419.7624923807269,14
2024-09-19 10:57:12.615000,419.756780545436,95
2024-09-19 10:57:12.722000,419.7510191182394,10
2024-09-19 10:57:13.005000,419.73337906127153,11
2024-09-19 10:57:13.036000,419.72066412222085,1001
2024-09-19 10:57:13.046000,419.72349591491866,101
2024-09-19 10:57:13.134000,419.74641351447485,1000
2024-09-19 10:57:13.194000,419.7347932997352,98
2024-09-19 10:57:13.272000,419.75810155502825,10
2024-09-19 10:57:13.283000,419.7301586361699,105
2024-09-19 10:57:13.301000,419.7433955987684,100
2024-09-19 10:57:13.311000,419.7444400535152,1003
2024-09-19 10:57:13.319000,419.707336980983,97
2024-09-19 10:57:13.350000,419.7415803021953,102
2024-09-19 10:57:13.351000,419.6723629772136,1005
2024-09-19 10:57:13.390000,419.7333067188088,1002
2024-09-19 10:57:13.479000,419.7281116540206,15
2024-09-19 10:57:13.555000,419.72278554664615,99
2024-09-19 10:57:13.584000,419.7591612877988,1000
2024-09-19 10:57:13.665000,419.7199595206271,1003
2024-09-19 10:57:13.678000,419.7367817256805,14
2024-09-19 10:57:13.705000,419.73536015893103,1001
2024-09-19 10:57:13.756000,419.7287655480481,15
2024-09-19 10:57:13.800000,419.7459108927965,14
2024-09-19 10:57:13.800000,419.7162332286461,98
2024-09-19 10:57:13.802000,419.734857328317,98
2024-09-19 10:57:13.857000,419.74024303506746,104
2024-09-19 10:57:13.895000,419.7530664198452,103
2024-09-19 10:57:13.918000,419.66391779230975,1004
2024-09-19 10:57:13.926000,419.7505328972245,996
2024-09-19 10:57:13.956000,419.7311199618713,997
2024-09-19 10:57:13.986000,419.7416216734407,997
2024-09-19 10:57:14.153000,419.6681403921455,10
2024-09-19 10:57:14.193000,419.6548502352277,996
2024-09-19 10:57:14.230000,419.6513785613976,11
2024-09-19 10:57:14.370000,419.7209520587984,11
2024-09-19 10:57:14.376000,419.7483020409202,9
2024-09-19 10:57:14.400000,419.6760970014034,104
2024-09-19 10:57:14.453000,419.6862435654516,9
2024-09-19 10:57:14.510000,419.6604726485424,7
2024-09-19 10:57:14.654000,419.7081870049387,97
2024-09-19 10:57:14.710000,419.7444007691015,97
2024-09-19 10:57:14.839000,419.6399746626916,11
2024-09-19 10:57:14.897000,419.7000142680647,15
2024-09-19 10:57:14.962000,419.6559570842325,105
2024-09-19 10:57:15.190000,419.77195802251,1003
2024-09-19 10:57:16.154000,419.77943999128655,1000
2024-09-19 10:57:16.314000,419.76497951048,1003
2024-09-19 10:57:16.337000,419.7571828097306,1000
2024-09-19 10:57:16.344000,419.7730966749138,105
2024-09-19 10:57:16.591000,419.7644040587596,15
2024-09-19 10:57:16.614000,419.7601706903263,14
2024-09-19 10:57:16.616000,419.75723108595867,10
2024-09-19 10:57:16.704000,419.7558524288879,6
2024-09-19 10:57:16.919000,419.7627932792816,10
2024-09-19 10:57:16.941000,419.7587774759692,102
2024-09-19 10:57:17.034000,419.74878813778327,99
2024-09-19 10:57:17.046000,419.7186008162013,8
2024-09-19 10:57:17.063000,419.7213440018458,1002
2024-09-19 10:57:17.087000,419.7554867477924,99
2024-09-19 10:57:17.136000,419.7273789679017,1003
2024-09-19 10:57:17.201000,419.7469242174474,997
2024-09-19 10:57:17.220000,419.748170854388,98
2024-09-19 10:57:17.279000,419.7027579524829,103
2024-09-19 10:57:17.393000,419.7503701050807,104
2024-09-19 10:57:17.443000,419.7460954204206,102
2024-09-19 10:57:17.444000,419.7330145400016,1005
2024-09-19 10:57:17.465000,419.71967093510887,5
2024-09-19 10:57:17.630000,419.6963990269495,8
2024-09-19 10:57:17.647000,419.7483070643752,99
2024-09-19 10:57:17.662000,419.74937926622937,999
2024-09-19 10:57:17.683000,419.700615949358,14
2024-09-19 10:57:17.687000,419.7313639574826,99
2024-09-19 10:57:17.699000,419.74208901266246,100
2024-09-19 10:57:17.724000,419.7169886993298,102
2024-09-19 10:57:17.758000,419.7590446706256,11
2024-09-19 10:57:17.795000,419.7011613868076,7
2024-09-19 10:57:17.798000,419.73835008069153,8
2024-09-19 10:57:17.884000,419.7252417864102,1005
2024-09-19 10:57:17.918000,419.7145231425286,10
2024-09-19 10:57:17.964000,419.7512963250371,96
2024-09-19 10:57:17.982000,419.7331951999159,9
2024-09-19 10:57:17.988000,419.73009635362286,1003
2024-09-19 10:57:17.993000,419.7461888257675,1004
2024-09-19 10:57:18.021000,419.70293845575327,96
2024-09-19 10:57:18.078000,419.6785081319943,1004
2024-09-19 10:57:18.094000,419.67034463222393,1000
2024-09-19 10:57:18.131000,419.7273495376004,96
2024-09-19 10:57:18.174000,419.66114825527467,104
2024-09-19 10:57:18.246000,419.6782270431378,1005
2024-09-19 10:57:18.376000,419.674981967325,7
2024-09-19 10:57:18.430000,419.7259360236946,102
2024-09-19 10:57:18.603000,419.7397532306535,1004
2024-09-19 10:57:18.639000,419.6880357260928,103
2024-09-19 10:57:18.673000,419.6958839811914,1001
2024-09-19 10:57:18.700000,419.68538886827287,996
2024-09-19 10:57:18.792000,419.6856424306155,15
2024-09-19 10:57:18.877000,419.6908191866122,14
2024-09-19 10:57:18.900000,419.6759704800191,8
2024-09-19 10:57:18.982000,419.6924175610952,1005
2024-09-19 10:57:19.042000,419.733662400898,11
2024-09-19 10:57:19.104000,419.7874025729874,13
2024-09-19 10:57:19.121000,419.7471198945653,1004
2024-09-19 10:57:19.147000,419.7340437478711,13
2024-09-19 10:57:19.201000,419.7973439577009,99
2024-09-19 10:57:19.237000,419.7594093555555,8
2024-09-19 10:57:19.245000,419.7449297818855,1004
2024-09-19 10:57:19.271000,419.8175929134709,995
2024-09-19 10:57:19.334000,419.8195791128306,15
2024-09-19 10:57:19.339000,419.8251273167212,13
2024-09-19 10:57:19.348000,419.75764221046586,100
2024-09-19 10:57:19.388000,419.7633947902994,96
2024-09-19 10:57:19.416000,419.7423356423035,102
2024-09-19 10:57:19.468000,419.7492101234623,996
2024-09-19 10:57:19.485000,419.751530827315,15
2024-09-19 10:57:19.539000,419.75141388899925,97
2024-09-19 10:57:19.544000,419.7468900649244,997
2024-09-19 10:57:19.662000,419.7378879161519,995
2024-09-19 10:57:19.695000,419.821030026278,11
2024-09-19 10:57:19.853000,419.7580961567381,15
2024-09-19 10:57:19.879000,419.7372197466582,11
2024-09-19 10:57:19.896000,419.744556637491,997
2024-09-19 10:57:20.183000,419.7826092881728,999
2024-09-19 10:57:20.278000,419.7902593894168,105
2024-09-19 10:57:20.355000,419.80803014280514,101
2024-09-19 10:57:20.427000,419.8240705649472,1005
2024-09-19 10:57:20.452000,419.8285910403127,101
2024-09-19 10:57:20.482000,419.8125789172335,995
2024-09-19 10:57:20.536000,419.8249142343042,104
2024-09-19 10:57:20.764000,419.830045528689,997
2024-09-19 10:57:20.794000,419.8396617830372,10
2024-09-19 10:57:20.887000,419.8210120657268,104
2024-09-19 10:57:20.989000,419.8353916753175,1003
2024-09-19 10:57:21.793000,419.76912016261497,12
2024-09-19 10:57:21.821000,419.7697177433562,96
2024-09-19 10:57:21.825000,419.7544239186674,96
2024-09-19 10:57:22.018000,419.80091341504016,9
2024-09-19 10:57:22.021000,419.7995542561384,12
2024-09-19 10:57:22.025000,419.758448809131,11
2024-09-19 10:57:22.067000,419.8008822633439,95
2024-09-19 10:57:22.074000,419.7666517420153,103
2024-09-19 10:57:22.139000,419.7712669471746,1001
2024-09-19 10:57:22.185000,419.8046161734193,996
2024-09-19 10:57:22.211000,419.7503864889578,101
2024-09-19 10:57:22.223000,419.80865128865656,1001
2024-09-19 10:57:22.251000,419.75148515260366,999
2024-09-19 10:57:22.275000,419.7777375205211,15
2024-09-19 10:57:22.292000,419.7614994937468,1000
2024-09-19 10:57:22.330000,419.7546293815704,102
2024-09-19 10:57:22.367000,419.7802528765308,1002
2024-09-19 10:57:22.401000,419.7874021366366,96
2024-09-19 10:57:22.435000,419.78485241259335,96
2024-09-19 10:57:22.580000,419.7874994750495,997
2024-09-19 10:57:22.583000,419.7574593459322,9
2024-09-19 10:57:22.676000,419.7517949500235,999
2024-09-19 10:57:22.762000,419.7959217750829,1005
2024-09-19 10:57:22.876000,419.797795027998,1001
2024-09-19 10:57:22.894000,419.759710838211,999
2024-09-19 10:57:23.021000,419.7967156158066,105
2024-09-19 10:57:23.055000,419.7562348360206,101
2024-09-19 10:57:23.118000,419.7911857483257,100
2024-09-19 10:57:23.138000,419.7462699620084,7
2024-09-19 10:57:23.147000,419.7888152586456,9
2024-09-19 10:57:23.170000,419.7489693425344,105
2024-09-19 10:57:23.211000,419.7503533322502,101
2024-09-19 10:57:23.211000,419.7409662892037,999
2024-09-19 10:57:23.265000,419.8070510767161,7
2024-09-19 10:57:23.300000,419.8031848052924,99
2024-09-19 10:57:23.306000,419.7227509206754,104
2024-09-19 10:57:23.363000,419.80396130246135,1001
2024-09-19 10:57:23.454000,419.8095166884446,997
2024-09-19 10:57:23.517000,419.80447823363534,10
2024-09-19 10:57:23.544000,419.7905808167404,998
2024-09-19 10:57:23.615000,419.7486317935928,1005
2024-09-19 10:57:23.902000,419.7416409791837,7
2024-09-19 10:57:24.034000,419.7777474907208,105
2024-09-19 10:57:24.139000,419.89565568756825,98
2024-09-19 10:57:24.154000,419.8332270586746,1000
2024-09-19 10:57:24.163000,419.7859675880821,1005
2024-09-19 10:57:24.253000,419.85989999552254,1001
2024-09-19 10:57:24.290000,419.78618447707726,13
2024-09-19 10:57:24.300000,419.9073373004098,105
2024-09-19 10:57:24.306000,419.8993382161835,1003
2024-09-19 10:57:24.335000,419.89303408674937,95
2024-09-19 10:57:24.338000,419.9303384453535,997
2024-09-19 10:57:24.351000,419.8726313656431,11
2024-09-19 10:57:24.393000,419.8104640279221,97
2024-09-19 10:57:24.428000,419.7867043967737,100
2024-09-19 10:57:24.459000,419.8842847494664,98
2024-09-19 10:57:24.480000,419.9069195926489,1004
2024-09-19 10:57:24.489000,419.85176229632367,98
2024-09-19 10:57:24.491000,419.83149316656255,104
2024-09-19 10:57:24.520000,419.7927981171504,999
2024-09-19 10:57:24.522000,419.7934648609594,997
2024-09-19 10:57:24.544000,419.9221417408997,99
2024-09-19 10:57:24.566000,419.91480699877616,1002
2024-09-19 10:57:24.709000,419.89052332456674,13
2024-09-19 10:57:24.769000,419.7729143536576,1000
2024-09-19 10:57:24.801000,419.92354998479135,1000
2024-09-19 10:57:24.812000,419.8619930973263,998
2024-09-19 10:57:24.921000,419.8729310255295,11
2024-09-19 10:57:24.941000,419.9089054668581,15
2024-09-19 10:57:24.955000,419.8359785858065,98
2024-09-19 10:57:25.006000,419.9521494432964,1002
2024-09-19 10:57:25.017000,419.9702064682884,15
2024-09-19 10:57:25.035000,419.9563567109825,103
2024-09-19 10:57:25.060000,419.9704773861131,13
2024-09-19 10:57:25.287000,419.9631725208213,10
2024-09-19 10:57:25.345000,419.9288910633914,105
2024-09-19 10:57:25.355000,419.955613121594,10
2024-09-19 10:57:25.497000,419.94912262548337,1001
2024-09-19 10:57:25.682000,419.9337837312657,99
2024-09-19 10:57:25.700000,419.9323776404743,98
2024-09-19 10:57:25.713000,419.9448186754522,10
2024-09-19 10:57:25.723000,419.960967047891,9
2024-09-19 10:57:25.858000,419.9580001962822,995
2024-09-19 10:57:26.030000,420.0068267049775,1004
2024-09-19 10:57:26.032000,419.96484176560256,5
2024-09-19 10:57:26.038000,419.96025404650567,1000
2024-09-19 10:57:26.076000,419.9865882730803,104
2024-09-19 10:57:26.091000,419.9905774382313,7
2024-09-19 10:57:26.133000,420.01084968122944,100
2024-09-19 10:57:26.176000,419.9959894174404,102
2024-09-19 10:57:26.219000,419.9498270646475,1002
2024-09-19 10:57:26.354000,419.9734347260479,9
2024-09-19 10:57:26.402000,419.9668740266666,12
2024-09-19 10:57:26.403000,420.0001246357826,1001
2024-09-19 10:57:26.433000,420.0024865551331,15
2024-09-19 10:57:26.482000,419.9849221181776,95
2024-09-19 10:57:26.510000,419.97582813085086,1005
2024-09-19 10:57:26.531000,420.0106192066152,96
2024-09-19 10:57:26.671000,419.9964768907837,103
2024-09-19 10:57:26.844000,420.0082711592317,12
2024-09-19 10:57:27.106000,419.9856736903254,14
2024-09-19 10:57:27.816000,419.985228802342,10
2024-09-19 10:57:28.366000,419.9936054824609,98
2024-09-19 10:57:28.369000,419.9979484107215,5
2024-09-19 10:57:29.008000,419.9360494205869,13
2024-09-19 10:57:29.043000,419.9707174397488,13
2024-09-19 10:57:29.095000,419.9766055737386,95
2024-09-19 10:57:29.115000,419.9744022125902,999
2024-09-19 10:57:29.207000,419.9520388523346,102
2024-09-19 10:57:29.416000,419.9596034348808,95
2024-09-19 10:57:29.427000,419.9762865932444,105
2024-09-19 10:57:29.516000,419.967468247054,6
2024-09-19 10:57:29.523000,419.95834306425616,6
2024-09-19 10:57:29.551000,419.9865901215466,5
2024-09-19 10:57:29.559000,419.9661059505134,98
2024-09-19 10:57:29.578000,420.0179427933652,97
2024-09-19 10:57:29.597000,419.9541088581906,13
2024-09-19 10:57:29.621000,419.9699798547071,11
2024-09-19 10:57:29.625000,419.9784759897588,100
2024-09-19 10:57:29.752000,419.957848205043,97
2024-09-19 10:57:29.790000,419.9856073950771,1004
2024-09-19 10:57:29.815000,419.9841215483988,1001
2024-09-19 10:57:29.895000,419.952808247812,5
2024-09-19 10:57:29.904000,419.9843101857587,8
2024-09-19 10:57:29.964000,419.97019710921614,8
2024-09-19 10:57:29.970000,419.97001479199633,9
2024-09-19 10:57:29.981000,419.95051576693527,95
2024-09-19 10:57:30.083000,420.0113261047845,8
2024-09-19 10:57:30.089000,420.0127609583439,12
2024-09-19 10:57:30.125000,420.0212536834776,7
2024-09-19 10:57:30.217000,420.0362072045075,1003
2024-09-19 10:57:30.353000,420.0268540576225,100
2024-09-19 10:57:30.395000,420.0113353700446,100
2024-09-19 10:57:30.471000,420.0369062030497,8
2024-09-19 10:57:30.989000,420.01636563039966,12
2024-09-19 10:57:31.046000,419.9890821279743,7
2024-09-19 10:57:31.063000,419.9821609440348,1001
2024-09-19 10:57:31.105000,419.9672582945177,999
2024-09-19 10:57:31.149000,419.99946272174014,9
2024-09-19 10:57:31.151000,420.0042920802282,12
2024-09-19 10:57:31.152000,420.0000844494561,995
2024-09-19 10:57:31.189000,420.0069338903102,999
2024-09-19 10:57:31.293000,420.008524787783,95
2024-09-19 10:57:31.317000,420.01677370595183,104
2024-09-19 10:57:31.334000,420.0022723243865,6
2024-09-19 10:57:31.514000,419.9735111403159,96
2024-09-19 10:57:31.664000,420.0244810630914,1003
2024-09-19 10:57:31.751000,419.9610166931833,103
2024-09-19 10:57:31.808000,419.9785719450767,10
2024-09-19 10:57:31.814000,419.9875794017834,95
2024-09-19 10:57:31.898000,419.990747122382,997
2024-09-19 10:57:31.945000,420.00795555194543,14
2024-09-19 10:57:31.963000,420.0166309948371,15
2024-09-19 10:57:31.980000,419.99622794305486,101
2024-09-19 10:57:31.984000,420.0114913406122,995
2024-09-19 10:57:32.023000,419.9447914860862,95
2024-09-19 10:57:32.032000,419.96697528000055,8
2024-09-19 10:57:32.121000,419.992673067026,14
2024-09-19 10:57:32.149000,419.9893991299383,98
2024-09-19 10:57:32.168000,419.93843550942006,8
2024-09-19 10:57:32.198000,419.9961582194647,996
2024-09-19 10:57:32.295000,419.9491550974082,102
2024-09-19 10:57:32.391000,419.9846437086028,7
2024-09-19 10:57:32.398000,419.9574015465332,95
2024-09-19 10:57:32.415000,419.971386957513,99
2024-09-19 10:57:32.444000,419.9684470982643,95
2024-09-19 10:57:32.452000,419.9858262064034,104
2024-09-19 10:57:32.480000,419.9429283332213,101
2024-09-19 10:57:32.534000,419.95473718434687,102
2024-09-19 10:57:32.680000,419.9432687231735,1002
2024-09-19 10:57:32.719000,419.9962400938121,9
2024-09-19 10:57:32.719000,420.0013183290978,999
2024-09-19 10:57:32.894000,419.9504515774453,10
2024-09-19 10:57:32.900000,419.9425839603003,5
2024-09-19 10:57:32.970000,419.94706453680215,998
2024-09-19 10:57:32.988000,420.0027630943959,8
2024-09-19 10:57:33.013000,419.8908814293552,5
2024-09-19 10:57:33.048000,419.854881748826,5
2024-09-19 10:57:33.090000,419.8464389926261,1004
2024-09-19 10:57:33.182000,419.88956270954446,98
2024-09-19 10:57:33.359000,419.93994621491566,1004
2024-09-19 10:57:33.469000,419.8974633486433,13
2024-09-19 10:57:33.573000,419.9470987132468,1005
2024-09-19 10:57:33.779000,419.8663611298254,97
2024-09-19 10:57:33.828000,419.837633354081,6
2024-09-19 10:57:33.843000,419.83689925887865,12
2024-09-19 10:57:33.886000,419.9583517325873,105
2024-09-19 10:57:33.902000,419.9166196546325,9
2024-09-19 10:57:34.011000,419.8606086004143,996
2024-09-19 10:57:34.147000,419.8810199107031,104
2024-09-19 10:57:34.177000,419.924562816962,1005
2024-09-19 10:57:34.218000,419.8646669408562,1002
2024-09-19 10:57:34.222000,419.8752078058721,1003
2024-09-19 10:57:34.324000,419.8981958969485,13
2024-09-19 10:57:34.337000,419.8471816055371,995
2024-09-19 10:57:34.339000,419.9089564845992,7
2024-09-19 10:57:34.419000,419.8724540075881,1002
2024-09-19 10:57:34.433000,419.9065822667513,995
2024-09-19 10:57:34.444000,419.8683547312529,1002
2024-09-19 10:57:34.486000,419.8601734623909,100
2024-09-19 10:57:34.499000,419.9126589761978,105
2024-09-19 10:57:34.525000,419.8656755974684,1004
2024-09-19 10:57:34.534000,419.8648169915203,103
2024-09-19 10:57:34.559000,419.8854004593024,14
2024-09-19 10:57:34.568000,419.86324227569736,998
2024-09-19 10:57:34.607000,419.8533738046008,5
2024-09-19 10:57:34.656000,419.8348588697596,95
2024-09-19 10:57:34.734000,419.9169018039669,97
2024-09-19 10:57:34.737000,419.85756813509647,11
2024-09-19 10:57:34.750000,419.9015589494927,1004
2024-09-19 10:57:34.843000,419.8589824333511,99
2024-09-19 10:57:34.858000,419.8431060302442,95
2024-09-19 10:57:34.870000,419.889148008722,95
2024-09-19 10:57:34.881000,419.85550588761737,10
2024-09-19 10:57:34.881000,419.9118773974438,10
2024-09-19 10:57:34.946000,419.9143247024442,100
2024-09-19 10:57:35.003000,419.8996074254748,99
2024-09-19 10:57:35.024000,419.8961920008853,98
2024-09-19 10:57:35.032000,419.90537401452656,99
2024-09-19 10:57:35.036000,419.8686963435061,105
2024-09-19 10:57:35.055000,419.887204761285,1004
2024-09-19 10:57:35.088000,419.8980920200503,8
2024-09-19 10:57:35.091000,419.865053885163,8
2024-09-19 10:57:35.117000,419.89310960792096,996
2024-09-19 10:57:35.151000,419.8632810009995,96
2024-09-19 10:57:35.204000,419.88600988405824,1003
2024-09-19 10:57:35.220000,419.9094107400793,12
2024-09-19 10:57:35.285000,419.9087018428783,999
2024-09-19 10:57:35.308000,419.90738986488594,6
2024-09-19 10:57:35.315000,419.9037513569224,999
2024-09-19 10:57:35.360000,419.8858038769517,104
2024-09-19 10:57:35.426000,419.883736336235,1001
2024-09-19 10:57:35.437000,419.8912964591468,998
2024-09-19 10:57:35.438000,419.8650833870067,995
2024-09-19 10:57:35.575000,419.8865825354727,996
2024-09-19 10:57:35.588000,419.8601529785909,998
2024-09-19 10:57:35.648000,419.8756604438215,996
2024-09-19 10:57:35.753000,419.9031310216314,999
2024-09-19 10:57:35.836000,419.88627539134745,5
2024-09-19 10:57:35.868000,419.90072011230393,11
2024-09-19 10:57:35.899000,419.8728800088062,1004
2024-09-19 10:57:35.907000,419.8648720355242,100
2024-09-19 10:57:35.935000,419.8774457849906,101
2024-09-19 10:57:35.944000,419.8838757784212,7
2024-09-19 10:57:35.958000,419.8856968370504,15
2024-09-19 10:57:36.026000,419.8095343182817,7
2024-09-19 10:57:36.027000,419.8280063343517,95
2024-09-19 10:57:36.036000,419.8170071334556,11
2024-09-19 10:57:36.157000,419.8237335626094,996
2024-09-19 10:57:36.171000,419.8316998065933,5
2024-09-19 10:57:36.191000,419.8225683494874,98
2024-09-19 10:57:36.224000,419.81590071124646,11
2024-09-19 10:57:36.277000,419.7978070181956,101
2024-09-19 10:57:36.493000,419.8104135303949,99
2024-09-19 10:57:36.507000,419.8147837931864,95
2024-09-19 10:57:36.540000,419.8334589104088,96
2024-09-19 10:57:36.568000,419.80040448169535,101
2024-09-19 10:57:36.589000,419.82593782291895,7
2024-09-19 10:57:36.619000,419.8304719749646,104
2024-09-19 10:57:36.626000,419.8198840924106,995
2024-09-19 10:57:36.694000,419.8131894730048,10
2024-09-19 10:57:36.806000,419.79779851554457,995
2024-09-19 10:57:36.834000,419.8066633653379,995
2024-09-19 10:57:36.866000,419.8506274768101,999
2024-09-19 10:57:36.871000,419.825566892872,14
2024-09-19 10:57:36.890000,419.8369546410879,998
2024-09-19 10:57:36.955000,419.8175422135512,14
2024-09-19 10:57:36.999000,419.84589536362967,6
2024-09-19 10:57:37.153000,419.7780291165128,101
2024-09-19 10:57:37.331000,419.7882947585374,1005
2024-09-19 10:57:37.350000,419.77288326356194,96
2024-09-19 10:57:37.406000,419.798609062286,997
2024-09-19 10:57:37.407000,419.815903990172,1003
2024-09-19 10:57:37.479000,419.7663564796351,9
2024-09-19 10:57:37.515000,419.7752146874776,1001
2024-09-19 10:57:37.592000,419.8022621859701,8
2024-09-19 10:57:37.612000,419.7743233843137,11
2024-09-19 10:57:37.646000,419.7808977184057,5
2024-09-19 10:57:37.824000,419.7529575354719,98
2024-09-19 10:57:37.861000,419.7785161068789,998
2024-09-19 10:57:37.892000,419.7504330822582,998
2024-09-19 10:57:37.928000,419.7869408752641,7
2024-09-19 10:57:37.985000,419.7787924506106,99
2024-09-19 10:57:37.999000,419.7960769223605,999
2024-09-19 10:57:38.035000,419.8204661660213,14
2024-09-19 10:57:38.056000,419.81278905456594,1001
2024-09-19 10:57:38.065000,419.7985739922117,102
2024-09-19 10:57:38.074000,419.80229002173496,1000
2024-09-19 10:57:38.074000,419.7402474077222,6
2024-09-19 10:57:38.090000,419.8206513227463,102
2024-09-19 10:57:38.111000,419.758420747573,103
2024-09-19 10:57:38.153000,419.81166793230784,999
2024-09-19 10:57:38.185000,419.8181237310625,10
2024-09-19 10:57:38.248000,419.8060261596135,8
2024-09-19 10:57:38.298000,419.7422539154155,999
2024-09-19 10:57:38.313000,419.7917641003161,101
2024-09-19 10:57:38.319000,419.809013610406,1001
2024-09-19 10:57:38.462000,419.7640581851145,1003
2024-09-19 10:57:38.512000,419.82205393551175,995
2024-09-19 10:57:38.520000,419.7703981855111,5
2024-09-19 10:57:38.560000,419.79323567172025,1005
2024-09-19 10:57:38.569000,419.81566862825343,104
2024-09-19 10:57:38.653000,419.834099020127,10
2024-09-19 10:57:38.671000,419.7569368984106,12
2024-09-19 10:57:38.713000,419.8369733247153,100
2024-09-19 10:57:38.734000,419.81387802370574,11
2024-09-19 10:57:38.751000,419.7950794890006,9
2024-09-19 10:57:38.817000,419.8064282209054,999
2024-09-19 10:57:38.825000,419.8094486316737,102
2024-09-19 10:57:38.950000,419.7646672914324,12
2024-09-19 10:57:38.964000,419.809955568761,12
2024-09-19 10:57:39.529000,419.7416300541808,96
2024-09-19 10:57:40.010000,419.73787024536136,96
2024-09-19 10:57:40.193000,419.7396146485165,14
2024-09-19 10:57:40.198000,419.73571589723247,995
2024-09-19 10:57:40.234000,419.7252706979162,9
2024-09-19 10:57:40.277000,419.6988534179677,5
2024-09-19 10:57:40.278000,419.74230580150873,997
2024-09-19 10:57:40.319000,419.6914547821108,1004
2024-09-19 10:57:40.356000,419.7407840525652,1002
2024-09-19 10:57:40.385000,419.7014772199299,1000
2024-09-19 10:57:40.435000,419.7572817423683,5
2024-09-19 10:57:40.644000,419.6835494675488,997
2024-09-19 10:57:40.914000,419.7662802939478,999
2024-09-19 10:57:40.934000,419.71919665717087,1005
2024-09-19 10:57:41.139000,419.7141871533042,1003
2024-09-19 10:57:41.242000,419.7356501840513,97
2024-09-19 10:57:41.250000,419.6907206770645,996
2024-09-19 10:57:41.266000,419.7503474144242,95
2024-09-19 10:57:41.289000,419.70664578679776,14
2024-09-19 10:57:41.320000,419.6981810685523,12
2024-09-19 10:57:41.341000,419.7406964029195,10
2024-09-19 10:57:41.409000,419.7469386775825,102
2024-09-19 10:57:41.514000,419.7336496378631,96
2024-09-19 10:57:41.645000,419.723785005046,10
2024-09-19 10:57:41.675000,419.74526453147286,9
2024-09-19 10:57:41.729000,419.72189059700185,105
2024-09-19 10:57:41.743000,419.7229335484715,101
2024-09-19 10:57:41.781000,419.725077181025,5
2024-09-19 10:57:41.784000,419.6980288952426,1005
2024-09-19 10:57:41.784000,419.76209324552815,998
2024-09-19 10:57:41.806000,419.72270980501054,99
2024-09-19 10:57:41.814000,419.7650832675954,102
2024-09-19 10:57:41.912000,419.6938861010572,102
2024-09-19 10:57:41.944000,419.7090589586746,97
2024-09-19 10:57:41.957000,419.74264856013286,1004
2024-09-19 10:57:42.030000,419.7203439844455,1001
2024-09-19 10:57:42.042000,419.7325415912514,104
2024-09-19 10:57:42.080000,419.7423034013001,1002
2024-09-19 10:57:42.140000,419.7125801630158,998
2024-09-19 10:57:42.141000,419.719885423624,10
2024-09-19 10:57:42.147000,419.749352499092,11
2024-09-19 10:57:42.486000,419.695274815313,12
2024-09-19 10:57:42.600000,419.7514228308377,99
2024-09-19 10:57:42.715000,419.7229920952083,995
2024-09-19 10:57:42.728000,419.7220449175685,99
2024-09-19 10:57:42.804000,419.7078175712609,6
2024-09-19 10:57:42.825000,419.7441876896911,5
2024-09-19 10:57:42.878000,419.7326153528117,998
2024-09-19 10:57:42.974000,419.7104257011668,102
2024-09-19 10:57:43.148000,419.734745020354,1001
2024-09-19 10:57:43.262000,419.782365213533,10
2024-09-19 10:57:43.325000,419.7957018288122,97
2024-09-19 10:57:43.352000,419.7391916465755,1001
2024-09-19 10:57:43.370000,419.7940966353417,11
2024-09-19 10:57:43.377000,419.789039507208,1004
2024-09-19 10:57:43.419000,419.78658328563137,14
2024-09-19 10:57:43.525000,419.7525466315886,97
2024-09-19 10:57:43.581000,419.8002647762947,998
2024-09-19 10:57:43.620000,419.7504120708763,14
2024-09-19 10:57:43.645000,419.7813066020983,96
2024-09-19 10:57:43.691000,419.7264108116166,998
2024-09-19 10:57:43.730000,419.7469258496915,103
2024-09-19 10:57:43.764000,419.7356690981885,15
2024-09-19 10:57:43.787000,419.7656750170973,13
2024-09-19 10:57:43.920000,419.7690470477317,99
2024-09-19 10:57:43.997000,419.780431095976,13
2024-09-19 10:57:44.034000,419.814149191554,98
2024-09-19 10:57:44.149000,419.82871990491,98
2024-09-19 10:57:44.215000,419.7774031847178,997
2024-09-19 10:57:44.260000,419.776912340525,1003
2024-09-19 10:57:44.269000,419.8296624643687,12
2024-09-19 10:57:44.401000,419.7932707741919,105
2024-09-19 10:57:44.472000,419.8336083993687,13
2024-09-19 10:57:44.503000,419.79364281783376,15
2024-09-19 10:57:44.533000,419.81209298680267,997
2024-09-19 10:57:44.661000,419.7656466103841,1001
2024-09-19 10:57:44.666000,419.810485749022,10
2024-09-19 10:57:44.737000,419.8009954917284,15
2024-09-19 10:57:44.811000,419.7780600734258,97
2024-09-19 10:57:44.908000,419.763053759553,10
2024-09-19 10:57:44.936000,419.7933093827788,102
2024-09-19 10:57:45.041000,419.8011238015055,1004
2024-09-19 10:57:45.107000,419.77674939655583,8
2024-09-19 10:57:45.282000,419.7972937818717,6
2024-09-19 10:57:45.508000,419.767552264412,9
2024-09-19 10:57:45.642000,419.8008764164294,14
2024-09-19 10:57:45.690000,419.77957993803534,104
2024-09-19 10:57:45.715000,419.77574822802086,14
2024-09-19 10:57:45.842000,419.7641511458476,11
2024-09-19 10:57:45.876000,419.7800188179818,12
2024-09-19 10:57:45.899000,419.7888937765575,99
2024-09-19 10:57:46.003000,419.845170820092,999
2024-09-19 10:57:46.076000,419.80627078702025,1001
2024-09-19 10:57:46.137000,419.806761527398,105
2024-09-19 10:57:46.161000,419.7773158490901,12
2024-09-19 10:57:46.165000,419.8566623907034,98
2024-09-19 10:57:46.297000,419.8500328176826,11
2024-09-19 10:57:46.363000,419.8120864016035,6
2024-09-19 10:57:46.383000,419.7781809022761,1001
2024-09-19 10:57:46.533000,419.7893281066036,995
2024-09-19 10:57:46.540000,419.8241060135308,1004
2024-09-19 10:57:46.545000,419.84187459089225,7
2024-09-19 10:57:46.588000,419.7968286648714,1005
2024-09-19 10:57:46.589000,419.8126166417792,96
2024-09-19 10:57:46.621000,419.85087478503385,13
2024-09-19 10:57:46.646000,419.775783373201,104
2024-09-19 10:57:46.655000,419.8061372614098,11
2024-09-19 10:57:46.661000,419.827361153966,99
2024-09-19 10:57:46.710000,419.819152630931,999
2024-09-19 10:57:46.790000,419.7738440231365,15
2024-09-19 10:57:46.791000,419.7819008239886,996
2024-09-19 10:57:46.892000,419.80491245194014,10
2024-09-19 10:57:46.906000,419.8268257403848,998
2024-09-19 10:57:46.920000,419.8720094143793,999
2024-09-19 10:57:46.925000,419.8097987587555,101
2024-09-19 10:57:46.940000,419.8536181780321,7
2024-09-19 10:57:46.949000,419.79834191217066,95
2024-09-19 10:57:47.181000,419.7989365209478,1003
2024-09-19 10:57:47.207000,419.79001951727207,98
2024-09-19 10:57:47.218000,419.7839954321302,1005
2024-09-19 10:57:47.226000,419.77439940951496,997
2024-09-19 10:57:47.272000,419.7227197168806,998
2024-09-19 10:57:47.283000,419.7257511245832,10
2024-09-19 10:57:47.304000,419.77787006967145,7
2024-09-19 10:57:47.354000,419.7312159634877,995
2024-09-19 10:57:47.376000,419.7296025366867,7
2024-09-19 10:57:47.469000,419.7813825887243,105
2024-09-19 10:57:47.509000,419.7446186928214,97
2024-09-19 10:57:47.530000,419.78102359056544,8
2024-09-19 10:57:47.541000,419.7610015656885,101
2024-09-19 10:57:47.593000,419.7628128961395,105
2024-09-19 10:57:47.652000,419.7824220076136,7
2024-09-19 10:57:47.664000,419.78338476645007,13
2024-09-19 10:57:47.756000,419.7409005812926,998
2024-09-19 10:57:47.764000,419.8005864230194,15
2024-09-19 10:57:47.824000,419.7780139622092,98
2024-09-19 10:57:47.857000,419.75753452642107,99
2024-09-19 10:57:47.875000,419.75233502672586,12
2024-09-19 10:57:47.896000,419.7626839942829,998
2024-09-19 10:57:47.948000,419.770543777762,99
2024-09-19 10:57:47.958000,419.7387072942645,1004
2024-09-19 10:57:47.996000,419.7746664533443,997
2024-09-19 10:57:48.066000,419.7733410417661,96
2024-09-19 10:57:48.067000,419.7216725861592,15
2024-09-19 10:57:48.258000,419.7570788837151,95
2024-09-19 10:57:48.291000,419.7986063717876,103
2024-09-19 10:57:48.337000,419.7531168017531,996
2024-09-19 10:57:48.353000,419.72611849578936,997
2024-09-19 10:57:48.453000,419.76783326023616,14
2024-09-19 10:57:48.642000,419.7573216909854,98
2024-09-19 10:57:48.670000,419.799943637883,12
2024-09-19 10:57:48.749000,419.73785699088495,5
2024-09-19 10:57:48.959000,419.76328060687086,1000
2024-09-19 10:57:48.964000,419.7383316493953,5
2024-09-19 10:57:48.989000,419.7411240664693,15
2024-09-19 10:57:49.418000,419.734389266855,102
2024-09-19 10:57:49.724000,419.73689773780666,8
2024-09-19 10:57:49.777000,419.7247178648083,10
2024-09-19 10:57:49.870000,419.7410050033766,995
2024-09-19 10:57:49.963000,419.7258229505706,9
2024-09-19 10:57:49.983000,419.7288776569665,101
2024-09-19 10:57:50.043000,419.7643663924869,104
2024-09-19 10:57:50.205000,419.7451813249697,1004
2024-09-19 10:57:50.470000,419.7226115231529,11
2024-09-19 10:57:51.041000,419.7162781357397,100
2024-09-19 10:57:51.046000,419.7431155467496,105
2024-09-19 10:57:51.083000,419.6927573960235,996
2024-09-19 10:57:51.117000,419.7113394790536,100
2024-09-19 10:57:51.125000,419.6996435457348,8
2024-09-19 10:57:51.208000,419.70367939550295,995
2024-09-19 10:57:51.239000,419.7138138443247,1003
2024-09-19 10:57:51.278000,419.7465692459895,12
2024-09-19 10:57:51.285000,419.69672074192346,98
2024-09-19 10:57:51.319000,419.67467380508464,997
2024-09-19 10:57:51.329000,419.69945528898654,995
2024-09-19 10:57:51.356000,419.6743458713066,95
2024-09-19 10:57:51.451000,419.7034503541806,1001
2024-09-19 10:57:51.493000,419.6546486580419,103
2024-09-19 10:57:51.523000,419.7317192565888,8
2024-09-19 10:57:51.579000,419.6742798379554,998
2024-09-19 10:57:51.614000,419.741529522889,1003
2024-09-19 10:57:51.632000,419.7362946419358,996
2024-09-19 10:57:51.642000,419.7068643091487,997
2024-09-19 10:57:51.714000,419.7108757157295,10
2024-09-19 10:57:51.812000,419.7091017025873,995
2024-09-19 10:57:51.816000,419.7314184769992,104
2024-09-19 10:57:51.896000,419.71076999156855,97
2024-09-19 10:57:51.943000,419.7352004182085,98
2024-09-19 10:57:51.952000,419.7182637607186,1004
2024-09-19 10:57:52.174000,419.72015706767786,1001
2024-09-19 10:57:52.208000,419.7250547382762,102
2024-09-19 10:57:52.231000,419.7292615665679,5
2024-09-19 10:57:52.362000,419.690891494129,999
2024-09-19 10:57:52.555000,419.7061137769848,15
2024-09-19 10:57:52.934000,419.7184729839212,14
2024-09-19 10:57:52.998000,419.73039321533366,997
2024-09-19 10:57:53.027000,419.80163058932425,1002
2024-09-19 10:57:53.028000,419.7674871461946,14
2024-09-19 10:57:53.109000,419.7316295389989,95
2024-09-19 10:57:53.161000,419.767836808016,12
2024-09-19 10:57:53.465000,419.7249126533606,1003
2024-09-19 10:57:53.491000,419.8262466211097,8
2024-09-19 10:57:53.498000,419.8028798307407,100
2024-09-19 10:57:53.508000,419.7387588472657,995
2024-09-19 10:57:53.525000,419.72407920408585,6
2024-09-19 10:57:53.531000,419.7341725650254,97
2024-09-19 10:57:53.531000,419.7521541047016,105
2024-09-19 10:57:53.648000,419.751362061142,1000
2024-09-19 10:57:53.672000,419.7301164153658,15
2024-09-19 10:57:53.676000,419.81112226106274,99
2024-09-19 10:57:53.725000,419.69660755885405,997
2024-09-19 10:57:53.755000,419.76644184688615,995
2024-09-19 10:57:53.778000,419.7438715769579,12
2024-09-19 10:57:53.785000,419.737523561728,5
2024-09-19 10:57:53.820000,419.78045821181263,100
2024-09-19 10:57:53.840000,419.7312252946721,15
2024-09-19 10:57:53.858000,419.7890162242932,98
2024-09-19 10:57:53.886000,419.7219791698387,101
2024-09-19 10:57:53.904000,419.7641332670391,1002
2024-09-19 10:57:53.913000,419.72473181617096,999
2024-09-19 10:57:53.918000,419.7395270538276,11
2024-09-19 10:57:53.937000,419.7164545410705,96
2024-09-19 10:57:53.961000,419.70488950438056,12
2024-09-19 10:57:53.974000,419.7217128077933,1002
2024-09-19 10:57:54.063000,419.8561447579907,999
2024-09-19 10:57:54.164000,419.8540205487543,96
2024-09-19 10:57:54.173000,419.8487727135494,99
2024-09-19 10:57:54.269000,419.81117159159214,997
2024-09-19 10:57:54.372000,419.8508870868018,1000
2024-09-19 10:57:54.463000,419.84795704941655,14
2024-09-19 10:57:54.532000,419.8454207832576,995
2024-09-19 10:57:54.538000,419.8755988256658,8
2024-09-19 10:57:54.576000,419.87559403157405,95
2024-09-19 10:57:54.784000,419.8543196364436,96
2024-09-19 10:57:54.796000,419.8636107244605,1002
2024-09-19 10:57:54.825000,419.8779319910553,102
2024-09-19 10:57:54.879000,419.8369521577665,998
2024-09-19 10:57:54.894000,419.8682530934874,12
2024-09-19 10:57:54.900000,419.8314576030178,95
2024-09-19 10:57:54.911000,419.8531963752776,6
2024-09-19 10:57:55.036000,419.87972625364887,13
2024-09-19 10:57:55.092000,419.8413790601062,105
2024-09-19 10:57:55.113000,419.8591206495413,105
2024-09-19 10:57:55.205000,419.8588436214653,995
2024-09-19 10:57:55.232000,419.9006079687317,995
2024-09-19 10:57:55.252000,419.7874180935484,96
2024-09-19 10:57:55.303000,419.7807012294301,95
2024-09-19 10:57:55.366000,419.8840468584064,1003
2024-09-19 10:57:55.383000,419.7774507812189,105
2024-09-19 10:57:55.385000,419.80221512310914,99
2024-09-19 10:57:55.431000,419.8324013101699,1001
2024-09-19 10:57:55.485000,419.8607115688398,7
2024-09-19 10:57:55.548000,419.7853793356419,103
2024-09-19 10:57:55.573000,419.82037882021433,15
2024-09-19 10:57:55.599000,419.8536630385077,96
2024-09-19 10:57:55.643000,419.7537659763456,12
2024-09-19 10:57:55.644000,419.85099746735744,997
2024-09-19 10:57:55.697000,419.7558860193115,6
2024-09-19 10:57:55.698000,419.85640494207325,6
2024-09-19 10:57:55.719000,419.8265068746152,6
2024-09-19 10:57:55.766000,419.85124528497226,98
2024-09-19 10:57:55.808000,419.87501240350855,11
2024-09-19 10:57:55.830000,419.8222056530264,12
2024-09-19 10:57:55.897000,419.8079728608561,101
2024-09-19 10:57:55.905000,419.7600609806796,15
2024-09-19 10:57:55.924000,419.8897600237616,15
2024-09-19 10:57:55.983000,419.8327511374605,7
2024-09-19 10:57:55.995000,419.8260327094832,11
2024-09-19 10:57:56.016000,419.9338771989399,98
2024-09-19 10:57:56.020000,419.9218690637089,998
2024-09-19 10:57:56.029000,419.91162404082064,14
2024-09-19 10:57:56.090000,419.88242224220414,99
2024-09-19 10:57:56.103000,419.8981587413046,103
2024-09-19 10:57:56.138000,419.88811620113273,8
2024-09-19 10:57:56.165000,419.9120942693754,99
2024-09-19 10:57:56.176000,419.91489609419045,999
2024-09-19 10:57:56.220000,419.92173316248017,96
2024-09-19 10:57:56.297000,419.8914184234422,1004
2024-09-19 10:57:56.309000,419.8966433216506,1003
2024-09-19 10:57:56.392000,419.8978683433416,103
2024-09-19 10:57:56.406000,419.8949940263622,9
2024-09-19 10:57:56.447000,419.907444859777,9
2024-09-19 10:57:56.494000,419.91965197196674,12
2024-09-19 10:57:56.629000,419.89572011347536,13
2024-09-19 10:57:56.659000,419.9364734007497,105
2024-09-19 10:57:56.665000,419.9152685502309,5
2024-09-19 10:57:56.754000,419.9197581510864,6
2024-09-19 10:57:56.830000,419.91892613548725,9
2024-09-19 10:57:56.867000,419.918892579291,1005
2024-09-19 10:57:56.876000,419.9052862763043,1004
2024-09-19 10:57:56.957000,419.9308286831511,104
2024-09-19 10:57:57.045000,419.8601863487684,997
2024-09-19 10:57:57.149000,419.8595576326532,8
2024-09-19 10:57:57.227000,419.8794320196224,998
2024-09-19 10:57:57.377000,419.90717378709815,100
2024-09-19 10:57:57.473000,419.8806598000416,105
2024-09-19 10:57:57.585000,419.8973344136375,104
2024-09-19 10:57:57.591000,419.8803990468049,999
2024-09-19 10:57:57.682000,419.8893625441446,104
2024-09-19 10:57:57.719000,419.8670305285251,1004
2024-09-19 10:57:57.727000,419.896853623192,97
2024-09-19 10:57:57.869000,419.91639749715847,14
2024-09-19 10:57:57.965000,419.8610771072716,9
2024-09-19 10:57:58.001000,419.8624496930369,13
2024-09-19 10:57:58.083000,419.87438074352514,102
2024-09-19 10:57:58.168000,419.9055984468227,9
2024-09-19 10:57:58.211000,419.9194032484464,1001
2024-09-19 10:57:58.302000,419.9470556982252,95
2024-09-19 10:57:58.318000,419.9081332810053,5
2024-09-19 10:57:58.365000,419.8636169718635,96
2024-09-19 10:57:58.402000,419.8769626482844,95
2024-09-19 10:57:58.417000,419.8984819691282,1000
2024-09-19 10:57:58.436000,419.9008957514756,14
2024-09-19 10:57:58.449000,419.9094363119541,1000
2024-09-19 10:57:58.503000,419.96267055229526,105
2024-09-19 10:57:58.509000,419.9371046364619,95
2024-09-19 10:57:58.550000,419.9208296835299,8
2024-09-19 10:57:58.558000,419.9192140160391,95
2024-09-19 10:57:58.573000,419.90673539477024,8
2024-09-19 10:57:58.615000,419.9121871911528,1003
2024-09-19 10:57:58.659000,419.9555053373045,13
2024-09-19 10:57:58.662000,419.903963600124,1004
2024-09-19 10:57:58.759000,419.87698392235416,13
2024-09-19 10:57:58.776000,419.9711551708894,996
2024-09-19 10:57:58.788000,419.9023038961442,995
2024-09-19 10:57:58.901000,419.9309285905406,998
2024-09-19 10:57:58.907000,419.921736173496,1001
2024-09-19 10:57:58.995000,419.8855860064592,997
2024-09-19 10:57:59.080000,419.94271402717874,998
2024-09-19 10:57:59.385000,419.93787498566536,99
2024-09-19 10:57:59.455000,419.9599074479641,97
2024-09-19 10:57:59.498000,419.9334858176781,997
2024-09-19 10:57:59.508000,419.9438588155172,15
2024-09-19 10:57:59.589000,419.9556892678941,1002
2024-09-19 10:57:59.662000,419.9403180664236,996
2024-09-19 10:57:59.864000,419.9369175594236,7
2024-09-19 10:57:59.912000,419.95351227309686,1000
