Timestamp,Price,Size
2024-09-17 15:45:00.027000,409.3005585738544,1002
2024-09-17 15:45:00.078000,409.2936644295529,1001
2024-09-17 15:45:00.079000,409.2741077793556,6
2024-09-17 15:45:00.147000,409.28070826287706,96
2024-09-17 15:45:00.197000,409.3134920382051,7
2024-09-17 15:45:00.237000,409.293856021411,12
2024-09-17 15:45:00.269000,409.2894781943561,98
2024-09-17 15:45:00.300000,409.3179881882688,1005
2024-09-17 15:45:00.475000,409.2594940798851,105
2024-09-17 15:45:00.556000,409.2478085415331,97
2024-09-17 15:45:00.648000,409.2725712711556,6
2024-09-17 15:45:00.672000,409.2777949328584,14
2024-09-17 15:45:00.722000,409.2591047104755,11
2024-09-17 15:45:00.745000,409.2808221096811,995
2024-09-17 15:45:00.798000,409.2617876662966,996
2024-09-17 15:45:00.800000,409.2922939095014,1004
2024-09-17 15:45:00.923000,409.300693910624,103
2024-09-17 15:45:00.925000,409.26173710652176,15
2024-09-17 15:45:00.943000,409.2602394171328,102
2024-09-17 15:45:01.011000,409.3042017084679,11
2024-09-17 15:45:01.138000,409.27633352634416,5
2024-09-17 15:45:01.442000,409.2888679514897,1005
2024-09-17 15:45:01.455000,409.2783072535498,13
2024-09-17 15:45:01.894000,409.2962877202364,1001
2024-09-17 15:45:02.061000,409.29815950055695,5
2024-09-17 15:45:02.141000,409.2938427184054,998
2024-09-17 15:45:02.143000,409.2929127343879,1005
2024-09-17 15:45:02.143000,409.30679387155135,101
2024-09-17 15:45:02.378000,409.30481566862807,97
2024-09-17 15:45:02.422000,409.2991171009816,1003
2024-09-17 15:45:02.516000,409.3090098928026,996
2024-09-17 15:45:02.737000,416.30106064126113,100
2024-09-17 15:45:02.836000,409.312725236265,102
2024-09-17 15:45:02.908000,409.3219276521134,9
2024-09-17 15:45:02.959000,409.3031509026689,6
2024-09-17 15:45:03.002000,409.3160460813024,998
2024-09-17 15:45:03.082000,409.32449159468325,11
2024-09-17 15:45:03.266000,409.3003224117121,103
2024-09-17 15:45:03.280000,409.3019138157671,998
2024-09-17 15:45:03.358000,409.3234144021011,104
2024-09-17 15:45:03.364000,409.31486556481934,997
2024-09-17 15:45:03.430000,409.3289815982195,97
2024-09-17 15:45:03.431000,409.3199632652265,14
2024-09-17 15:45:03.578000,409.3269967501978,13
2024-09-17 15:45:03.579000,409.3146505087597,103
2024-09-17 15:45:03.691000,409.3045086845226,996
2024-09-17 15:45:03.723000,409.3200071162215,15
2024-09-17 15:45:03.782000,409.324769603824,100
2024-09-17 15:45:03.811000,409.2984593754315,995
2024-09-17 15:45:03.901000,409.30804554743264,6
2024-09-17 15:45:03.907000,409.2994169389162,996
2024-09-17 15:45:03.948000,409.32583289430266,995
2024-09-17 15:45:03.961000,409.315489398144,15
2024-09-17 15:45:03.973000,409.33070637395895,6
2024-09-17 15:45:04.133000,409.3600610940071,100
2024-09-17 15:45:04.158000,409.377317287105,999
2024-09-17 15:45:04.355000,409.3488319363287,1001
2024-09-17 15:45:04.460000,409.41237622110685,101
2024-09-17 15:45:04.521000,409.3386457490201,97
2024-09-17 15:45:04.541000,409.36174570014737,998
2024-09-17 15:45:04.613000,409.4153338382149,13
2024-09-17 15:45:04.653000,409.3491619145725,999
2024-09-17 15:45:04.679000,409.4130730687564,1004
2024-09-17 15:45:04.821000,409.3348426376676,1002
2024-09-17 15:45:04.898000,409.3281018267276,99
2024-09-17 15:45:04.914000,409.4152260184164,96
2024-09-17 15:45:04.929000,409.39528870048406,98
2024-09-17 15:45:04.996000,409.3129203805833,97
2024-09-17 15:45:05.195000,409.3969702229751,105
2024-09-17 15:45:05.233000,409.39691719413656,105
2024-09-17 15:45:05.246000,409.4047273174829,97
2024-09-17 15:45:05.292000,409.4096740212259,5
2024-09-17 15:45:05.376000,409.4169743768792,96
2024-09-17 15:45:05.390000,409.4029663517295,1004
2024-09-17 15:45:05.427000,409.43924706387,99
2024-09-17 15:45:05.469000,409.4404257574108,1005
2024-09-17 15:45:05.505000,409.4010785501038,13
2024-09-17 15:45:05.602000,409.3827959092481,96
2024-09-17 15:45:05.705000,409.4535056871764,999
2024-09-17 15:45:05.863000,409.4230798887802,6
2024-09-17 15:45:05.987000,409.3790062732119,99
2024-09-17 15:45:06.248000,409.4051149634543,999
2024-09-17 15:45:06.548000,409.388524246998,99
2024-09-17 15:45:06.873000,409.3655577148358,99
2024-09-17 15:45:07.115000,409.3786333611986,96
2024-09-17 15:45:07.229000,409.3753790874218,101
2024-09-17 15:45:07.243000,409.3745021383946,1005
2024-09-17 15:45:07.404000,409.3701649362512,100
2024-09-17 15:45:07.436000,409.3871847609334,1002
2024-09-17 15:45:07.785000,409.3777582788234,1001
2024-09-17 15:45:08.144000,409.38817611178496,8
2024-09-17 15:45:08.179000,409.3674140961179,998
2024-09-17 15:45:08.325000,409.36196193425104,95
2024-09-17 15:45:08.355000,409.37466672413456,8
2024-09-17 15:45:08.612000,409.36705025590544,98
2024-09-17 15:45:08.650000,409.3480878764152,995
2024-09-17 15:45:08.665000,409.3807148110936,98
2024-09-17 15:45:08.729000,409.3578199066745,997
2024-09-17 15:45:08.753000,409.350852356928,102
2024-09-17 15:45:08.899000,409.3769134410354,101
2024-09-17 15:45:08.943000,409.3646093993595,997
2024-09-17 15:45:09.049000,409.3643751448805,12
2024-09-17 15:45:09.080000,409.3681462587999,1004
2024-09-17 15:45:09.082000,409.33121133204605,103
2024-09-17 15:45:09.147000,409.3708748069176,101
2024-09-17 15:45:09.328000,409.3746458802656,1003
2024-09-17 15:45:09.337000,409.36976859134506,9
2024-09-17 15:45:09.339000,409.338682133162,999
2024-09-17 15:45:09.414000,409.3635235978485,1002
2024-09-17 15:45:09.433000,409.3578499969354,999
2024-09-17 15:45:09.484000,409.3613077952428,998
2024-09-17 15:45:09.553000,409.3396228212361,11
2024-09-17 15:45:09.599000,409.3613181186429,96
2024-09-17 15:45:09.604000,409.3402773741266,10
2024-09-17 15:45:09.686000,409.35974366938393,15
2024-09-17 15:45:09.760000,409.3160204839335,5
2024-09-17 15:45:09.803000,409.3606241628934,5
2024-09-17 15:45:09.810000,409.3820916935167,11
2024-09-17 15:45:09.851000,409.37053775680704,996
2024-09-17 15:45:09.872000,409.3582480722302,996
2024-09-17 15:45:09.891000,409.3435965822224,8
2024-09-17 15:45:09.919000,409.37206336485633,1003
2024-09-17 15:45:09.928000,409.36668066518064,1000
2024-09-17 15:45:10.197000,409.3756565815151,999
2024-09-17 15:45:10.217000,409.3506036473365,9
2024-09-17 15:45:10.223000,409.3745596473863,13
2024-09-17 15:45:10.249000,409.3390243850016,1005
2024-09-17 15:45:10.250000,409.37337883097337,1000
2024-09-17 15:45:10.255000,409.3146983899291,999
2024-09-17 15:45:10.452000,409.308567783849,1002
2024-09-17 15:45:10.618000,409.3479316275346,98
2024-09-17 15:45:10.718000,409.3180717401091,105
2024-09-17 15:45:10.808000,409.3528403999789,100
2024-09-17 15:45:10.913000,409.3568630808172,5
2024-09-17 15:45:11.007000,409.38293487840366,1004
2024-09-17 15:45:11.031000,409.37244959894366,104
2024-09-17 15:45:11.042000,409.37136457602753,5
2024-09-17 15:45:11.187000,409.3680856460045,11
2024-09-17 15:45:11.227000,409.37577119110495,95
2024-09-17 15:45:11.291000,409.3439229486586,996
2024-09-17 15:45:11.307000,409.3768044179311,1002
2024-09-17 15:45:11.359000,409.36112220961655,95
2024-09-17 15:45:11.485000,409.3584363591593,15
2024-09-17 15:45:11.493000,409.3948897830205,96
2024-09-17 15:45:11.506000,409.37849169787614,1005
2024-09-17 15:45:11.570000,409.3621804816128,15
2024-09-17 15:45:11.727000,409.3425360581203,7
2024-09-17 15:45:11.803000,409.3328165526228,997
2024-09-17 15:45:11.860000,409.3565749151896,7
2024-09-17 15:45:11.892000,409.387296060944,998
2024-09-17 15:45:11.930000,409.37040680567776,102
2024-09-17 15:45:12.037000,409.44234957832697,996
2024-09-17 15:45:12.135000,409.38995357349006,6
2024-09-17 15:45:12.255000,409.4168732477346,104
2024-09-17 15:45:12.267000,409.38828555013686,100
2024-09-17 15:45:12.280000,409.40130136674327,11
2024-09-17 15:45:12.294000,409.42566420247385,100
2024-09-17 15:45:12.310000,409.400828031041,96
2024-09-17 15:45:12.316000,409.4018649030195,13
2024-09-17 15:45:12.340000,409.4220382791546,5
2024-09-17 15:45:12.403000,409.41027686248685,1005
2024-09-17 15:45:12.463000,409.4123978114673,1001
2024-09-17 15:45:12.561000,409.39838981898765,102
2024-09-17 15:45:12.659000,409.438934784168,10
2024-09-17 15:45:12.703000,409.41905232312536,14
2024-09-17 15:45:12.719000,409.3821975884491,1000
2024-09-17 15:45:12.741000,409.40086103966576,1001
2024-09-17 15:45:12.764000,409.387205429315,1004
2024-09-17 15:45:12.775000,409.4030043568501,103
2024-09-17 15:45:12.855000,409.40157036599766,101
2024-09-17 15:45:12.928000,409.3872009818861,1005
2024-09-17 15:45:12.938000,409.4093436581956,96
2024-09-17 15:45:13.098000,409.38950082235584,8
2024-09-17 15:45:13.234000,409.3366717290442,15
2024-09-17 15:45:13.241000,409.3418643310971,11
2024-09-17 15:45:13.293000,409.38519379006,101
2024-09-17 15:45:13.402000,409.362401730304,104
2024-09-17 15:45:13.447000,409.3655566737497,1004
2024-09-17 15:45:13.463000,409.34203564985074,100
2024-09-17 15:45:13.471000,409.37409710619,1005
2024-09-17 15:45:13.472000,409.3611804965479,14
2024-09-17 15:45:13.604000,409.3880027071775,104
2024-09-17 15:45:13.730000,409.3515509091589,105
2024-09-17 15:45:13.753000,409.37779277045473,5
2024-09-17 15:45:14.030000,409.4274132935927,101
2024-09-17 15:45:14.030000,409.4521481830668,12
2024-09-17 15:45:14.069000,409.4757175359405,11
2024-09-17 15:45:14.180000,409.44844926739455,101
2024-09-17 15:45:14.182000,409.4200098511904,1002
2024-09-17 15:45:14.218000,409.4222639801096,1002
2024-09-17 15:45:14.231000,409.4460002869879,10
2024-09-17 15:45:14.236000,409.4122436526956,1002
2024-09-17 15:45:14.339000,409.4324896121258,97
2024-09-17 15:45:14.356000,409.42207088508985,7
2024-09-17 15:45:14.424000,409.427399649462,6
2024-09-17 15:45:14.479000,409.4256294482184,99
2024-09-17 15:45:14.507000,409.4610600481693,98
2024-09-17 15:45:14.511000,409.4243007920607,999
2024-09-17 15:45:14.629000,409.40475712564574,999
2024-09-17 15:45:14.696000,409.3994477118637,995
2024-09-17 15:45:14.763000,409.3755181504699,99
2024-09-17 15:45:14.773000,409.4301995367284,1002
2024-09-17 15:45:14.811000,409.4139308133932,104
2024-09-17 15:45:14.842000,409.4442956978757,96
2024-09-17 15:45:14.850000,409.35798389380216,98
2024-09-17 15:45:14.867000,409.3568778201016,6
2024-09-17 15:45:14.883000,409.4365450094627,1004
2024-09-17 15:45:14.884000,409.4412145749041,102
2024-09-17 15:45:14.898000,409.4581141611311,8
2024-09-17 15:45:14.912000,409.3975922698111,103
2024-09-17 15:45:14.994000,409.4263186364793,97
2024-09-17 15:45:14.994000,409.430920785178,5
2024-09-17 15:45:15.070000,409.3786897737967,105
2024-09-17 15:45:15.203000,416.2633509258591,6
2024-09-17 15:45:15.371000,409.3810180256021,7
2024-09-17 15:45:15.407000,409.3915512166878,102
2024-09-17 15:45:16.335000,409.38010284458136,101
2024-09-17 15:45:16.338000,409.416573749928,1004
2024-09-17 15:45:16.361000,409.4308439907449,1004
2024-09-17 15:45:16.428000,409.3928780141191,105
2024-09-17 15:45:16.476000,409.4019644890242,96
2024-09-17 15:45:16.610000,409.3805652331648,6
2024-09-17 15:45:16.704000,409.3948895939071,998
2024-09-17 15:45:16.707000,409.3964873813708,14
2024-09-17 15:45:16.756000,409.39118209926914,97
2024-09-17 15:45:16.796000,409.4081285077852,96
2024-09-17 15:45:16.805000,409.37740582054033,5
2024-09-17 15:45:17.098000,409.42653081614327,11
2024-09-17 15:45:17.286000,409.38658544524986,13
2024-09-17 15:45:17.288000,409.3924530374127,998
2024-09-17 15:45:17.320000,409.3990545811221,97
2024-09-17 15:45:17.336000,409.39898845820665,15
2024-09-17 15:45:17.379000,409.4268621669959,103
2024-09-17 15:45:17.694000,409.4071196529405,6
2024-09-17 15:45:17.781000,409.3906858521895,15
2024-09-17 15:45:17.854000,409.3924353202336,96
2024-09-17 15:45:18.073000,409.34429979365945,14
2024-09-17 15:45:18.074000,409.353265552112,1001
2024-09-17 15:45:18.163000,409.40951204366775,95
2024-09-17 15:45:18.181000,409.3953237443982,102
2024-09-17 15:45:18.188000,409.39411696458666,998
2024-09-17 15:45:18.200000,409.3992367807208,98
2024-09-17 15:45:18.207000,409.31799315476593,997
2024-09-17 15:45:18.214000,409.325169226037,9
2024-09-17 15:45:18.217000,409.34349999426223,1000
2024-09-17 15:45:18.273000,409.3233512188178,102
2024-09-17 15:45:18.353000,409.3188475232123,1000
2024-09-17 15:45:18.459000,409.31846500019066,9
2024-09-17 15:45:18.580000,409.3172601279659,1001
2024-09-17 15:45:18.584000,409.3857957354189,997
2024-09-17 15:45:18.595000,409.3176585803968,1003
2024-09-17 15:45:18.601000,409.34757813689686,996
2024-09-17 15:45:18.703000,409.3197807473538,102
2024-09-17 15:45:18.850000,409.3218143683803,1002
2024-09-17 15:45:18.884000,409.32516219525314,1003
2024-09-17 15:45:18.967000,409.329800220349,100
2024-09-17 15:45:19.001000,409.34936174845984,15
2024-09-17 15:45:19.181000,409.3067017342977,12
2024-09-17 15:45:19.190000,409.3459516149461,99
2024-09-17 15:45:19.191000,409.33396349926784,11
2024-09-17 15:45:19.205000,409.2764965534455,100
2024-09-17 15:45:19.229000,409.3342908212812,5
2024-09-17 15:45:19.255000,409.3250057517986,1001
2024-09-17 15:45:19.283000,409.3196816300465,7
2024-09-17 15:45:19.335000,409.3161336261787,9
2024-09-17 15:45:19.336000,409.2978456955387,1000
2024-09-17 15:45:19.533000,409.2929324979016,99
2024-09-17 15:45:19.581000,409.3221070990632,105
2024-09-17 15:45:19.727000,409.29750817628434,103
2024-09-17 15:45:19.765000,409.3354804424943,1005
2024-09-17 15:45:19.806000,409.2931002379184,6
2024-09-17 15:45:19.868000,409.3074058459132,102
2024-09-17 15:45:19.971000,409.2892932886066,998
2024-09-17 15:45:20.065000,409.3114632012817,96
2024-09-17 15:45:20.207000,409.3258525197304,5
2024-09-17 15:45:20.341000,409.325758770801,14
2024-09-17 15:45:20.469000,409.3131467994361,7
2024-09-17 15:45:20.581000,409.32651148503066,103
2024-09-17 15:45:20.709000,409.29057286773065,1005
2024-09-17 15:45:20.787000,409.2820501876463,11
2024-09-17 15:45:20.824000,409.2966303745742,12
2024-09-17 15:45:20.953000,409.3181938993407,101
2024-09-17 15:45:20.974000,409.3267402607346,6
2024-09-17 15:45:20.988000,409.297653618892,998
2024-09-17 15:45:21.151000,409.3014877301239,96
2024-09-17 15:45:21.343000,409.2909398091255,14
2024-09-17 15:45:21.521000,409.2828451960151,997
2024-09-17 15:45:21.577000,409.283636450343,6
2024-09-17 15:45:21.611000,409.3051767522364,8
2024-09-17 15:45:21.749000,409.32501397519786,99
2024-09-17 15:45:21.894000,409.2906178116616,997
2024-09-17 15:45:21.995000,409.27897635580325,105
2024-09-17 15:45:22.204000,409.1957930724126,995
2024-09-17 15:45:22.372000,409.2629669645515,6
2024-09-17 15:45:22.484000,409.2238908389548,14
2024-09-17 15:45:22.531000,409.1741175199165,1000
2024-09-17 15:45:22.538000,409.2114457069264,6
2024-09-17 15:45:22.582000,409.2632968888855,15
2024-09-17 15:45:22.720000,409.2772814882607,99
2024-09-17 15:45:22.783000,409.2054484740583,998
2024-09-17 15:45:23.155000,409.1577502525971,997
2024-09-17 15:45:23.256000,409.1578802584857,998
2024-09-17 15:45:23.674000,409.14765803468725,96
2024-09-17 15:45:23.732000,416.3208631207132,15
2024-09-17 15:45:23.761000,416.3025001552207,101
2024-09-17 15:45:23.770000,409.1503978827531,1003
2024-09-17 15:45:24.046000,409.1967032766392,104
2024-09-17 15:45:24.082000,409.13328815245984,995
2024-09-17 15:45:24.091000,409.1712013436027,1004
2024-09-17 15:45:24.143000,409.1567655940999,1000
2024-09-17 15:45:24.228000,409.1495299295893,13
2024-09-17 15:45:24.234000,409.1410251518712,1005
2024-09-17 15:45:24.334000,409.1707115148064,7
2024-09-17 15:45:24.338000,409.11862789623297,997
2024-09-17 15:45:24.360000,409.176020744663,1004
2024-09-17 15:45:24.389000,409.18524757253385,1005
2024-09-17 15:45:24.442000,409.1564086363631,101
2024-09-17 15:45:24.468000,409.12371465711607,97
2024-09-17 15:45:24.525000,409.1860780876541,99
2024-09-17 15:45:24.526000,409.1509724128924,105
2024-09-17 15:45:24.632000,409.13579292165366,999
2024-09-17 15:45:24.677000,409.1219395607269,6
2024-09-17 15:45:24.704000,409.14205692559625,100
2024-09-17 15:45:24.751000,409.1594673009537,1003
2024-09-17 15:45:24.772000,409.1646129634322,105
2024-09-17 15:45:24.795000,409.1519988857492,1002
2024-09-17 15:45:24.811000,409.16539343080433,99
2024-09-17 15:45:24.812000,409.1599149134945,104
2024-09-17 15:45:24.818000,409.1444627831999,11
2024-09-17 15:45:24.838000,409.1906148803717,996
2024-09-17 15:45:24.884000,409.1530669626186,1002
2024-09-17 15:45:24.940000,409.17127460531856,1003
2024-09-17 15:45:24.940000,416.3125245897998,996
2024-09-17 15:45:24.959000,409.1663917205519,99
2024-09-17 15:45:25.120000,409.1249558561211,1005
2024-09-17 15:45:25.167000,409.1120803347368,97
2024-09-17 15:45:25.195000,409.10065313886565,11
2024-09-17 15:45:25.218000,409.11062636005374,99
2024-09-17 15:45:25.362000,409.12855204416337,97
2024-09-17 15:45:25.397000,409.0999062023952,8
2024-09-17 15:45:25.473000,409.1091133893052,7
2024-09-17 15:45:25.567000,409.08846674498267,95
2024-09-17 15:45:25.610000,409.1337541062048,996
2024-09-17 15:45:25.785000,409.1293550323392,15
2024-09-17 15:45:25.896000,409.1034726311284,99
2024-09-17 15:45:25.970000,409.1018658363358,5
2024-09-17 15:45:26.292000,409.075588247886,12
2024-09-17 15:45:26.339000,409.0765815763966,102
2024-09-17 15:45:26.365000,409.1015294719992,97
2024-09-17 15:45:26.579000,409.0835111815932,10
2024-09-17 15:45:26.875000,409.0866714015133,1002
2024-09-17 15:45:26.888000,409.0893145868584,98
2024-09-17 15:45:26.895000,409.0903703275155,15
2024-09-17 15:45:26.901000,409.1002143317504,8
2024-09-17 15:45:26.930000,409.0976694986455,995
2024-09-17 15:45:27.068000,409.0640385514908,1001
2024-09-17 15:45:27.068000,409.0704220335689,12
2024-09-17 15:45:27.197000,409.0725031995929,14
2024-09-17 15:45:27.247000,409.07755162532,104
2024-09-17 15:45:27.285000,409.064129989295,1003
2024-09-17 15:45:27.297000,409.0666348908379,999
2024-09-17 15:45:27.327000,409.0597452405395,96
2024-09-17 15:45:27.360000,409.0580568408792,5
2024-09-17 15:45:27.375000,409.0667217008983,15
2024-09-17 15:45:27.473000,409.07722103250575,98
2024-09-17 15:45:27.556000,409.0492146012835,15
2024-09-17 15:45:27.557000,409.0678522036338,11
2024-09-17 15:45:27.570000,409.0606624104837,7
2024-09-17 15:45:27.602000,409.0501073690176,103
2024-09-17 15:45:27.641000,409.0620480675672,95
2024-09-17 15:45:27.720000,409.0722899237509,99
2024-09-17 15:45:27.973000,409.044690509199,1000
2024-09-17 15:45:28.017000,409.0866970759462,13
2024-09-17 15:45:28.019000,409.0640371018086,8
2024-09-17 15:45:28.061000,409.051801610933,96
2024-09-17 15:45:28.072000,409.0387425162007,1005
2024-09-17 15:45:28.075000,409.0476339086593,1001
2024-09-17 15:45:28.103000,409.0862689941122,15
2024-09-17 15:45:28.125000,409.0824151325497,995
2024-09-17 15:45:28.167000,409.0657727512194,100
2024-09-17 15:45:28.362000,409.0843584130448,996
2024-09-17 15:45:28.373000,409.0761122430948,1002
2024-09-17 15:45:28.414000,409.0233329088096,9
2024-09-17 15:45:28.446000,409.0894352763285,1002
2024-09-17 15:45:28.483000,409.06822313090856,1001
2024-09-17 15:45:28.529000,409.0639975796826,99
2024-09-17 15:45:28.563000,409.0622538259248,1002
2024-09-17 15:45:28.601000,409.0764515031108,1001
2024-09-17 15:45:28.611000,409.06509352039626,103
2024-09-17 15:45:28.615000,409.10285234013406,998
2024-09-17 15:45:28.620000,409.0749334603397,999
2024-09-17 15:45:28.630000,409.01888987525217,1002
2024-09-17 15:45:28.640000,409.0793163633028,102
2024-09-17 15:45:28.739000,409.0238932568744,13
2024-09-17 15:45:28.753000,409.0494762683081,103
2024-09-17 15:45:28.795000,409.0825416492722,101
2024-09-17 15:45:28.840000,409.0602275756624,998
2024-09-17 15:45:28.866000,409.0783821670845,7
2024-09-17 15:45:28.965000,409.0964841269382,6
2024-09-17 15:45:29.151000,409.0234354348799,5
2024-09-17 15:45:29.232000,409.0641482264263,7
2024-09-17 15:45:29.248000,409.070271422197,7
2024-09-17 15:45:29.254000,409.0694438942842,1005
2024-09-17 15:45:29.266000,409.0688104146735,996
2024-09-17 15:45:29.307000,409.0727169918427,1005
2024-09-17 15:45:29.399000,409.0613555710483,1000
2024-09-17 15:45:29.652000,409.0422301568279,14
2024-09-17 15:45:29.688000,409.0756480938999,997
2024-09-17 15:45:29.823000,409.05238648355726,102
2024-09-17 15:45:29.849000,409.05698117547394,11
2024-09-17 15:45:29.959000,409.0632906993536,1003
2024-09-17 15:45:29.979000,409.0597464795932,99
2024-09-17 15:45:30.037000,409.0299775430259,997
2024-09-17 15:45:30.090000,409.04471455621695,6
2024-09-17 15:45:30.106000,409.0393669225777,8
2024-09-17 15:45:30.145000,409.0491667020143,97
2024-09-17 15:45:30.185000,409.0218862280332,13
2024-09-17 15:45:30.324000,409.0739664677947,103
2024-09-17 15:45:30.355000,409.0486386399344,15
2024-09-17 15:45:30.383000,409.0164599343209,1004
2024-09-17 15:45:30.407000,409.03079653256447,15
2024-09-17 15:45:30.432000,409.0315793821308,1005
2024-09-17 15:45:30.438000,409.0271354433342,12
2024-09-17 15:45:30.490000,409.0304068001907,999
2024-09-17 15:45:30.547000,409.0227090527853,99
2024-09-17 15:45:30.589000,408.9979976667101,1005
2024-09-17 15:45:30.818000,409.0413988258765,996
2024-09-17 15:45:30.892000,409.0474154822246,998
2024-09-17 15:45:30.903000,409.0459697633705,995
2024-09-17 15:45:31.020000,409.0366767949485,15
2024-09-17 15:45:31.208000,408.9969653182089,104
2024-09-17 15:45:31.271000,409.0215943935087,996
2024-09-17 15:45:31.293000,409.0059741521744,7
2024-09-17 15:45:31.306000,409.0158367397156,102
2024-09-17 15:45:31.721000,408.9717668705397,997
2024-09-17 15:45:31.722000,409.0094605351404,10
2024-09-17 15:45:31.731000,409.0124662483124,997
2024-09-17 15:45:31.802000,409.0116405092992,101
2024-09-17 15:45:31.814000,409.0216295240508,1004
2024-09-17 15:45:31.907000,409.0224601255933,8
2024-09-17 15:45:32.027000,408.9701251994885,998
2024-09-17 15:45:32.935000,409.0145743415228,999
2024-09-17 15:45:32.948000,408.9978667455636,1003
2024-09-17 15:45:33.582000,408.9852569555616,10
2024-09-17 15:45:33.694000,408.9841376253284,999
2024-09-17 15:45:33.887000,408.9594405577726,7
2024-09-17 15:45:33.984000,408.96961285725325,1000
2024-09-17 15:45:34.064000,408.94990319991626,999
2024-09-17 15:45:34.351000,408.9644313828064,1005
2024-09-17 15:45:34.421000,408.9640363236117,8
2024-09-17 15:45:34.446000,408.9747104999725,997
2024-09-17 15:45:34.818000,408.97377933320985,103
2024-09-17 15:45:34.918000,408.9581821540417,97
2024-09-17 15:45:35.058000,408.98345289199625,15
2024-09-17 15:45:35.464000,408.97722013899215,12
2024-09-17 15:45:35.496000,408.9701308417884,97
2024-09-17 15:45:35.654000,408.9834115499156,1003
2024-09-17 15:45:37.064000,408.9916633739371,15
2024-09-17 15:45:37.097000,408.9386053322792,1005
2024-09-17 15:45:37.165000,408.9518172522245,100
2024-09-17 15:45:37.241000,408.9888948329016,102
2024-09-17 15:45:37.261000,408.9904182992054,999
2024-09-17 15:45:37.318000,408.98126409776864,997
2024-09-17 15:45:37.413000,408.9830125085784,998
2024-09-17 15:45:37.434000,408.98081425969,1004
2024-09-17 15:45:37.470000,408.9701060908389,1004
2024-09-17 15:45:37.513000,408.9642165798721,1001
2024-09-17 15:45:37.528000,408.9572532938392,996
2024-09-17 15:45:37.658000,408.9713783322349,995
2024-09-17 15:45:37.697000,408.9803446200799,12
2024-09-17 15:45:37.712000,408.9822066790634,997
2024-09-17 15:45:37.735000,408.9644458597773,9
2024-09-17 15:45:38.016000,408.9571223740254,6
2024-09-17 15:45:38.054000,408.9483910756412,100
2024-09-17 15:45:38.136000,408.95961519212966,14
2024-09-17 15:45:38.185000,408.9645537558399,10
2024-09-17 15:45:38.200000,408.9497235903911,996
2024-09-17 15:45:38.260000,408.95971410754765,10
2024-09-17 15:45:38.262000,408.959383293893,102
2024-09-17 15:45:38.280000,408.9643572891831,995
2024-09-17 15:45:38.363000,408.9479689241032,15
2024-09-17 15:45:38.372000,408.9854252455536,13
2024-09-17 15:45:38.413000,408.94164589393256,7
2024-09-17 15:45:38.446000,408.9698093005436,6
2024-09-17 15:45:38.519000,408.9381897095727,104
2024-09-17 15:45:38.542000,408.9909287684752,10
2024-09-17 15:45:38.547000,408.9424042983216,1004
2024-09-17 15:45:38.548000,408.9554582287424,95
2024-09-17 15:45:38.572000,408.9444985093482,997
2024-09-17 15:45:38.585000,408.9484225394207,5
2024-09-17 15:45:38.648000,408.9695729550888,98
2024-09-17 15:45:38.689000,408.97056081179824,102
2024-09-17 15:45:38.694000,408.9629406705554,7
2024-09-17 15:45:38.752000,408.9840085654486,6
2024-09-17 15:45:38.753000,408.9536069049297,14
2024-09-17 15:45:38.854000,408.9849988873781,99
2024-09-17 15:45:38.926000,408.9956656842512,6
2024-09-17 15:45:38.932000,408.9652078926546,104
2024-09-17 15:45:38.987000,408.94955752689833,1003
2024-09-17 15:45:38.993000,408.95725067675136,1001
2024-09-17 15:45:39.164000,409.00087773012353,102
2024-09-17 15:45:39.190000,408.9652416092224,996
2024-09-17 15:45:39.223000,408.9830099448996,12
2024-09-17 15:45:39.253000,408.9788626295657,98
2024-09-17 15:45:39.269000,408.9493888665252,6
2024-09-17 15:45:39.318000,408.97683083956025,9
2024-09-17 15:45:39.349000,408.9859840267836,102
2024-09-17 15:45:39.460000,408.95924996650217,1003
2024-09-17 15:45:39.527000,408.95024570932526,97
2024-09-17 15:45:39.548000,408.9514028702764,997
2024-09-17 15:45:39.690000,408.9575751856982,6
2024-09-17 15:45:39.700000,408.9733962769785,1000
2024-09-17 15:45:39.711000,408.9568621130476,1000
2024-09-17 15:45:39.755000,408.9946901885657,95
2024-09-17 15:45:39.776000,408.956784756393,5
2024-09-17 15:45:39.826000,408.9857960490332,998
2024-09-17 15:45:39.859000,408.9832199351887,13
2024-09-17 15:45:39.885000,408.9898970606562,15
2024-09-17 15:45:40.012000,408.9982493709915,998
2024-09-17 15:45:40.068000,416.24912535751554,104
2024-09-17 15:45:40.092000,408.9945098805329,100
2024-09-17 15:45:40.096000,408.9525130011842,999
2024-09-17 15:45:40.105000,408.9919048497751,1003
2024-09-17 15:45:40.188000,408.95099481159065,8
2024-09-17 15:45:40.348000,409.00356539012233,6
2024-09-17 15:45:40.414000,408.9779996894377,997
2024-09-17 15:45:40.569000,409.0221640666147,998
2024-09-17 15:45:40.587000,408.9644209172023,6
2024-09-17 15:45:40.600000,408.9236036655784,7
2024-09-17 15:45:40.635000,408.9714403568608,102
2024-09-17 15:45:40.662000,408.92468060567,1000
2024-09-17 15:45:40.675000,409.0101948753831,15
2024-09-17 15:45:40.757000,409.0188454939823,10
2024-09-17 15:45:40.774000,408.9728586697907,1002
2024-09-17 15:45:40.843000,408.9246022712424,96
2024-09-17 15:45:40.869000,408.9983849383168,96
2024-09-17 15:45:41.117000,408.9225652099118,12
2024-09-17 15:45:41.157000,408.92329133717817,102
2024-09-17 15:45:41.261000,408.942469825167,8
2024-09-17 15:45:41.317000,408.9252904942677,102
2024-09-17 15:45:41.521000,408.9156095550968,10
2024-09-17 15:45:41.707000,408.91722164034906,102
2024-09-17 15:45:41.762000,408.93372393952393,1005
2024-09-17 15:45:41.814000,408.9208714689135,12
2024-09-17 15:45:41.886000,408.933961374984,1002
2024-09-17 15:45:42.039000,408.9276753551417,5
2024-09-17 15:45:42.129000,408.9528016970851,1005
2024-09-17 15:45:42.134000,408.958397107891,15
2024-09-17 15:45:42.152000,408.9358443564071,15
2024-09-17 15:45:42.263000,408.9085582171213,10
2024-09-17 15:45:42.303000,408.95565739573584,13
2024-09-17 15:45:42.355000,408.92237703218206,97
2024-09-17 15:45:42.481000,408.9271545104034,100
2024-09-17 15:45:42.548000,408.9139528508349,13
2024-09-17 15:45:42.553000,408.91370129909495,9
2024-09-17 15:45:42.560000,408.95582511849614,9
2024-09-17 15:45:42.608000,408.93267211225606,96
2024-09-17 15:45:42.699000,408.9123080023895,12
2024-09-17 15:45:42.718000,408.947443481881,9
2024-09-17 15:45:42.778000,408.9314195455795,999
2024-09-17 15:45:42.842000,408.9161709230104,1003
2024-09-17 15:45:42.854000,408.92021866050464,11
2024-09-17 15:45:42.886000,408.9524490380129,1003
2024-09-17 15:45:42.897000,408.91845766023727,15
2024-09-17 15:45:42.929000,408.929252683932,1005
2024-09-17 15:45:42.988000,408.9256727063392,996
2024-09-17 15:45:43.084000,408.9209246403368,997
2024-09-17 15:45:43.227000,408.9043004381571,100
2024-09-17 15:45:43.416000,408.9110438776577,1002
2024-09-17 15:45:43.504000,408.9156015792829,995
2024-09-17 15:45:43.640000,408.9027807391667,15
2024-09-17 15:45:43.665000,408.91276357167726,1000
2024-09-17 15:45:43.812000,408.9143709235531,99
2024-09-17 15:45:44.021000,408.9096571912274,1001
2024-09-17 15:45:44.043000,408.9033619574471,1000
2024-09-17 15:45:44.056000,408.9141336070626,96
2024-09-17 15:45:44.093000,408.9429624477204,1001
2024-09-17 15:45:44.130000,408.9124581736232,15
2024-09-17 15:45:44.158000,408.9113149530441,102
2024-09-17 15:45:44.248000,408.9288698001875,12
2024-09-17 15:45:44.326000,408.9394685406213,6
2024-09-17 15:45:44.327000,408.9650576500709,1004
2024-09-17 15:45:44.347000,408.9697850235973,999
2024-09-17 15:45:44.392000,408.9361585306333,14
2024-09-17 15:45:44.408000,408.9666550738626,996
2024-09-17 15:45:44.435000,408.8942872761732,10
2024-09-17 15:45:44.467000,408.9750591537703,6
2024-09-17 15:45:44.467000,408.9037151614794,14
2024-09-17 15:45:44.475000,408.9473255202277,14
2024-09-17 15:45:44.562000,408.9801035100238,10
2024-09-17 15:45:44.711000,408.9608185041132,996
2024-09-17 15:45:44.765000,408.9272977963909,997
2024-09-17 15:45:44.809000,408.9229097846002,7
2024-09-17 15:45:44.837000,408.9120685407889,101
2024-09-17 15:45:44.904000,408.9276845282631,1003
2024-09-17 15:45:44.905000,408.9434394235191,999
2024-09-17 15:45:44.924000,408.9255731902581,100
2024-09-17 15:45:44.946000,408.9085932692597,10
2024-09-17 15:45:46.022000,408.9410434377645,1003
2024-09-17 15:45:46.042000,408.90071591668817,1002
2024-09-17 15:45:46.045000,408.9224369940097,1005
2024-09-17 15:45:46.072000,408.9050806820893,15
2024-09-17 15:45:46.095000,408.9254048414178,12
2024-09-17 15:45:46.215000,408.9019646458137,11
2024-09-17 15:45:46.324000,408.919515726482,14
2024-09-17 15:45:46.419000,408.9420287682012,996
2024-09-17 15:45:46.446000,408.91869603867417,103
2024-09-17 15:45:46.465000,408.8861372243101,997
2024-09-17 15:45:46.570000,408.9053997122539,10
2024-09-17 15:45:46.579000,408.91506580480745,8
2024-09-17 15:45:46.779000,408.9036390351686,12
2024-09-17 15:45:46.809000,408.9059684726252,1001
2024-09-17 15:45:46.833000,408.9112253505079,15
2024-09-17 15:45:46.866000,408.9122315418774,999
2024-09-17 15:45:46.943000,408.9008047636223,10
2024-09-17 15:45:46.958000,408.8923549892753,15
2024-09-17 15:45:46.963000,408.91708239478,10
2024-09-17 15:45:46.969000,408.89743498981375,8
2024-09-17 15:45:47.030000,408.9296591832704,96
2024-09-17 15:45:47.036000,408.92589586849766,101
2024-09-17 15:45:47.121000,408.971403876233,7
2024-09-17 15:45:47.144000,408.98047055475536,6
2024-09-17 15:45:47.240000,408.92892152022966,99
2024-09-17 15:45:47.247000,408.9521751619251,100
2024-09-17 15:45:47.288000,408.9699970815685,96
2024-09-17 15:45:47.308000,408.97840131848176,101
2024-09-17 15:45:47.349000,408.9190785371874,996
2024-09-17 15:45:47.401000,408.9184474805406,1002
2024-09-17 15:45:47.416000,408.976633363293,996
2024-09-17 15:45:47.433000,408.922840472896,95
2024-09-17 15:45:47.473000,408.9237864197671,996
2024-09-17 15:45:47.553000,408.9427821511819,98
2024-09-17 15:45:47.556000,408.9653093087565,999
2024-09-17 15:45:47.648000,408.9633879299085,97
2024-09-17 15:45:47.656000,408.946442648538,996
2024-09-17 15:45:47.676000,408.9752013060011,1002
2024-09-17 15:45:47.775000,408.9565877685448,101
2024-09-17 15:45:47.858000,408.9446005255356,1005
2024-09-17 15:45:47.962000,408.910817087327,11
2024-09-17 15:45:48.011000,409.0246749097876,100
2024-09-17 15:45:48.094000,408.9823169580824,13
2024-09-17 15:45:48.133000,409.0171435854202,995
2024-09-17 15:45:48.198000,408.9962970559493,104
2024-09-17 15:45:48.281000,409.0095385154457,995
2024-09-17 15:45:48.305000,408.9981968100303,997
2024-09-17 15:45:48.307000,408.9917632431192,104
2024-09-17 15:45:48.404000,408.9929210810471,96
2024-09-17 15:45:48.407000,409.00919127907065,1003
2024-09-17 15:45:48.425000,408.9880754201348,999
2024-09-17 15:45:48.439000,409.0058055232811,9
2024-09-17 15:45:48.477000,408.9627026250707,1004
2024-09-17 15:45:48.549000,408.9828437647604,10
2024-09-17 15:45:48.589000,409.0076348809654,11
2024-09-17 15:45:48.719000,408.9928795686836,12
2024-09-17 15:45:48.860000,408.980591133179,14
2024-09-17 15:45:48.869000,409.0257095617004,98
2024-09-17 15:45:48.948000,408.9953494033466,102
2024-09-17 15:45:49.015000,408.9903887935408,97
2024-09-17 15:45:49.161000,408.9755616851435,995
2024-09-17 15:45:49.167000,409.0006580878845,101
2024-09-17 15:45:49.200000,408.9760673287624,95
2024-09-17 15:45:49.201000,408.9729319990808,96
2024-09-17 15:45:49.204000,408.97873337005547,10
2024-09-17 15:45:49.280000,408.9816474500533,9
2024-09-17 15:45:49.300000,408.9812221880401,1005
2024-09-17 15:45:49.317000,409.0021705198454,1003
2024-09-17 15:45:49.323000,408.9856281146523,13
2024-09-17 15:45:49.352000,408.9805305719341,96
2024-09-17 15:45:49.446000,408.9938045122281,8
2024-09-17 15:45:49.484000,408.9823082430913,1004
2024-09-17 15:45:49.500000,408.9940473859724,999
2024-09-17 15:45:49.512000,408.995901892128,1005
2024-09-17 15:45:49.523000,408.9585414220502,13
2024-09-17 15:45:49.610000,408.98619969403455,105
2024-09-17 15:45:49.669000,408.9832162965745,98
2024-09-17 15:45:49.669000,408.9835057576122,99
2024-09-17 15:45:49.761000,408.9707617563244,105
2024-09-17 15:45:49.787000,408.98241539555386,11
2024-09-17 15:45:49.794000,408.9874587517927,5
2024-09-17 15:45:49.807000,408.9921580115135,97
2024-09-17 15:45:49.930000,408.98331455574765,14
2024-09-17 15:45:50.740000,408.97539002113984,998
2024-09-17 15:45:50.766000,408.9724597837958,13
2024-09-17 15:45:51.222000,409.0013412125281,1002
2024-09-17 15:45:51.344000,408.9963650442177,996
2024-09-17 15:45:51.452000,408.97477857242575,999
2024-09-17 15:45:51.519000,408.96774280521214,1000
2024-09-17 15:45:51.534000,409.0057624174903,105
2024-09-17 15:45:51.698000,408.97754449532914,99
2024-09-17 15:45:51.713000,409.0019231478022,1004
2024-09-17 15:45:51.743000,409.0125365113309,5
2024-09-17 15:45:51.748000,408.99588874806153,999
2024-09-17 15:45:51.781000,408.9896889979776,13
2024-09-17 15:45:51.928000,409.0202970817117,6
2024-09-17 15:45:51.964000,408.9857702550742,5
2024-09-17 15:45:52.383000,408.9685387374994,1003
2024-09-17 15:45:52.566000,408.95744819998544,7
2024-09-17 15:45:52.590000,408.95554039460376,9
2024-09-17 15:45:52.895000,408.9611432420881,8
2024-09-17 15:45:52.994000,408.9589227026686,1000
2024-09-17 15:45:53.235000,408.9566847833248,1004
2024-09-17 15:45:53.599000,408.9586348151855,100
2024-09-17 15:45:53.607000,408.949536315896,101
2024-09-17 15:45:53.959000,408.95564057590894,1000
2024-09-17 15:45:54.054000,408.92100924728913,104
2024-09-17 15:45:54.128000,408.90336472377714,998
2024-09-17 15:45:54.147000,408.9433670766183,97
2024-09-17 15:45:54.166000,408.880032644921,104
2024-09-17 15:45:54.222000,408.9043312637188,99
2024-09-17 15:45:54.232000,408.9217444915773,15
2024-09-17 15:45:54.264000,408.9585082765074,13
2024-09-17 15:45:54.283000,408.9132274162162,11
2024-09-17 15:45:54.311000,408.8787367993963,11
2024-09-17 15:45:54.444000,408.916349847892,95
2024-09-17 15:45:54.462000,408.91084003308526,99
2024-09-17 15:45:54.464000,408.9265746312935,101
2024-09-17 15:45:54.464000,408.8937204597681,1001
2024-09-17 15:45:54.465000,408.9112462256516,12
2024-09-17 15:45:54.501000,408.9378537645733,97
2024-09-17 15:45:54.559000,408.90481414643057,995
2024-09-17 15:45:54.597000,408.9206917748704,1003
2024-09-17 15:45:54.601000,408.9218014072946,11
2024-09-17 15:45:54.673000,408.866834348638,1002
2024-09-17 15:45:54.674000,408.8861966596925,1001
2024-09-17 15:45:54.716000,408.86559710332943,995
2024-09-17 15:45:54.824000,408.9294017118005,96
2024-09-17 15:45:54.845000,408.9154269536197,8
2024-09-17 15:45:54.876000,408.96511882098855,1001
2024-09-17 15:45:54.991000,408.9314987353136,996
2024-09-17 15:45:55.007000,408.8746807005348,96
2024-09-17 15:45:55.139000,408.9481024661947,97
2024-09-17 15:45:55.199000,408.9243883875674,15
2024-09-17 15:45:55.208000,408.91605500519984,105
2024-09-17 15:45:55.278000,408.9057598980485,104
2024-09-17 15:45:55.331000,408.9272765228992,998
2024-09-17 15:45:55.396000,408.8476757451314,97
2024-09-17 15:45:55.405000,408.90411703949167,9
2024-09-17 15:45:55.486000,408.898347155084,997
2024-09-17 15:45:55.500000,408.8928643648578,7
2024-09-17 15:45:55.536000,408.8699477680916,104
2024-09-17 15:45:55.656000,408.93748130301793,99
2024-09-17 15:45:55.682000,408.866668634944,1003
2024-09-17 15:45:55.705000,408.934385445544,1003
2024-09-17 15:45:55.714000,408.87780675773166,1002
2024-09-17 15:45:55.848000,408.8965962676495,104
2024-09-17 15:45:55.952000,408.90329777640005,9
2024-09-17 15:45:56.049000,408.8147529594501,1005
2024-09-17 15:45:56.059000,408.828299202284,11
2024-09-17 15:45:56.068000,408.8828586134809,103
2024-09-17 15:45:56.102000,408.93566501249546,996
2024-09-17 15:45:56.113000,408.91101111118974,996
2024-09-17 15:45:56.136000,408.8836047065951,14
2024-09-17 15:45:56.170000,408.880131956163,10
2024-09-17 15:45:56.199000,408.87754787264,1001
2024-09-17 15:45:56.212000,408.8587377833647,996
2024-09-17 15:45:56.237000,408.9438218740611,7
2024-09-17 15:45:56.245000,408.90121102523625,14
2024-09-17 15:45:56.297000,408.8898202439931,100
2024-09-17 15:45:56.322000,408.8765676209021,11
2024-09-17 15:45:56.354000,408.8684085033821,13
2024-09-17 15:45:56.459000,408.8383639995528,8
2024-09-17 15:45:56.484000,408.8859658421558,100
2024-09-17 15:45:56.519000,408.890894434155,9
2024-09-17 15:45:56.578000,408.89868973263634,1005
2024-09-17 15:45:56.590000,408.8341675737501,102
2024-09-17 15:45:56.614000,408.85911873101367,1004
2024-09-17 15:45:56.633000,408.8472678615919,98
2024-09-17 15:45:56.641000,408.821448266342,102
2024-09-17 15:45:56.646000,408.8708229097722,104
2024-09-17 15:45:56.686000,408.9038643143066,103
2024-09-17 15:45:56.744000,408.82204751364304,15
2024-09-17 15:45:56.759000,408.8943652355966,995
2024-09-17 15:45:56.845000,408.8952459265117,999
2024-09-17 15:45:56.965000,408.8813389279932,995
2024-09-17 15:45:56.994000,408.8718643111685,10
2024-09-17 15:45:57.075000,408.91096965118,11
2024-09-17 15:45:57.124000,408.9120917837203,15
2024-09-17 15:45:57.561000,408.95160396971056,14
2024-09-17 15:45:57.980000,408.9352150935623,997
2024-09-17 15:45:58.004000,408.93138726401634,8
2024-09-17 15:45:58.071000,408.9583242100611,103
2024-09-17 15:45:58.169000,408.9395144824027,1004
2024-09-17 15:45:58.243000,408.9544818832476,97
2024-09-17 15:45:58.354000,408.9602396254179,95
2024-09-17 15:45:58.429000,408.96667463058174,102
2024-09-17 15:45:58.526000,408.90264127256944,995
2024-09-17 15:45:58.562000,408.95887686317946,1004
2024-09-17 15:45:58.573000,408.9504475494797,7
2024-09-17 15:45:58.687000,408.9491778238856,97
2024-09-17 15:45:58.688000,408.9257486569471,7
2024-09-17 15:45:58.771000,408.9413481958855,1001
2024-09-17 15:45:58.872000,408.9429342638422,103
2024-09-17 15:45:58.884000,408.91306473836096,13
2024-09-17 15:45:58.902000,408.9639389563136,98
2024-09-17 15:45:58.970000,408.9392326261004,101
2024-09-17 15:45:59.085000,408.95401363097466,8
2024-09-17 15:45:59.174000,408.95424894710567,997
2024-09-17 15:45:59.235000,408.9066979483667,97
2024-09-17 15:45:59.257000,408.9422973472288,999
2024-09-17 15:45:59.264000,408.9385261654196,98
2024-09-17 15:45:59.268000,408.9348102632596,995
2024-09-17 15:45:59.313000,408.9340657554336,97
2024-09-17 15:45:59.387000,408.91405753008274,102
2024-09-17 15:45:59.465000,408.9337429015469,1005
2024-09-17 15:45:59.501000,408.94286105181067,15
2024-09-17 15:45:59.503000,408.9172164226506,14
2024-09-17 15:45:59.531000,408.9370293787827,14
2024-09-17 15:45:59.588000,408.9410339526191,10
2024-09-17 15:45:59.595000,408.92508375645207,15
2024-09-17 15:45:59.596000,408.95665156511785,1000
2024-09-17 15:45:59.624000,408.9250870156821,997
2024-09-17 15:45:59.625000,408.93310552647097,9
2024-09-17 15:45:59.676000,408.9380062873377,10
2024-09-17 15:45:59.678000,408.9298978430076,100
2024-09-17 15:45:59.705000,408.92397077910965,1005
2024-09-17 15:45:59.818000,408.92897296263743,6
2024-09-17 15:45:59.894000,408.9568993256992,14
2024-09-17 15:45:59.901000,408.9466574669197,8
2024-09-17 15:45:59.915000,408.954924255508,996
2024-09-17 15:45:59.927000,408.9190907533234,999
2024-09-17 15:45:59.962000,408.9197173680915,6
2024-09-17 15:45:59.965000,408.9155611613557,996
