Timestamp,Price,Size
2024-09-16 10:55:00.009000,417.1934533260199,999
2024-09-16 10:55:00.012000,417.2084711169736,104
2024-09-16 10:55:00.038000,417.1586277679576,98
2024-09-16 10:55:00.181000,417.1475018366808,1004
2024-09-16 10:55:00.267000,417.195951152016,95
2024-09-16 10:55:00.385000,417.1853764431921,9
2024-09-16 10:55:00.409000,417.158352451713,98
2024-09-16 10:55:00.428000,417.1948825515192,1001
2024-09-16 10:55:00.476000,417.13762684278254,999
2024-09-16 10:55:00.528000,417.148405275487,1005
2024-09-16 10:55:00.638000,417.1664762663577,11
2024-09-16 10:55:00.640000,417.143355469882,997
2024-09-16 10:55:00.702000,417.15568870861085,997
2024-09-16 10:55:00.787000,417.14802775096,996
2024-09-16 10:55:00.885000,417.1510152468656,101
2024-09-16 10:55:00.912000,417.1677917580233,995
2024-09-16 10:55:00.934000,417.21188012404906,998
2024-09-16 10:55:00.946000,417.20549947390975,1005
2024-09-16 10:55:00.994000,417.1990268457668,9
2024-09-16 10:55:01.099000,417.1693338885143,7
2024-09-16 10:55:01.262000,417.1837258075803,105
2024-09-16 10:55:01.280000,417.1967993840872,95
2024-09-16 10:55:01.282000,417.1774976452393,1000
2024-09-16 10:55:01.319000,417.1675313800071,11
2024-09-16 10:55:01.364000,417.1921055340983,7
2024-09-16 10:55:01.369000,417.1764379903423,9
2024-09-16 10:55:01.378000,417.1875582200725,15
2024-09-16 10:55:01.428000,417.1880304122269,995
2024-09-16 10:55:01.453000,417.200873530616,96
2024-09-16 10:55:01.469000,417.1844246278863,1004
2024-09-16 10:55:01.575000,417.1851024920095,8
2024-09-16 10:55:01.581000,417.17016708909387,99
2024-09-16 10:55:01.589000,417.1749224637684,997
2024-09-16 10:55:01.670000,417.183748697011,997
2024-09-16 10:55:01.693000,417.1686125058564,1003
2024-09-16 10:55:01.922000,417.1719238647541,14
2024-09-16 10:55:01.949000,417.1693941982479,105
2024-09-16 10:55:01.951000,417.1715591997487,1005
2024-09-16 10:55:02.014000,417.2075547610855,1002
2024-09-16 10:55:02.113000,417.2242736076688,997
2024-09-16 10:55:02.368000,417.1895571408572,103
2024-09-16 10:55:02.454000,417.1917184606778,1000
2024-09-16 10:55:02.458000,417.2472357249796,96
2024-09-16 10:55:02.464000,417.1798186653032,15
2024-09-16 10:55:02.780000,417.2165827162885,14
2024-09-16 10:55:02.789000,417.1998542589296,996
2024-09-16 10:55:02.862000,417.2365342609464,995
2024-09-16 10:55:02.938000,417.2043444257621,999
2024-09-16 10:55:03.007000,417.2324673254453,99
2024-09-16 10:55:03.062000,417.25550403992247,1002
2024-09-16 10:55:03.084000,417.24975611506056,96
2024-09-16 10:55:03.128000,417.2457803284576,996
2024-09-16 10:55:03.347000,417.2245313826359,1003
2024-09-16 10:55:03.470000,417.2412555030373,1001
2024-09-16 10:55:03.637000,417.24139756005707,102
2024-09-16 10:55:03.678000,417.2131547642736,997
2024-09-16 10:55:03.796000,417.26287852652985,104
2024-09-16 10:55:03.810000,417.2504367752757,1004
2024-09-16 10:55:03.889000,417.2213317610445,6
2024-09-16 10:55:03.960000,417.26046393181855,105
2024-09-16 10:55:04.051000,417.2365369668212,1000
2024-09-16 10:55:04.176000,417.2170499142417,996
2024-09-16 10:55:04.546000,417.2283761470401,1000
2024-09-16 10:55:04.747000,417.2290788433507,99
2024-09-16 10:55:06.095000,417.2666799611904,1000
2024-09-16 10:55:06.161000,417.2158576307764,999
2024-09-16 10:55:06.163000,417.27520169394944,100
2024-09-16 10:55:06.167000,417.3110469028717,6
2024-09-16 10:55:06.179000,417.20258931182696,998
2024-09-16 10:55:06.209000,417.21090699149096,101
2024-09-16 10:55:06.346000,417.265904999185,1004
2024-09-16 10:55:06.369000,417.24187962701575,105
2024-09-16 10:55:06.383000,417.2170926697802,14
2024-09-16 10:55:06.388000,417.3006162415732,15
2024-09-16 10:55:06.466000,417.21036068675215,10
2024-09-16 10:55:06.579000,417.2912407360183,1003
2024-09-16 10:55:06.593000,417.2625325692011,997
2024-09-16 10:55:06.595000,417.2755378662513,101
2024-09-16 10:55:06.640000,417.2587334099448,995
2024-09-16 10:55:06.647000,417.2137595643759,15
2024-09-16 10:55:06.703000,417.26171372274007,10
2024-09-16 10:55:06.720000,417.2380895059444,1005
2024-09-16 10:55:06.723000,417.21504601240485,998
2024-09-16 10:55:06.918000,417.23401514187,10
2024-09-16 10:55:06.924000,417.30865858414006,997
2024-09-16 10:55:06.951000,417.2486927839075,1000
2024-09-16 10:55:06.998000,417.22836502848975,1003
2024-09-16 10:55:07.003000,417.2733937033802,101
2024-09-16 10:55:07.038000,417.2688521887757,6
2024-09-16 10:55:07.157000,417.270807742451,1005
2024-09-16 10:55:07.459000,417.2857128155785,10
2024-09-16 10:55:07.460000,417.2664324044804,12
2024-09-16 10:55:07.514000,417.29735649337744,10
2024-09-16 10:55:07.592000,417.2752924161941,1001
2024-09-16 10:55:07.709000,417.2606994476808,97
2024-09-16 10:55:07.891000,417.269897839952,998
2024-09-16 10:55:07.920000,417.2613167674064,101
2024-09-16 10:55:08.152000,417.2212100051679,6
2024-09-16 10:55:08.190000,417.23361040481103,98
2024-09-16 10:55:08.249000,417.2174192657402,95
2024-09-16 10:55:08.391000,417.2179601089967,7
2024-09-16 10:55:08.394000,417.21055336146463,104
2024-09-16 10:55:08.912000,417.25179092542425,1005
2024-09-16 10:55:08.954000,417.2474529013591,1004
2024-09-16 10:55:08.973000,417.2761780970345,102
2024-09-16 10:55:08.985000,417.21406384248337,104
2024-09-16 10:55:09.015000,417.18687660388525,96
2024-09-16 10:55:09.117000,417.2028892947967,104
2024-09-16 10:55:09.332000,417.1752538138976,101
2024-09-16 10:55:09.474000,417.2130116188955,101
2024-09-16 10:55:09.491000,417.23766409594094,14
2024-09-16 10:55:09.496000,417.2109072844816,995
2024-09-16 10:55:09.516000,417.21968720281103,102
2024-09-16 10:55:09.648000,417.2290003422612,5
2024-09-16 10:55:09.649000,417.220394253447,99
2024-09-16 10:55:09.701000,417.222325625238,14
2024-09-16 10:55:09.707000,417.2220266140432,995
2024-09-16 10:55:09.769000,417.17392839439646,7
2024-09-16 10:55:09.921000,417.2212568114401,103
2024-09-16 10:55:09.925000,417.2206280223194,103
2024-09-16 10:55:09.985000,417.2173163782166,999
2024-09-16 10:55:10.292000,417.1633337768704,12
2024-09-16 10:55:10.785000,417.1705815374702,105
2024-09-16 10:55:10.986000,417.17965365017926,99
2024-09-16 10:55:11.012000,417.149878568712,8
2024-09-16 10:55:11.025000,417.0976272233736,1005
2024-09-16 10:55:11.107000,417.1284755690375,995
2024-09-16 10:55:11.124000,417.12424413305337,13
2024-09-16 10:55:11.167000,417.1407834843517,10
2024-09-16 10:55:11.193000,417.1243756626745,7
2024-09-16 10:55:11.304000,417.1379551781437,9
2024-09-16 10:55:11.566000,417.1408626361524,96
2024-09-16 10:55:11.669000,417.1331475043753,1000
2024-09-16 10:55:11.740000,417.13731038014095,998
2024-09-16 10:55:11.776000,417.1378040111128,1002
2024-09-16 10:55:11.785000,417.1403782454582,103
2024-09-16 10:55:11.805000,417.1301656218399,1003
2024-09-16 10:55:11.983000,417.1014159584464,8
2024-09-16 10:55:12.030000,417.0796340623519,102
2024-09-16 10:55:12.030000,417.0946690071525,999
2024-09-16 10:55:12.054000,417.0940941657211,6
2024-09-16 10:55:12.056000,417.0712899075732,9
2024-09-16 10:55:12.074000,417.09957827701606,13
2024-09-16 10:55:12.075000,417.0400830083256,7
2024-09-16 10:55:12.098000,417.0355819456709,1002
2024-09-16 10:55:12.141000,417.0756031105065,9
2024-09-16 10:55:12.177000,417.0338471344825,8
2024-09-16 10:55:12.215000,417.0470428949129,11
2024-09-16 10:55:12.254000,417.0352579910701,1005
2024-09-16 10:55:12.255000,417.1055274372628,105
2024-09-16 10:55:12.277000,417.02616981302936,996
2024-09-16 10:55:12.319000,417.1007103661305,1003
2024-09-16 10:55:12.472000,417.1187817089771,999
2024-09-16 10:55:12.631000,417.1205094869632,1000
2024-09-16 10:55:12.669000,417.0354488460057,101
2024-09-16 10:55:12.722000,417.0858674749588,104
2024-09-16 10:55:12.783000,417.0313356802169,1005
2024-09-16 10:55:12.845000,417.03605584561205,102
2024-09-16 10:55:12.863000,417.1193143382396,15
2024-09-16 10:55:12.903000,417.09886447816586,102
2024-09-16 10:55:12.980000,417.09215927706055,95
2024-09-16 10:55:12.990000,417.04811772705614,10
2024-09-16 10:55:13.027000,417.0384308024592,7
2024-09-16 10:55:13.081000,417.0326216548487,8
2024-09-16 10:55:13.135000,416.9986992225305,996
2024-09-16 10:55:13.166000,417.0416018175373,1003
2024-09-16 10:55:13.187000,417.03030904243616,998
2024-09-16 10:55:13.239000,416.9982738271912,9
2024-09-16 10:55:13.407000,417.0090915529129,9
2024-09-16 10:55:13.452000,417.0278565804913,103
2024-09-16 10:55:13.471000,417.04019613792224,104
2024-09-16 10:55:13.484000,416.9865518395066,13
2024-09-16 10:55:13.551000,417.0202800368393,105
2024-09-16 10:55:13.575000,417.0073875905613,15
2024-09-16 10:55:13.630000,416.99712335679857,1001
2024-09-16 10:55:13.642000,417.01554674803066,1000
2024-09-16 10:55:13.662000,417.0279821883916,1002
2024-09-16 10:55:13.681000,417.0079836852525,997
2024-09-16 10:55:13.728000,417.03011539216106,1003
2024-09-16 10:55:13.790000,417.0155372701955,998
2024-09-16 10:55:13.865000,417.0133021866231,11
2024-09-16 10:55:13.869000,417.0209671448504,98
2024-09-16 10:55:13.904000,417.0257694698104,12
2024-09-16 10:55:13.907000,417.0388141311938,996
2024-09-16 10:55:13.910000,417.0233263908648,6
2024-09-16 10:55:13.911000,417.045285551887,100
2024-09-16 10:55:13.912000,417.0346147172693,14
2024-09-16 10:55:13.923000,417.01349423171024,105
2024-09-16 10:55:13.959000,417.0225581484745,8
2024-09-16 10:55:13.985000,417.0437693288865,10
2024-09-16 10:55:13.985000,417.00522522260616,1001
2024-09-16 10:55:14.465000,417.03118946724896,7
2024-09-16 10:55:14.642000,417.0084573193519,999
2024-09-16 10:55:14.801000,417.0083370845431,98
2024-09-16 10:55:14.817000,417.022418215017,105
2024-09-16 10:55:14.857000,417.0073962044272,11
2024-09-16 10:55:14.865000,417.03004979543465,12
2024-09-16 10:55:14.870000,417.0215387143767,100
2024-09-16 10:55:14.956000,417.0227232470276,1003
2024-09-16 10:55:15.012000,417.0177110522469,1005
2024-09-16 10:55:15.028000,416.9952613553091,995
2024-09-16 10:55:15.079000,417.03148793064014,999
2024-09-16 10:55:15.219000,417.0057627839132,1003
2024-09-16 10:55:15.270000,417.0178110181757,10
2024-09-16 10:55:15.304000,417.0252269192516,99
2024-09-16 10:55:15.339000,416.99673247723103,104
2024-09-16 10:55:15.341000,417.0124631066476,104
2024-09-16 10:55:15.407000,417.0012121336442,7
2024-09-16 10:55:15.489000,417.00556417028616,7
2024-09-16 10:55:15.602000,416.99926808216793,15
2024-09-16 10:55:15.602000,417.014071054892,104
2024-09-16 10:55:15.660000,417.02964091204825,6
2024-09-16 10:55:15.700000,417.0161969986583,1005
2024-09-16 10:55:15.804000,416.9887970975748,10
2024-09-16 10:55:15.812000,416.9825132510807,5
2024-09-16 10:55:15.871000,417.0009464199691,11
2024-09-16 10:55:15.911000,417.0151830371276,97
2024-09-16 10:55:15.924000,417.02341268615777,8
2024-09-16 10:55:15.929000,416.99403986128254,100
2024-09-16 10:55:16.027000,417.0440760075643,100
2024-09-16 10:55:16.034000,417.0451663944458,1002
2024-09-16 10:55:16.058000,417.0288054031042,10
2024-09-16 10:55:16.058000,417.0137285078533,10
2024-09-16 10:55:16.249000,417.0308178717728,6
2024-09-16 10:55:16.266000,417.0097093621068,95
2024-09-16 10:55:16.269000,417.027871370567,15
2024-09-16 10:55:16.339000,417.0497882358467,100
2024-09-16 10:55:16.369000,417.0290044806903,1002
2024-09-16 10:55:16.398000,417.0170188219347,996
2024-09-16 10:55:16.522000,417.0014024203563,1001
2024-09-16 10:55:16.563000,417.0510886484981,96
2024-09-16 10:55:16.610000,417.04764785608427,1003
2024-09-16 10:55:16.696000,416.997874641026,12
2024-09-16 10:55:16.747000,417.04803631816543,996
2024-09-16 10:55:16.803000,417.0211718902348,13
2024-09-16 10:55:16.811000,417.0231221784895,1003
2024-09-16 10:55:16.832000,417.0481417439401,1001
2024-09-16 10:55:17.016000,417.024025465633,1001
2024-09-16 10:55:17.038000,417.0195379234141,5
2024-09-16 10:55:17.148000,417.028640030935,14
2024-09-16 10:55:17.223000,417.0130635915485,103
2024-09-16 10:55:17.305000,417.01826945978223,6
2024-09-16 10:55:17.326000,417.01639325912896,996
2024-09-16 10:55:17.484000,417.0224309557725,8
2024-09-16 10:55:17.496000,417.0124369259551,8
2024-09-16 10:55:17.514000,417.03148323055007,1005
2024-09-16 10:55:17.604000,417.0140130377242,101
2024-09-16 10:55:17.605000,417.01312377248365,995
2024-09-16 10:55:17.703000,417.016070252762,12
2024-09-16 10:55:17.760000,417.02168537139937,995
2024-09-16 10:55:17.856000,417.0097680394011,1001
2024-09-16 10:55:17.862000,417.01658521074535,999
2024-09-16 10:55:17.911000,417.03324585748936,995
2024-09-16 10:55:17.920000,417.0235750583272,11
2024-09-16 10:55:17.962000,417.00234263287,9
2024-09-16 10:55:18.041000,417.0209559647969,104
2024-09-16 10:55:18.086000,417.0225871616802,995
2024-09-16 10:55:18.124000,417.0538006464656,100
2024-09-16 10:55:18.173000,417.0552705511368,15
2024-09-16 10:55:18.197000,417.045767672381,999
2024-09-16 10:55:18.387000,417.072039068379,1004
2024-09-16 10:55:18.390000,417.0483834497567,996
2024-09-16 10:55:18.512000,417.0549302144108,997
2024-09-16 10:55:18.571000,417.0803292864237,1003
2024-09-16 10:55:18.572000,417.04394056665575,99
2024-09-16 10:55:18.578000,417.056693450726,998
2024-09-16 10:55:18.732000,417.0086682453681,1000
2024-09-16 10:55:18.739000,417.0388470770776,99
2024-09-16 10:55:18.766000,417.04559699395566,103
2024-09-16 10:55:18.798000,417.0701323273073,1003
2024-09-16 10:55:18.858000,417.055040978066,13
2024-09-16 10:55:18.866000,417.0738974465656,1005
2024-09-16 10:55:18.968000,417.0510857375583,99
2024-09-16 10:55:19.269000,417.0484602924294,8
2024-09-16 10:55:19.286000,417.05580167675816,1000
2024-09-16 10:55:19.372000,416.98741995901753,1002
2024-09-16 10:55:19.760000,417.0096927656442,1000
2024-09-16 10:55:19.776000,417.00310198195575,96
2024-09-16 10:55:19.807000,417.0109108595767,14
2024-09-16 10:55:19.834000,417.03288890113873,98
2024-09-16 10:55:19.885000,417.04734570118273,100
2024-09-16 10:55:19.932000,417.053082384852,14
2024-09-16 10:55:19.986000,417.0443867577098,104
2024-09-16 10:55:20.300000,416.9836546310507,1005
2024-09-16 10:55:20.661000,416.98925523629646,1004
2024-09-16 10:55:20.746000,416.9954738273675,5
2024-09-16 10:55:20.790000,417.0003327565626,6
2024-09-16 10:55:21.011000,416.91804014182304,996
2024-09-16 10:55:21.186000,416.9237742652314,9
2024-09-16 10:55:21.189000,416.9361519824543,95
2024-09-16 10:55:21.261000,416.9070701394712,1000
2024-09-16 10:55:21.466000,416.9287424863476,998
2024-09-16 10:55:21.561000,416.9662877655834,12
2024-09-16 10:55:21.702000,416.936659955453,1000
2024-09-16 10:55:21.927000,416.9411793756528,999
2024-09-16 10:55:22.031000,416.9009016082944,102
2024-09-16 10:55:22.072000,416.9302982171043,10
2024-09-16 10:55:22.135000,416.8998662702054,12
2024-09-16 10:55:22.191000,416.9412468096043,1004
2024-09-16 10:55:22.194000,416.93705661264056,1005
2024-09-16 10:55:22.514000,416.958316260359,101
2024-09-16 10:55:22.520000,416.9705731749076,1003
2024-09-16 10:55:22.533000,416.9157758882727,100
2024-09-16 10:55:22.554000,416.9463697044792,101
2024-09-16 10:55:22.606000,416.9523015669454,8
2024-09-16 10:55:22.813000,416.9347263960299,97
2024-09-16 10:55:22.825000,416.9158944889322,999
2024-09-16 10:55:22.826000,416.92141327642497,97
2024-09-16 10:55:22.846000,416.8837049017336,6
2024-09-16 10:55:22.930000,416.8822055485818,104
2024-09-16 10:55:22.987000,416.8949816168585,100
2024-09-16 10:55:23.497000,416.9449720833338,103
2024-09-16 10:55:23.517000,416.9544039673278,104
2024-09-16 10:55:23.978000,416.9638407183583,1000
2024-09-16 10:55:24.027000,417.007219581369,15
2024-09-16 10:55:24.097000,417.0167196958776,1002
2024-09-16 10:55:24.145000,417.0942847224562,99
2024-09-16 10:55:24.155000,417.0718976056744,8
2024-09-16 10:55:24.189000,416.9922892562146,1000
2024-09-16 10:55:24.215000,416.9973497903885,10
2024-09-16 10:55:24.248000,417.02750037763246,98
2024-09-16 10:55:24.331000,416.9813850282974,99
2024-09-16 10:55:24.353000,416.9785736359009,6
2024-09-16 10:55:24.358000,417.074719567308,12
2024-09-16 10:55:24.372000,417.05270918463793,100
2024-09-16 10:55:24.405000,417.0048257375102,7
2024-09-16 10:55:24.410000,417.0434080889627,1002
2024-09-16 10:55:24.484000,417.020919339278,105
2024-09-16 10:55:24.491000,417.0091915602371,1004
2024-09-16 10:55:24.712000,417.0049917514483,6
2024-09-16 10:55:24.737000,417.0913007336965,1003
2024-09-16 10:55:24.744000,416.97884692202086,1001
2024-09-16 10:55:24.809000,417.0066160571859,103
2024-09-16 10:55:24.971000,417.0762038818259,102
2024-09-16 10:55:24.986000,416.9987342029842,15
2024-09-16 10:55:25.011000,417.0800942223809,6
2024-09-16 10:55:25.208000,417.05718030582034,95
2024-09-16 10:55:25.229000,417.0327663919752,104
2024-09-16 10:55:25.335000,417.017078764249,96
2024-09-16 10:55:25.338000,417.027154770033,97
2024-09-16 10:55:25.389000,417.0788601204275,8
2024-09-16 10:55:25.432000,417.0377367961794,12
2024-09-16 10:55:25.627000,417.0597559007493,7
2024-09-16 10:55:25.657000,417.0260822138346,1001
2024-09-16 10:55:25.795000,417.06282686806026,6
2024-09-16 10:55:25.832000,417.0436159798072,10
2024-09-16 10:55:25.885000,417.08945538390014,14
2024-09-16 10:55:25.899000,417.0456966453021,1001
2024-09-16 10:55:26.207000,417.1047869710948,1000
2024-09-16 10:55:26.230000,417.0753699909801,999
2024-09-16 10:55:26.394000,417.0890576125979,6
2024-09-16 10:55:26.458000,417.0700851485652,13
2024-09-16 10:55:26.479000,417.07111190145537,999
2024-09-16 10:55:26.712000,417.0899802455003,96
2024-09-16 10:55:27.078000,417.1287438395789,1001
2024-09-16 10:55:27.098000,417.1229966656463,104
2024-09-16 10:55:27.186000,417.1330269291104,1001
2024-09-16 10:55:27.245000,417.1163307086184,1000
2024-09-16 10:55:27.337000,417.1441840783564,998
2024-09-16 10:55:27.373000,417.1181269916609,105
2024-09-16 10:55:27.393000,417.1105483442634,96
2024-09-16 10:55:27.398000,417.10392584001096,999
2024-09-16 10:55:27.402000,417.11954777732495,101
2024-09-16 10:55:27.463000,417.1266791945566,103
2024-09-16 10:55:27.466000,417.118691694902,996
2024-09-16 10:55:27.478000,417.1181991985386,1002
2024-09-16 10:55:27.491000,417.1370467785064,103
2024-09-16 10:55:27.518000,417.0843256581933,100
2024-09-16 10:55:27.704000,417.1042749986173,999
2024-09-16 10:55:27.707000,417.1466472048122,102
2024-09-16 10:55:27.714000,417.1144588493828,1005
2024-09-16 10:55:27.734000,417.09750958040576,995
2024-09-16 10:55:27.760000,417.12618398230273,1004
2024-09-16 10:55:27.828000,417.0978004359445,996
2024-09-16 10:55:27.835000,417.09232151506586,105
2024-09-16 10:55:27.849000,417.14294693933175,995
2024-09-16 10:55:27.865000,417.12898171964906,999
2024-09-16 10:55:27.895000,417.1058870788808,997
2024-09-16 10:55:27.914000,417.0897591185909,10
2024-09-16 10:55:27.956000,417.0773060634261,12
2024-09-16 10:55:27.957000,417.1256232701553,8
2024-09-16 10:55:28.018000,417.12732326768446,8
2024-09-16 10:55:28.150000,417.1461175544226,9
2024-09-16 10:55:28.170000,417.13243510483113,99
2024-09-16 10:55:28.323000,417.12224437800216,1001
2024-09-16 10:55:28.745000,417.14150853471045,995
2024-09-16 10:55:28.755000,417.1184744681474,7
2024-09-16 10:55:28.858000,417.1182964053567,98
2024-09-16 10:55:28.976000,417.1248496939128,5
2024-09-16 10:55:29.518000,417.1218646124889,1001
2024-09-16 10:55:29.974000,417.123876860108,104
2024-09-16 10:55:30.045000,417.1116108353659,12
2024-09-16 10:55:30.064000,417.0354813868514,103
2024-09-16 10:55:30.120000,417.0664220772925,996
2024-09-16 10:55:30.173000,417.1192779389033,8
2024-09-16 10:55:30.210000,417.0200165157179,998
2024-09-16 10:55:30.277000,417.02579745914784,1005
2024-09-16 10:55:30.395000,417.0902504249534,104
2024-09-16 10:55:30.589000,417.1065869653737,101
2024-09-16 10:55:30.627000,417.0495993988825,103
2024-09-16 10:55:30.670000,417.1012173391288,995
2024-09-16 10:55:30.796000,417.02503586563336,14
2024-09-16 10:55:30.856000,417.1235530957141,995
2024-09-16 10:55:30.964000,417.0236484086012,102
2024-09-16 10:55:30.984000,417.10610020534335,1002
2024-09-16 10:55:31.005000,417.01888965504656,103
2024-09-16 10:55:31.091000,417.0163994996316,103
2024-09-16 10:55:31.335000,417.0020182233948,7
2024-09-16 10:55:31.364000,417.00814685646526,1003
2024-09-16 10:55:31.380000,417.0492961065941,100
2024-09-16 10:55:31.412000,417.0352595643503,999
2024-09-16 10:55:31.453000,417.0275908316387,998
2024-09-16 10:55:31.469000,417.0201894901525,97
2024-09-16 10:55:31.571000,417.0268564501504,12
2024-09-16 10:55:31.576000,417.0239372902324,104
2024-09-16 10:55:31.632000,417.0023998515718,995
2024-09-16 10:55:31.641000,417.0465429333887,5
2024-09-16 10:55:31.741000,417.0081922924721,1003
2024-09-16 10:55:31.781000,416.9970140525417,1000
2024-09-16 10:55:31.949000,417.03125922008815,8
2024-09-16 10:55:32.009000,417.0312607675539,1001
2024-09-16 10:55:32.078000,417.0278309922235,8
2024-09-16 10:55:32.123000,417.0335771648781,105
2024-09-16 10:55:32.159000,417.0184229713361,1002
2024-09-16 10:55:32.260000,417.047645594716,995
2024-09-16 10:55:32.275000,417.0568738958908,13
2024-09-16 10:55:32.401000,417.0437226441351,996
2024-09-16 10:55:32.542000,417.0265485403426,1000
2024-09-16 10:55:32.555000,417.0567932608392,1005
2024-09-16 10:55:32.570000,417.0411142605507,10
2024-09-16 10:55:32.570000,417.0400154196389,1004
2024-09-16 10:55:32.701000,417.0401965408492,997
2024-09-16 10:55:32.709000,417.053876972846,6
2024-09-16 10:55:32.721000,417.03027692930016,1005
2024-09-16 10:55:32.736000,417.0390457948509,11
2024-09-16 10:55:32.836000,417.04011131319953,97
2024-09-16 10:55:32.994000,417.0345537154889,13
2024-09-16 10:55:33.025000,417.0463661412155,1002
2024-09-16 10:55:33.041000,417.0241015503775,102
2024-09-16 10:55:33.081000,416.9596742759088,96
2024-09-16 10:55:33.144000,417.0439136967968,12
2024-09-16 10:55:33.310000,416.94214598716326,10
2024-09-16 10:55:33.511000,416.9537672215542,96
2024-09-16 10:55:33.636000,417.03003685538886,101
2024-09-16 10:55:33.654000,416.9458352116656,97
2024-09-16 10:55:33.680000,416.9883487096214,98
2024-09-16 10:55:33.755000,416.9788819945488,1004
2024-09-16 10:55:33.862000,416.9563211063932,998
2024-09-16 10:55:33.909000,416.974295669044,995
2024-09-16 10:55:33.922000,416.975484985097,999
2024-09-16 10:55:34.106000,416.96266344856696,11
2024-09-16 10:55:34.288000,416.9639570536168,10
2024-09-16 10:55:35.083000,416.9161155082836,7
2024-09-16 10:55:35.151000,416.94076272113,997
2024-09-16 10:55:35.470000,416.9318054652246,1000
2024-09-16 10:55:35.513000,416.9030005376851,95
2024-09-16 10:55:35.639000,416.9376926925247,99
2024-09-16 10:55:35.641000,416.9267921176768,97
2024-09-16 10:55:35.706000,416.93518398301615,95
2024-09-16 10:55:35.719000,416.9439274048109,95
2024-09-16 10:55:35.922000,416.9412521109498,13
2024-09-16 10:55:35.972000,416.9308758320333,1001
2024-09-16 10:55:36.491000,416.9755736905795,1005
2024-09-16 10:55:36.542000,416.96468328695806,15
2024-09-16 10:55:36.564000,416.9666197113111,998
2024-09-16 10:55:36.576000,416.93724628221344,1005
2024-09-16 10:55:36.612000,416.94845713956914,99
2024-09-16 10:55:36.661000,416.9275937357231,104
2024-09-16 10:55:36.916000,416.952398760896,96
2024-09-16 10:55:37.065000,416.9820830518429,14
2024-09-16 10:55:37.121000,417.0270049390944,13
2024-09-16 10:55:37.124000,416.99017735563456,100
2024-09-16 10:55:37.150000,416.9786967795183,1002
2024-09-16 10:55:37.166000,416.9846448065096,1000
2024-09-16 10:55:37.243000,416.9799602336709,1003
2024-09-16 10:55:37.256000,416.9720901979434,995
2024-09-16 10:55:37.282000,417.0180382703163,97
2024-09-16 10:55:37.291000,417.0070488291171,99
2024-09-16 10:55:37.295000,417.0180156541406,95
2024-09-16 10:55:37.300000,416.9930398922816,995
2024-09-16 10:55:37.443000,416.9874969233648,1001
2024-09-16 10:55:37.467000,416.9832156363986,6
2024-09-16 10:55:37.491000,416.9746439100275,5
2024-09-16 10:55:37.496000,416.9967651421315,10
2024-09-16 10:55:37.551000,417.0062983625455,102
2024-09-16 10:55:37.575000,416.9965288459256,12
2024-09-16 10:55:37.611000,417.0022417675691,97
2024-09-16 10:55:37.612000,417.0000696118264,103
2024-09-16 10:55:37.617000,417.01660174131183,1005
2024-09-16 10:55:37.624000,417.0055064502561,1000
2024-09-16 10:55:37.687000,416.9873353434367,11
2024-09-16 10:55:37.828000,416.9839914840139,1000
2024-09-16 10:55:37.839000,417.027766234816,104
2024-09-16 10:55:37.893000,416.99093435997713,12
2024-09-16 10:55:37.949000,416.9832871116592,100
2024-09-16 10:55:38.114000,417.006353683648,12
2024-09-16 10:55:38.147000,416.9976383210201,9
2024-09-16 10:55:38.340000,416.9916119442991,97
2024-09-16 10:55:38.704000,416.9914850129022,105
2024-09-16 10:55:38.948000,417.0080607464029,96
2024-09-16 10:55:39.048000,417.0099557337184,101
2024-09-16 10:55:39.101000,416.99523363958224,998
2024-09-16 10:55:39.174000,417.02536191127575,105
2024-09-16 10:55:39.186000,416.9926106998476,1003
2024-09-16 10:55:39.279000,416.9986942111671,98
2024-09-16 10:55:39.399000,417.0097479434837,997
2024-09-16 10:55:39.435000,417.0338692346161,102
2024-09-16 10:55:39.897000,417.01174350420143,96
2024-09-16 10:55:40.059000,417.0121136099385,96
2024-09-16 10:55:40.069000,416.9943899336391,1000
2024-09-16 10:55:40.092000,416.9840357957723,97
2024-09-16 10:55:40.267000,417.0150671131888,105
2024-09-16 10:55:40.467000,417.02454994565954,11
2024-09-16 10:55:40.577000,417.0462667879026,104
2024-09-16 10:55:40.644000,416.987918236724,104
2024-09-16 10:55:40.677000,417.01779077828377,9
2024-09-16 10:55:40.732000,416.9868612394617,5
2024-09-16 10:55:40.735000,416.9860355825002,995
2024-09-16 10:55:40.834000,417.0256623236817,995
2024-09-16 10:55:40.862000,416.998809378975,99
2024-09-16 10:55:41.061000,417.00179468764816,7
2024-09-16 10:55:41.114000,417.0213225126882,13
2024-09-16 10:55:41.150000,417.03528551419646,9
2024-09-16 10:55:41.162000,417.0150055295073,1003
2024-09-16 10:55:41.256000,417.0266300837905,104
2024-09-16 10:55:41.296000,417.02542217011,1003
2024-09-16 10:55:41.307000,417.0044899657509,7
2024-09-16 10:55:41.348000,417.0043660955983,104
2024-09-16 10:55:41.433000,417.0088334464676,1004
2024-09-16 10:55:41.531000,417.0194899135685,9
2024-09-16 10:55:41.616000,417.0691460792726,102
2024-09-16 10:55:41.707000,417.0040083454844,12
2024-09-16 10:55:41.713000,416.9930170215381,102
2024-09-16 10:55:41.767000,417.01601214952274,8
2024-09-16 10:55:41.920000,417.0360838495341,1001
2024-09-16 10:55:41.922000,417.0158489117667,1003
2024-09-16 10:55:42.184000,417.0670221378556,9
2024-09-16 10:55:42.326000,417.046872815496,995
2024-09-16 10:55:42.387000,417.0524127820808,102
2024-09-16 10:55:42.600000,417.0549495160881,97
2024-09-16 10:55:43.033000,417.1557218209921,103
2024-09-16 10:55:43.061000,417.1115075252847,95
2024-09-16 10:55:43.117000,417.1263904842536,8
2024-09-16 10:55:43.126000,417.1325459845041,1003
2024-09-16 10:55:43.481000,417.06830914404384,5
2024-09-16 10:55:43.495000,417.0710959833111,8
2024-09-16 10:55:43.625000,417.1172984206699,999
2024-09-16 10:55:43.628000,417.0813666087424,1001
2024-09-16 10:55:43.901000,417.0789526888799,105
2024-09-16 10:55:43.908000,417.0728768826573,12
2024-09-16 10:55:43.915000,417.0811767473044,103
2024-09-16 10:55:43.972000,417.1395827884962,103
2024-09-16 10:55:44.005000,417.1342534142012,14
2024-09-16 10:55:44.093000,417.1399218080837,5
2024-09-16 10:55:44.584000,417.1392999743845,100
2024-09-16 10:55:45.005000,417.0869549609388,6
2024-09-16 10:55:45.033000,417.1582571296466,14
2024-09-16 10:55:45.054000,417.1445481823591,7
2024-09-16 10:55:45.073000,417.1724256386872,100
2024-09-16 10:55:45.170000,417.0837475611708,104
2024-09-16 10:55:45.172000,417.11848601607926,101
2024-09-16 10:55:45.179000,417.1131693399671,96
2024-09-16 10:55:45.181000,417.10979914625847,102
2024-09-16 10:55:45.192000,417.10145369726274,997
2024-09-16 10:55:45.213000,417.1066394275391,1003
2024-09-16 10:55:45.282000,417.1583757657479,99
2024-09-16 10:55:45.301000,417.105176957954,14
2024-09-16 10:55:45.368000,417.1630835052086,1003
2024-09-16 10:55:45.443000,417.1152270653431,995
2024-09-16 10:55:45.450000,417.106398428394,99
2024-09-16 10:55:45.508000,417.10502830867466,1005
2024-09-16 10:55:45.527000,417.08802934364473,6
2024-09-16 10:55:45.549000,417.1721893672855,96
2024-09-16 10:55:45.648000,417.16132153878334,104
2024-09-16 10:55:45.675000,417.16619163205456,7
2024-09-16 10:55:45.736000,417.08808929175007,998
2024-09-16 10:55:45.800000,417.1420472059124,102
2024-09-16 10:55:45.844000,417.0839763409432,101
2024-09-16 10:55:45.896000,417.1784525064464,95
2024-09-16 10:55:45.904000,417.1228694054897,14
2024-09-16 10:55:45.926000,417.1207448259125,11
2024-09-16 10:55:45.957000,417.1723505872414,5
2024-09-16 10:55:46.689000,417.10692383251103,11
2024-09-16 10:55:47.145000,417.0398818151038,99
2024-09-16 10:55:47.161000,417.0913098593027,13
2024-09-16 10:55:47.436000,417.0871286390981,10
2024-09-16 10:55:47.488000,417.0483997133013,103
2024-09-16 10:55:47.548000,417.0588309648898,6
2024-09-16 10:55:47.609000,417.10249456844326,1004
2024-09-16 10:55:47.621000,417.05413609990217,1001
2024-09-16 10:55:47.634000,417.0398823666855,105
2024-09-16 10:55:47.636000,417.1068191994136,104
2024-09-16 10:55:47.644000,417.05483338870073,1003
2024-09-16 10:55:47.759000,417.056733239604,1003
2024-09-16 10:55:47.790000,417.0406933822416,100
2024-09-16 10:55:47.878000,417.1036755314897,96
2024-09-16 10:55:47.907000,417.0591940606979,1001
2024-09-16 10:55:47.960000,417.0684168219244,100
2024-09-16 10:55:48.182000,417.0817056662607,98
2024-09-16 10:55:48.259000,417.11837420022016,102
2024-09-16 10:55:48.338000,417.0902653629103,101
2024-09-16 10:55:48.455000,417.1402219710505,996
2024-09-16 10:55:48.506000,417.0824638495226,1002
2024-09-16 10:55:48.538000,417.130175916304,5
2024-09-16 10:55:48.705000,417.1102593177832,99
2024-09-16 10:55:48.787000,417.0780899820637,7
2024-09-16 10:55:49.039000,417.1931998815208,9
2024-09-16 10:55:49.116000,417.1632136009781,1000
2024-09-16 10:55:49.465000,417.1871286323213,1003
2024-09-16 10:55:49.566000,417.17329778191663,95
2024-09-16 10:55:49.673000,417.1479926630933,997
2024-09-16 10:55:49.710000,417.1894657732203,8
2024-09-16 10:55:49.796000,417.1678683808138,999
2024-09-16 10:55:49.869000,417.17555879749455,11
2024-09-16 10:55:50.168000,417.1903927015204,1004
2024-09-16 10:55:50.441000,417.18326194068186,1004
2024-09-16 10:55:50.455000,417.1712345808375,15
2024-09-16 10:55:50.778000,417.1802190264589,1005
2024-09-16 10:55:50.873000,417.1686720887528,102
2024-09-16 10:55:51.013000,417.1467176801473,104
2024-09-16 10:55:51.449000,417.1406757952904,1002
2024-09-16 10:55:51.552000,417.1512354233524,9
2024-09-16 10:55:51.575000,417.1509268601552,101
2024-09-16 10:55:51.645000,417.1517807371112,100
2024-09-16 10:55:51.712000,417.1662584545538,101
2024-09-16 10:55:51.742000,417.15435305393487,1005
2024-09-16 10:55:51.743000,417.1446132398031,97
2024-09-16 10:55:51.924000,417.1562513926486,96
2024-09-16 10:55:52.046000,417.1695289926933,996
2024-09-16 10:55:52.073000,417.20195760405903,98
2024-09-16 10:55:52.302000,417.1990928552356,10
2024-09-16 10:55:52.330000,417.213157280674,1003
2024-09-16 10:55:52.342000,417.171921032611,103
2024-09-16 10:55:52.378000,417.2099923149828,100
2024-09-16 10:55:52.401000,417.18777469542175,99
2024-09-16 10:55:52.508000,417.15042541522814,103
2024-09-16 10:55:52.624000,417.1690823853472,8
2024-09-16 10:55:52.690000,417.197712724692,995
2024-09-16 10:55:52.709000,417.1564526653968,998
2024-09-16 10:55:52.761000,417.1965622805554,6
2024-09-16 10:55:52.814000,417.1809222585333,13
2024-09-16 10:55:52.843000,417.1372037166936,100
2024-09-16 10:55:52.868000,417.1952878433353,8
2024-09-16 10:55:52.879000,417.1571778029422,102
2024-09-16 10:55:52.900000,417.2184163315179,102
2024-09-16 10:55:52.943000,417.1867243197169,1003
2024-09-16 10:55:52.997000,417.1092479277254,9
2024-09-16 10:55:53.005000,417.1652234852627,1002
2024-09-16 10:55:53.023000,417.157555293388,103
2024-09-16 10:55:53.062000,417.1681756102443,998
2024-09-16 10:55:53.102000,417.10250977580125,999
2024-09-16 10:55:53.115000,417.14590107375113,102
2024-09-16 10:55:53.152000,417.15140549099766,98
2024-09-16 10:55:53.160000,417.1811384819346,103
2024-09-16 10:55:53.196000,417.1755128300056,995
2024-09-16 10:55:53.344000,417.1648959789164,15
2024-09-16 10:55:53.395000,417.1114560473011,8
2024-09-16 10:55:53.454000,417.17795133111576,14
2024-09-16 10:55:53.460000,417.1225499536808,98
2024-09-16 10:55:53.561000,417.1702670932132,97
2024-09-16 10:55:53.587000,417.1397766478031,8
2024-09-16 10:55:53.642000,417.1456006128833,99
2024-09-16 10:55:53.730000,417.0892294584232,996
2024-09-16 10:55:53.760000,417.1156616395453,96
2024-09-16 10:55:53.769000,417.0879517315786,995
2024-09-16 10:55:53.778000,417.1622203598218,101
2024-09-16 10:55:53.901000,417.11762732795097,5
2024-09-16 10:55:53.941000,417.19625829784434,995
2024-09-16 10:55:53.991000,417.1597770948027,8
2024-09-16 10:55:54.045000,417.1938275166702,1003
2024-09-16 10:55:54.113000,417.2128874837256,13
2024-09-16 10:55:54.191000,417.2231868997142,1003
2024-09-16 10:55:54.197000,417.2155412572596,102
2024-09-16 10:55:54.278000,417.2086151165862,105
2024-09-16 10:55:54.317000,417.23532028609947,1001
2024-09-16 10:55:54.409000,417.19571697382,11
2024-09-16 10:55:54.480000,417.19043330886825,995
2024-09-16 10:55:54.560000,417.2060892309439,1001
2024-09-16 10:55:54.587000,417.1835939228576,11
2024-09-16 10:55:54.590000,417.2129909173364,95
2024-09-16 10:55:54.596000,417.19243898380273,101
2024-09-16 10:55:54.696000,417.2150482996019,14
2024-09-16 10:55:54.741000,417.19930701212775,12
2024-09-16 10:55:54.750000,417.2121377088095,998
2024-09-16 10:55:54.784000,417.2240048243242,105
2024-09-16 10:55:54.789000,417.2215937410066,95
2024-09-16 10:55:54.837000,417.2271807739901,15
2024-09-16 10:55:54.865000,417.22554868040856,14
2024-09-16 10:55:54.915000,417.2049306123005,1000
2024-09-16 10:55:54.967000,417.2306289878017,14
2024-09-16 10:55:56.229000,417.1999105569777,1004
2024-09-16 10:55:56.446000,417.19363643983047,95
2024-09-16 10:55:56.623000,417.2076706053752,96
2024-09-16 10:55:57.071000,417.2106258720596,9
2024-09-16 10:55:57.125000,417.1966575735648,96
2024-09-16 10:55:57.290000,417.22200834290015,98
2024-09-16 10:55:57.370000,417.2055412223272,13
2024-09-16 10:55:57.503000,417.19540573004855,1001
2024-09-16 10:55:57.731000,417.2294500085312,1000
2024-09-16 10:55:57.771000,417.2131187605668,104
2024-09-16 10:55:57.786000,417.2004912427757,1001
2024-09-16 10:55:57.823000,417.23947038587846,8
2024-09-16 10:55:57.859000,417.21523148263736,8
2024-09-16 10:55:57.938000,417.2058232347295,104
2024-09-16 10:55:57.979000,417.205001358473,997
2024-09-16 10:55:58,417.26213463313206,995
2024-09-16 10:55:58.022000,417.269845776502,96
2024-09-16 10:55:58.116000,417.2498815419744,1005
2024-09-16 10:55:58.122000,417.24699646121087,7
2024-09-16 10:55:58.149000,417.2483707357922,1003
2024-09-16 10:55:58.149000,417.2960614362028,1001
2024-09-16 10:55:58.153000,417.2064873003599,99
2024-09-16 10:55:58.159000,417.22515540105866,11
2024-09-16 10:55:58.170000,417.2666118209662,1003
2024-09-16 10:55:58.176000,417.2592286747971,105
2024-09-16 10:55:58.306000,417.1957665629056,1000
2024-09-16 10:55:58.370000,417.2341622322357,996
2024-09-16 10:55:58.415000,417.2583033589045,996
2024-09-16 10:55:58.459000,417.2444060734193,12
2024-09-16 10:55:58.525000,417.2596732440854,5
2024-09-16 10:55:58.562000,417.2539843709173,997
2024-09-16 10:55:58.723000,417.2669843648436,999
2024-09-16 10:55:58.795000,417.2897695276428,98
2024-09-16 10:55:58.815000,417.2060072136932,11
2024-09-16 10:55:58.861000,417.2498854817612,1002
2024-09-16 10:55:58.874000,417.2742289525094,95
2024-09-16 10:55:58.905000,417.2409589622047,996
2024-09-16 10:55:59.144000,417.19172002524925,9
2024-09-16 10:55:59.246000,417.1758663950411,1005
2024-09-16 10:55:59.429000,417.19024943797297,1004
2024-09-16 10:55:59.444000,417.23690280475466,12
2024-09-16 10:55:59.675000,417.2398279945826,1000
2024-09-16 10:55:59.692000,417.1871861738122,997
2024-09-16 10:55:59.722000,417.1852191453043,1003
2024-09-16 10:55:59.819000,417.1891415328857,1002
2024-09-16 10:55:59.856000,417.21154664633934,10
2024-09-16 10:55:59.918000,417.2001411612483,96
