Timestamp,Price,Size
2024-09-18 10:04:00.739000,407.1594545293416,996
2024-09-18 10:04:00.834000,407.15045094170256,9
2024-09-18 10:04:01.009000,407.15576917736126,999
2024-09-18 10:04:01.014000,407.1942770487902,8
2024-09-18 10:04:01.060000,407.2000777483634,13
2024-09-18 10:04:01.066000,407.201458186692,995
2024-09-18 10:04:01.111000,407.197921027677,105
2024-09-18 10:04:01.114000,407.180351351784,995
2024-09-18 10:04:01.118000,407.2046598236454,1004
2024-09-18 10:04:01.127000,407.19164603154223,11
2024-09-18 10:04:01.409000,407.1725315337756,1005
2024-09-18 10:04:01.472000,407.1943891500137,102
2024-09-18 10:04:01.536000,407.2068432051488,101
2024-09-18 10:04:01.557000,407.1853872938461,7
2024-09-18 10:04:01.581000,407.1681278616303,12
2024-09-18 10:04:01.582000,407.2038869546556,103
2024-09-18 10:04:01.611000,407.1823656495199,999
2024-09-18 10:04:01.625000,407.1737721271396,15
2024-09-18 10:04:01.659000,407.2243564710813,101
2024-09-18 10:04:01.702000,407.19320965974725,999
2024-09-18 10:04:01.711000,407.1616438348497,104
2024-09-18 10:04:01.729000,407.2091142541326,15
2024-09-18 10:04:01.823000,407.17977451212136,103
2024-09-18 10:04:01.971000,407.183349273334,9
2024-09-18 10:04:01.999000,407.2013341296061,103
2024-09-18 10:04:02.010000,407.22817639083655,996
2024-09-18 10:04:02.021000,407.24044358833567,99
2024-09-18 10:04:02.026000,407.2323873103569,104
2024-09-18 10:04:02.029000,407.2382494531048,7
2024-09-18 10:04:02.087000,407.25221784078906,100
2024-09-18 10:04:02.125000,407.23401484332913,998
2024-09-18 10:04:02.129000,407.21037696623927,1005
2024-09-18 10:04:02.144000,407.2217979290461,1004
2024-09-18 10:04:02.177000,407.2267899579854,7
2024-09-18 10:04:02.192000,407.22780801478666,8
2024-09-18 10:04:02.272000,407.1973797157851,98
2024-09-18 10:04:02.291000,407.24231191547057,996
2024-09-18 10:04:02.292000,407.2077955272119,12
2024-09-18 10:04:02.307000,407.2471341012288,99
2024-09-18 10:04:02.368000,407.2463489457554,1003
2024-09-18 10:04:02.377000,407.2194387374876,9
2024-09-18 10:04:02.402000,407.21891491815614,95
2024-09-18 10:04:02.452000,407.213824754308,996
2024-09-18 10:04:02.470000,407.2292810752983,12
2024-09-18 10:04:02.519000,407.21284936341016,995
2024-09-18 10:04:02.659000,407.2104677168319,99
2024-09-18 10:04:02.670000,407.2161521883498,97
2024-09-18 10:04:02.713000,407.2444508184984,997
2024-09-18 10:04:02.799000,407.22931396751176,1002
2024-09-18 10:04:02.991000,407.2082200544995,997
2024-09-18 10:04:03.004000,407.1939964343711,997
2024-09-18 10:04:03.014000,407.2138345050146,7
2024-09-18 10:04:03.057000,407.1981354122217,995
2024-09-18 10:04:03.126000,407.2459041119779,1000
2024-09-18 10:04:03.158000,407.1933166138578,96
2024-09-18 10:04:03.211000,407.2118354759602,9
2024-09-18 10:04:03.254000,407.2082256374035,996
2024-09-18 10:04:03.254000,407.2047301462416,1003
2024-09-18 10:04:03.268000,407.18719716118494,98
2024-09-18 10:04:03.356000,407.2345371073642,15
2024-09-18 10:04:03.394000,407.2430596224264,1004
2024-09-18 10:04:03.399000,407.2446507478639,9
2024-09-18 10:04:03.508000,407.18080110454304,95
2024-09-18 10:04:03.517000,407.2017913052725,95
2024-09-18 10:04:03.602000,407.2030936481017,9
2024-09-18 10:04:03.678000,407.22390646743054,997
2024-09-18 10:04:03.723000,407.22365688873145,1000
2024-09-18 10:04:03.737000,407.1929544391053,8
2024-09-18 10:04:03.770000,407.1968622945397,15
2024-09-18 10:04:03.777000,407.2430004794099,998
2024-09-18 10:04:03.839000,407.18329360909513,8
2024-09-18 10:04:03.863000,407.2142162511043,6
2024-09-18 10:04:03.891000,407.2454402034985,14
2024-09-18 10:04:03.896000,407.1970355177337,95
2024-09-18 10:04:03.974000,407.1982056097581,98
2024-09-18 10:04:04.214000,407.2229962089326,13
2024-09-18 10:04:04.241000,407.2189532378919,14
2024-09-18 10:04:04.344000,407.22064170909886,104
2024-09-18 10:04:04.418000,407.2187076748371,1003
2024-09-18 10:04:04.684000,407.2197753468995,1001
2024-09-18 10:04:04.701000,407.2199798048466,13
2024-09-18 10:04:04.779000,407.2184296286456,1005
2024-09-18 10:04:04.787000,407.22534164749607,7
2024-09-18 10:04:05.001000,407.2253036844435,10
2024-09-18 10:04:05.076000,407.1629321913057,102
2024-09-18 10:04:05.144000,407.16770014275926,1004
2024-09-18 10:04:05.161000,407.23553356252313,95
2024-09-18 10:04:05.210000,407.16513896433,8
2024-09-18 10:04:05.218000,407.25487996395896,7
2024-09-18 10:04:05.237000,407.14872380499537,99
2024-09-18 10:04:05.239000,407.1784010845522,105
2024-09-18 10:04:05.267000,407.1864493283118,1003
2024-09-18 10:04:05.282000,407.1723667834918,1000
2024-09-18 10:04:05.416000,407.18032759119205,98
2024-09-18 10:04:05.436000,407.2365718518936,10
2024-09-18 10:04:05.437000,407.23044451948766,1001
2024-09-18 10:04:05.441000,407.2297161597336,995
2024-09-18 10:04:05.464000,407.1784017247314,7
2024-09-18 10:04:05.537000,407.1598939477021,999
2024-09-18 10:04:05.561000,407.2147166397581,996
2024-09-18 10:04:05.561000,407.2100276893895,11
2024-09-18 10:04:05.573000,407.2180514546536,11
2024-09-18 10:04:05.611000,407.2205115465442,1005
2024-09-18 10:04:05.635000,407.2660197746752,1003
2024-09-18 10:04:05.648000,407.1931620586145,5
2024-09-18 10:04:05.653000,407.2466131228952,11
2024-09-18 10:04:05.736000,407.24543663924055,102
2024-09-18 10:04:05.789000,407.2535620846355,8
2024-09-18 10:04:05.865000,407.1868750628224,999
2024-09-18 10:04:05.880000,407.1543337149307,997
2024-09-18 10:04:06.072000,407.2121916482052,1000
2024-09-18 10:04:06.305000,407.2173526842385,995
2024-09-18 10:04:06.351000,407.2145584928092,102
2024-09-18 10:04:06.443000,407.2345462757188,10
2024-09-18 10:04:06.564000,407.2228954973839,97
2024-09-18 10:04:06.572000,407.2186339611359,95
2024-09-18 10:04:06.586000,407.18467199576713,1001
2024-09-18 10:04:06.767000,407.2261417453676,996
2024-09-18 10:04:06.767000,407.2011602712719,8
2024-09-18 10:04:06.787000,407.2024627545495,999
2024-09-18 10:04:06.875000,407.2098911103526,11
2024-09-18 10:04:06.888000,407.16144836740006,98
2024-09-18 10:04:06.899000,407.21909650964994,5
2024-09-18 10:04:06.941000,407.1715569479487,11
2024-09-18 10:04:06.954000,407.2198089307556,9
2024-09-18 10:04:07.208000,407.1933583742888,996
2024-09-18 10:04:07.260000,407.1803078652723,98
2024-09-18 10:04:07.428000,407.1678496156442,12
2024-09-18 10:04:07.488000,407.1759099712591,104
2024-09-18 10:04:07.547000,407.1797250107451,1001
2024-09-18 10:04:07.617000,407.18584848135526,15
2024-09-18 10:04:07.624000,407.17990468602073,996
2024-09-18 10:04:07.644000,407.17540605722616,10
2024-09-18 10:04:07.660000,407.1633058026677,9
2024-09-18 10:04:07.699000,407.1730869319842,1005
2024-09-18 10:04:07.796000,407.1773878569686,15
2024-09-18 10:04:07.835000,407.1991789686148,102
2024-09-18 10:04:07.990000,407.1715555578122,1004
2024-09-18 10:04:08.212000,407.1929091594533,997
2024-09-18 10:04:08.283000,407.1848997304517,15
2024-09-18 10:04:08.299000,407.1780037573128,97
2024-09-18 10:04:08.803000,407.1987262317456,96
2024-09-18 10:04:09.021000,407.2087435461022,6
2024-09-18 10:04:09.077000,407.2018061778938,15
2024-09-18 10:04:09.124000,407.2128136384261,8
2024-09-18 10:04:09.149000,407.19961323914606,6
2024-09-18 10:04:09.290000,407.1994924855092,100
2024-09-18 10:04:09.389000,407.1515438191117,998
2024-09-18 10:04:09.400000,407.2274821135129,101
2024-09-18 10:04:09.411000,407.1505634569172,5
2024-09-18 10:04:09.453000,407.155685663547,1005
2024-09-18 10:04:09.495000,407.2294902839265,998
2024-09-18 10:04:09.551000,407.22235502204177,997
2024-09-18 10:04:09.556000,407.2244009921447,10
2024-09-18 10:04:09.560000,407.21473313731934,99
2024-09-18 10:04:09.567000,407.2088516497429,1005
2024-09-18 10:04:09.578000,407.1905639368502,7
2024-09-18 10:04:09.636000,407.2439764844803,997
2024-09-18 10:04:09.646000,407.17067713856096,999
2024-09-18 10:04:09.647000,407.1980183021256,11
2024-09-18 10:04:09.758000,407.2103427688319,11
2024-09-18 10:04:09.759000,407.17927264530994,105
2024-09-18 10:04:09.768000,407.1985752579408,14
2024-09-18 10:04:09.795000,407.22350062975903,101
2024-09-18 10:04:09.813000,407.2084383871145,1002
2024-09-18 10:04:09.833000,407.2234696275715,13
2024-09-18 10:04:09.842000,407.201791895491,13
2024-09-18 10:04:09.852000,407.1430459950698,105
2024-09-18 10:04:09.887000,407.1912706781324,995
2024-09-18 10:04:09.888000,407.1670207005099,98
2024-09-18 10:04:09.900000,407.2047484988434,7
2024-09-18 10:04:09.933000,407.2362383847783,7
2024-09-18 10:04:10.054000,407.1246957365773,1005
2024-09-18 10:04:10.115000,407.1042351666759,11
2024-09-18 10:04:10.124000,407.11973801474073,101
2024-09-18 10:04:10.143000,407.1391023570321,1002
2024-09-18 10:04:10.165000,407.0990819782004,1003
2024-09-18 10:04:10.234000,407.1289983527647,7
2024-09-18 10:04:10.282000,407.1351408021692,97
2024-09-18 10:04:10.307000,407.1327672737406,1005
2024-09-18 10:04:10.347000,407.1174699410929,104
2024-09-18 10:04:10.369000,407.1457815322567,10
2024-09-18 10:04:10.387000,407.0842814798887,10
2024-09-18 10:04:10.390000,407.1328449562709,96
2024-09-18 10:04:10.442000,407.12665932657615,1003
2024-09-18 10:04:10.453000,407.0912575084925,96
2024-09-18 10:04:10.454000,407.13665734734593,7
2024-09-18 10:04:10.535000,407.138550010586,103
2024-09-18 10:04:10.605000,407.11754546891376,105
2024-09-18 10:04:10.632000,407.12805878383097,995
2024-09-18 10:04:10.674000,407.12626304110506,9
2024-09-18 10:04:10.679000,407.1473263830069,995
2024-09-18 10:04:10.780000,407.1418352120186,102
2024-09-18 10:04:10.841000,407.0852406828625,98
2024-09-18 10:04:10.891000,407.1334909040491,97
2024-09-18 10:04:10.978000,407.13241781438495,99
2024-09-18 10:04:11.006000,407.1584136604383,97
2024-09-18 10:04:11.032000,407.1295677132449,14
2024-09-18 10:04:11.056000,407.1725411183217,10
2024-09-18 10:04:11.163000,407.1544585376949,99
2024-09-18 10:04:11.301000,407.1609740554339,14
2024-09-18 10:04:11.341000,407.1358072154825,1005
2024-09-18 10:04:11.344000,407.1495790540361,11
2024-09-18 10:04:11.350000,407.1522393837713,1004
2024-09-18 10:04:11.378000,407.13637416999546,97
2024-09-18 10:04:11.387000,407.1416660644596,98
2024-09-18 10:04:11.452000,407.1503502167943,105
2024-09-18 10:04:11.496000,407.1427463537247,104
2024-09-18 10:04:11.523000,407.1635989027477,11
2024-09-18 10:04:11.554000,407.1365059429026,1000
2024-09-18 10:04:11.825000,407.1666347324396,97
2024-09-18 10:04:11.900000,407.1460138845345,1002
2024-09-18 10:04:11.917000,407.1475195215541,1000
2024-09-18 10:04:11.924000,407.1585790760031,95
2024-09-18 10:04:11.948000,407.1485084291949,12
2024-09-18 10:04:11.999000,407.1399139244167,999
2024-09-18 10:04:14.646000,407.1502033213573,100
2024-09-18 10:04:14.683000,407.1413228335767,103
2024-09-18 10:04:15,407.15735254825086,1003
2024-09-18 10:04:15.142000,407.163312930516,1005
2024-09-18 10:04:15.212000,407.1613053823312,8
2024-09-18 10:04:15.267000,407.15681962663456,102
2024-09-18 10:04:15.367000,407.1508793469859,1000
2024-09-18 10:04:15.655000,407.1545596968167,101
2024-09-18 10:04:15.855000,407.1513888329615,103
2024-09-18 10:04:15.919000,407.15027420451247,10
2024-09-18 10:04:16.014000,407.0681079125322,105
2024-09-18 10:04:16.046000,407.15743311432567,15
2024-09-18 10:04:16.076000,407.0999274966813,100
2024-09-18 10:04:16.119000,407.151951946706,95
2024-09-18 10:04:16.131000,407.13155875297554,97
2024-09-18 10:04:16.131000,407.0656824472943,8
2024-09-18 10:04:16.438000,407.1485160042469,101
2024-09-18 10:04:16.443000,407.0780508959572,100
2024-09-18 10:04:16.545000,407.10093090160177,103
2024-09-18 10:04:16.550000,407.1555161749365,11
2024-09-18 10:04:16.598000,407.0627456946799,999
2024-09-18 10:04:16.700000,407.0683351991003,104
2024-09-18 10:04:16.723000,407.0715749486696,15
2024-09-18 10:04:16.792000,407.0896596577588,12
2024-09-18 10:04:16.827000,407.1677244664809,1005
2024-09-18 10:04:16.830000,407.1458193471369,9
2024-09-18 10:04:16.840000,407.14145932673495,5
2024-09-18 10:04:16.855000,407.1031197984792,99
2024-09-18 10:04:16.865000,407.12558061792765,996
2024-09-18 10:04:16.942000,407.15661616881846,1005
2024-09-18 10:04:16.987000,407.1183932516556,998
2024-09-18 10:04:17.328000,407.09106543348486,12
2024-09-18 10:04:17.618000,407.0936060165423,999
2024-09-18 10:04:17.745000,407.10947886762176,998
2024-09-18 10:04:17.969000,407.0988776510003,99
2024-09-18 10:04:17.972000,407.0822207036976,998
2024-09-18 10:04:18.042000,407.1235823142152,98
2024-09-18 10:04:18.069000,407.1177076645879,1000
2024-09-18 10:04:18.120000,407.132853238297,13
2024-09-18 10:04:18.231000,407.1361843399006,98
2024-09-18 10:04:18.383000,407.1139249142846,8
2024-09-18 10:04:18.438000,407.1286985648107,14
2024-09-18 10:04:18.728000,407.1198342038023,1002
2024-09-18 10:04:18.931000,407.1303899121939,9
2024-09-18 10:04:19.104000,407.13800893402725,6
2024-09-18 10:04:19.191000,407.13872826616506,104
2024-09-18 10:04:19.392000,407.1277216484367,1003
2024-09-18 10:04:20.004000,407.20968993818366,995
2024-09-18 10:04:20.025000,407.1805443525592,10
2024-09-18 10:04:20.105000,407.17605303095365,97
2024-09-18 10:04:20.108000,407.18256307460337,97
2024-09-18 10:04:20.202000,407.1602561903165,12
2024-09-18 10:04:20.318000,407.14742847000434,999
2024-09-18 10:04:20.371000,407.13105104477336,7
2024-09-18 10:04:20.376000,407.19331638851577,11
2024-09-18 10:04:20.458000,407.1821964724792,1004
2024-09-18 10:04:20.473000,407.1950510273213,996
2024-09-18 10:04:20.518000,407.1574513558409,10
2024-09-18 10:04:20.625000,407.1770049902474,8
2024-09-18 10:04:20.666000,407.1700746496376,96
2024-09-18 10:04:20.791000,407.17956307704657,14
2024-09-18 10:04:20.845000,407.18767257677285,97
2024-09-18 10:04:20.871000,407.1650080896232,10
2024-09-18 10:04:20.962000,407.1993525122841,105
2024-09-18 10:04:21.061000,407.1775384388814,14
2024-09-18 10:04:21.117000,407.18754997659215,97
2024-09-18 10:04:21.140000,407.2136865156343,100
2024-09-18 10:04:21.240000,407.1846085038245,99
2024-09-18 10:04:21.242000,407.1949722082808,6
2024-09-18 10:04:21.263000,407.1932178195743,98
2024-09-18 10:04:21.302000,407.1748932290349,997
2024-09-18 10:04:21.362000,407.2216687187114,996
2024-09-18 10:04:21.497000,407.21716568851485,1002
2024-09-18 10:04:21.534000,407.2063425627832,100
2024-09-18 10:04:21.639000,407.20183732163065,8
2024-09-18 10:04:21.646000,407.19290331038553,1005
2024-09-18 10:04:21.689000,407.21344522413307,1003
2024-09-18 10:04:21.745000,407.21097731112746,5
2024-09-18 10:04:21.767000,407.2007552721741,95
2024-09-18 10:04:21.784000,407.2030867253497,100
2024-09-18 10:04:21.836000,407.2138797156883,105
2024-09-18 10:04:21.890000,407.2100990470236,102
2024-09-18 10:04:22.033000,407.1884334967376,997
2024-09-18 10:04:22.198000,407.1913694949032,998
2024-09-18 10:04:22.801000,407.1813190202022,101
2024-09-18 10:04:22.893000,407.1717547353429,1001
2024-09-18 10:04:23.005000,407.1612282786709,998
2024-09-18 10:04:23.089000,407.1643616756516,1002
2024-09-18 10:04:23.272000,407.1498143241855,104
2024-09-18 10:04:23.498000,407.11490509629897,15
2024-09-18 10:04:24.032000,407.1308906326966,1003
2024-09-18 10:04:24.076000,407.1229718996568,95
2024-09-18 10:04:24.128000,407.0813541065017,11
2024-09-18 10:04:24.129000,407.1209207703093,1003
2024-09-18 10:04:24.151000,407.1439958289986,1005
2024-09-18 10:04:24.167000,407.1146966297369,996
2024-09-18 10:04:24.169000,407.1044029089885,998
2024-09-18 10:04:24.186000,407.1344750633357,11
2024-09-18 10:04:24.228000,407.10669757646207,97
2024-09-18 10:04:24.232000,407.1432787081017,1003
2024-09-18 10:04:24.278000,407.10165694625726,10
2024-09-18 10:04:24.347000,407.1176188602345,99
2024-09-18 10:04:24.435000,407.1398694128027,97
2024-09-18 10:04:24.444000,407.0993899955274,103
2024-09-18 10:04:24.467000,407.1361960676224,14
2024-09-18 10:04:24.527000,407.1007328407885,15
2024-09-18 10:04:24.666000,407.1192177584525,104
2024-09-18 10:04:24.670000,407.1213841888649,99
2024-09-18 10:04:24.721000,407.13790602297655,8
2024-09-18 10:04:24.751000,407.1110958639185,996
2024-09-18 10:04:24.800000,407.1137865589289,101
2024-09-18 10:04:24.843000,407.113052180405,104
2024-09-18 10:04:24.855000,407.10895835477777,1002
2024-09-18 10:04:24.863000,407.13325374603977,101
2024-09-18 10:04:24.867000,407.0980002537474,95
2024-09-18 10:04:24.936000,407.1118552197597,99
2024-09-18 10:04:25.018000,407.14332973455066,14
2024-09-18 10:04:25.079000,407.1155199838777,15
2024-09-18 10:04:25.111000,407.1657046310393,15
2024-09-18 10:04:25.139000,407.1429425874632,1003
2024-09-18 10:04:25.143000,407.14952732086255,1004
2024-09-18 10:04:25.143000,407.1309585319136,101
2024-09-18 10:04:25.195000,407.134550659001,100
2024-09-18 10:04:25.308000,407.158898750474,8
2024-09-18 10:04:25.389000,407.1503709582796,1003
2024-09-18 10:04:25.509000,407.13940731882025,1001
2024-09-18 10:04:25.551000,407.1337888265437,6
2024-09-18 10:04:25.585000,407.1345514376836,104
2024-09-18 10:04:25.810000,407.1398717235234,105
2024-09-18 10:04:26.116000,407.1979174262116,5
2024-09-18 10:04:26.256000,407.1968267296409,14
2024-09-18 10:04:26.371000,407.1453134717457,14
2024-09-18 10:04:26.485000,407.1706898370469,9
2024-09-18 10:04:26.581000,407.135962225677,1005
2024-09-18 10:04:26.759000,407.1771248925109,9
2024-09-18 10:04:26.766000,407.1777861032292,9
2024-09-18 10:04:26.831000,407.1844712214226,101
2024-09-18 10:04:26.876000,407.1775719522767,11
2024-09-18 10:04:27.034000,407.182887572482,5
2024-09-18 10:04:27.036000,407.1487834910813,105
2024-09-18 10:04:27.080000,407.2107955450516,101
2024-09-18 10:04:27.192000,407.2000770439779,102
2024-09-18 10:04:27.259000,407.1865307295725,96
2024-09-18 10:04:27.339000,407.1733229726765,105
2024-09-18 10:04:27.354000,407.1684959620521,1005
2024-09-18 10:04:27.359000,407.2036858328217,7
2024-09-18 10:04:27.365000,407.1670613529554,1003
2024-09-18 10:04:27.386000,407.1995089711704,996
2024-09-18 10:04:27.534000,407.1839221054786,101
2024-09-18 10:04:27.585000,407.17900315756737,5
2024-09-18 10:04:27.597000,407.18579018726655,997
2024-09-18 10:04:27.640000,407.20223657515385,1004
2024-09-18 10:04:27.665000,407.19255700709374,97
2024-09-18 10:04:27.714000,407.184717603692,98
2024-09-18 10:04:27.735000,407.1688493705945,105
2024-09-18 10:04:27.755000,407.2038159516366,95
2024-09-18 10:04:27.792000,407.1779170938228,6
2024-09-18 10:04:27.847000,407.1677465908482,95
2024-09-18 10:04:27.889000,407.1729730785214,15
2024-09-18 10:04:27.951000,407.1961747817337,14
2024-09-18 10:04:28.170000,407.1151756169226,11
2024-09-18 10:04:28.171000,407.1658913163358,1004
2024-09-18 10:04:28.213000,407.1571235419148,7
2024-09-18 10:04:28.298000,407.1316255015276,1005
2024-09-18 10:04:28.303000,407.1500198682382,8
2024-09-18 10:04:28.430000,407.1419069669951,999
2024-09-18 10:04:28.493000,407.1160915656388,10
2024-09-18 10:04:28.561000,407.1372275357136,99
2024-09-18 10:04:28.586000,407.1379776678184,96
2024-09-18 10:04:28.640000,407.1434379524753,15
2024-09-18 10:04:28.662000,407.1483420382676,96
2024-09-18 10:04:28.897000,407.1529718396554,1005
2024-09-18 10:04:28.897000,407.1182507883565,105
2024-09-18 10:04:28.982000,407.14369351824513,1000
2024-09-18 10:04:29.070000,407.11202902233566,1001
2024-09-18 10:04:29.080000,407.0991282815528,104
2024-09-18 10:04:29.101000,407.10917615719336,997
2024-09-18 10:04:29.131000,407.0920003235041,102
2024-09-18 10:04:29.131000,407.0931198326387,7
2024-09-18 10:04:29.273000,407.0992564149588,1002
2024-09-18 10:04:29.302000,407.1207586028128,12
2024-09-18 10:04:29.317000,407.085056228798,98
2024-09-18 10:04:29.381000,407.1198782756391,997
2024-09-18 10:04:29.442000,407.10280913518505,104
2024-09-18 10:04:29.572000,407.1083879228677,997
2024-09-18 10:04:29.574000,407.120817379372,104
2024-09-18 10:04:29.581000,407.1138956719436,15
2024-09-18 10:04:29.669000,407.1183022054124,1000
2024-09-18 10:04:29.727000,407.1034146668369,1001
2024-09-18 10:04:29.845000,407.0869870598964,5
2024-09-18 10:04:29.885000,407.1001435111298,998
2024-09-18 10:04:29.917000,407.1149581172477,10
2024-09-18 10:04:29.920000,407.0822367111118,999
2024-09-18 10:04:29.954000,407.1234218812983,15
2024-09-18 10:04:29.987000,407.1167765757132,102
2024-09-18 10:04:29.989000,407.1181604512612,15
2024-09-18 10:04:30.026000,407.0830140156385,1005
2024-09-18 10:04:30.083000,407.0640964990423,998
2024-09-18 10:04:30.090000,407.1053906805443,999
2024-09-18 10:04:30.150000,407.08234939080273,8
2024-09-18 10:04:30.190000,407.12479953715086,1000
2024-09-18 10:04:30.311000,407.1258368897824,9
2024-09-18 10:04:30.318000,407.144209514963,95
2024-09-18 10:04:30.504000,407.1162553453577,997
2024-09-18 10:04:30.508000,407.136126986144,101
2024-09-18 10:04:30.556000,407.1268492695978,15
2024-09-18 10:04:30.560000,407.1033646149964,7
2024-09-18 10:04:30.560000,407.10456296075256,997
2024-09-18 10:04:30.569000,407.0934624545332,9
2024-09-18 10:04:30.585000,407.11213919001307,9
2024-09-18 10:04:30.628000,407.0807021905951,96
2024-09-18 10:04:30.645000,407.1097787520393,1001
2024-09-18 10:04:30.650000,407.0988223513218,99
2024-09-18 10:04:30.670000,407.1138657594745,6
2024-09-18 10:04:30.683000,407.1046420086578,997
2024-09-18 10:04:30.692000,407.1373486074274,104
2024-09-18 10:04:30.762000,407.0986480487018,95
2024-09-18 10:04:30.800000,407.1440274809618,998
2024-09-18 10:04:30.810000,407.0710511352197,999
2024-09-18 10:04:30.825000,407.1353478132205,95
2024-09-18 10:04:30.838000,407.0629443589545,103
2024-09-18 10:04:30.867000,407.1006512992329,102
2024-09-18 10:04:30.901000,407.1354014804219,13
2024-09-18 10:04:30.916000,407.127988549262,104
2024-09-18 10:04:30.967000,407.1362105587344,98
2024-09-18 10:04:31.038000,407.1062043998367,1000
2024-09-18 10:04:31.116000,407.1148671386829,101
2024-09-18 10:04:31.552000,407.1037871033241,15
2024-09-18 10:04:31.677000,407.09543684835376,104
2024-09-18 10:04:31.818000,407.1173135889669,5
2024-09-18 10:04:32,407.1354949799873,105
2024-09-18 10:04:32.036000,407.1256067283673,13
2024-09-18 10:04:32.047000,407.1084624108734,1001
2024-09-18 10:04:32.062000,407.1389270377016,104
2024-09-18 10:04:32.074000,407.1170150440588,5
2024-09-18 10:04:32.092000,407.146582514501,996
2024-09-18 10:04:32.223000,407.1152300137359,104
2024-09-18 10:04:32.343000,407.12097493726486,1001
2024-09-18 10:04:32.368000,407.1350544256592,1005
2024-09-18 10:04:32.513000,407.1118170888694,98
2024-09-18 10:04:32.542000,407.1239540610658,99
2024-09-18 10:04:32.594000,407.1169385558255,8
2024-09-18 10:04:32.594000,407.1389922761853,11
2024-09-18 10:04:32.696000,407.10637344194265,11
2024-09-18 10:04:32.878000,407.11868276915,1000
2024-09-18 10:04:32.904000,407.1245144372159,104
2024-09-18 10:04:32.936000,407.1199405096972,12
2024-09-18 10:04:32.963000,407.1276272747515,100
2024-09-18 10:04:32.975000,407.1056832742383,997
2024-09-18 10:04:33.012000,407.0908982576221,105
2024-09-18 10:04:33.045000,407.1202138236608,13
2024-09-18 10:04:33.067000,407.0932613207514,998
2024-09-18 10:04:33.123000,407.1217239853224,9
2024-09-18 10:04:33.126000,407.09550537780166,995
2024-09-18 10:04:33.126000,407.1247744076099,13
2024-09-18 10:04:33.146000,407.0770059627143,5
2024-09-18 10:04:33.169000,407.1072290256918,102
2024-09-18 10:04:33.239000,407.1202466440327,1003
2024-09-18 10:04:33.340000,407.0872860557124,999
2024-09-18 10:04:33.341000,407.130818690659,7
2024-09-18 10:04:33.408000,407.0950323699972,997
2024-09-18 10:04:33.451000,407.1191381564456,96
2024-09-18 10:04:33.525000,407.1056167799287,103
2024-09-18 10:04:33.549000,407.10411878309327,97
2024-09-18 10:04:33.554000,407.13188733941325,7
2024-09-18 10:04:33.613000,407.09927102150704,95
2024-09-18 10:04:33.763000,407.1264043194032,101
2024-09-18 10:04:33.780000,407.07951584830994,97
2024-09-18 10:04:33.862000,407.0656835815981,9
2024-09-18 10:04:33.875000,407.0741546181808,13
2024-09-18 10:04:33.886000,407.1095499352229,11
2024-09-18 10:04:34.022000,407.0473732981994,101
2024-09-18 10:04:34.234000,407.0633745371693,998
2024-09-18 10:04:34.340000,407.05839135039065,104
2024-09-18 10:04:34.448000,407.0722080053839,9
2024-09-18 10:04:34.511000,407.0501400817629,6
2024-09-18 10:04:34.527000,407.0666837931418,1004
2024-09-18 10:04:34.632000,407.04932910462327,1004
2024-09-18 10:04:34.850000,407.0490150671836,995
2024-09-18 10:04:34.877000,407.0492200635853,996
2024-09-18 10:04:34.974000,407.0488820096287,1004
2024-09-18 10:04:34.987000,407.0371440024287,100
2024-09-18 10:04:34.996000,407.05227727106336,13
2024-09-18 10:04:35.023000,407.0665052613118,1003
2024-09-18 10:04:35.107000,407.0774928006683,1005
2024-09-18 10:04:35.190000,407.066041322146,1000
2024-09-18 10:04:35.196000,407.0426445183798,997
2024-09-18 10:04:35.236000,407.0461081821228,102
2024-09-18 10:04:35.347000,407.0661091460767,9
2024-09-18 10:04:35.361000,407.056729661346,105
2024-09-18 10:04:35.400000,407.0710358471825,99
2024-09-18 10:04:35.429000,407.0677650801312,104
2024-09-18 10:04:35.445000,407.0593683136981,14
2024-09-18 10:04:35.560000,407.0850772256851,10
2024-09-18 10:04:35.575000,407.0538901653139,11
2024-09-18 10:04:35.731000,407.0503937263187,6
2024-09-18 10:04:35.738000,407.04463322129874,997
2024-09-18 10:04:35.811000,407.0761776922711,1005
2024-09-18 10:04:35.903000,407.07184777035695,11
2024-09-18 10:04:36.035000,407.0554613953561,1004
2024-09-18 10:04:36.042000,407.0968818268811,1000
2024-09-18 10:04:36.091000,407.0855192729879,10
2024-09-18 10:04:36.223000,407.1314221488456,102
2024-09-18 10:04:36.259000,407.1346003638191,999
2024-09-18 10:04:36.283000,407.0713928051696,13
2024-09-18 10:04:36.286000,407.1106388097039,8
2024-09-18 10:04:36.290000,407.0861294998818,1003
2024-09-18 10:04:36.351000,407.08258071585806,5
2024-09-18 10:04:36.364000,407.0968548950697,104
2024-09-18 10:04:36.385000,407.0717265711229,95
2024-09-18 10:04:36.413000,407.1349338041051,100
2024-09-18 10:04:36.424000,407.0673642445915,96
2024-09-18 10:04:36.486000,407.05525116777847,98
2024-09-18 10:04:36.486000,407.04803280827406,1003
2024-09-18 10:04:36.595000,407.11950422009886,12
2024-09-18 10:04:36.637000,407.0943761484668,6
2024-09-18 10:04:36.650000,407.0890308563386,97
2024-09-18 10:04:36.712000,407.0811953374361,5
2024-09-18 10:04:36.762000,407.1001894123386,1005
2024-09-18 10:04:36.838000,407.10427091829393,12
2024-09-18 10:04:36.874000,407.0840917620516,999
2024-09-18 10:04:36.882000,407.12733788475447,103
2024-09-18 10:04:36.912000,407.0554613108809,11
2024-09-18 10:04:36.944000,407.12545737267646,999
2024-09-18 10:04:36.976000,407.09291029925936,102
2024-09-18 10:04:36.997000,407.14024093642365,5
2024-09-18 10:04:37.050000,407.0054651381188,100
2024-09-18 10:04:37.071000,407.0504664374095,15
2024-09-18 10:04:37.194000,407.023796018254,1004
2024-09-18 10:04:37.198000,407.0009079345434,9
2024-09-18 10:04:37.213000,407.0294328752093,104
2024-09-18 10:04:37.228000,407.0130343388055,11
2024-09-18 10:04:37.251000,407.0551402629217,6
2024-09-18 10:04:37.264000,406.98491323510297,9
2024-09-18 10:04:37.298000,407.0106503567079,12
2024-09-18 10:04:37.302000,406.9878185019692,9
2024-09-18 10:04:37.343000,406.9951048046451,12
2024-09-18 10:04:37.446000,406.9994789061876,8
2024-09-18 10:04:37.449000,407.0185472518333,98
2024-09-18 10:04:37.500000,407.0535088859671,98
2024-09-18 10:04:37.557000,407.05773843896384,99
2024-09-18 10:04:37.571000,407.0259837106847,996
2024-09-18 10:04:37.601000,407.0583965748149,1000
2024-09-18 10:04:37.706000,406.9940888530143,100
2024-09-18 10:04:37.718000,407.0203571874577,1004
2024-09-18 10:04:37.755000,406.98478512104174,13
2024-09-18 10:04:37.766000,407.006319135808,105
2024-09-18 10:04:37.783000,407.0010813963429,104
2024-09-18 10:04:37.847000,406.9976977604257,996
2024-09-18 10:04:37.888000,407.0506040752225,996
2024-09-18 10:04:37.925000,407.0076336373369,97
2024-09-18 10:04:37.926000,406.96855990599056,102
2024-09-18 10:04:38.095000,407.0360491420549,104
2024-09-18 10:04:38.153000,407.0269412578814,998
2024-09-18 10:04:38.238000,406.9910145570478,102
2024-09-18 10:04:38.267000,407.0300090119275,98
2024-09-18 10:04:38.271000,407.0185640412273,1005
2024-09-18 10:04:38.336000,407.0015937558263,99
2024-09-18 10:04:38.863000,406.9999329466455,6
2024-09-18 10:04:39.235000,407.0235371619453,6
2024-09-18 10:04:39.403000,407.0144472768429,996
2024-09-18 10:04:39.447000,407.0254304987899,12
2024-09-18 10:04:39.548000,407.01212052427474,96
2024-09-18 10:04:39.556000,407.0073861467292,996
2024-09-18 10:04:39.663000,407.0187524728674,14
2024-09-18 10:04:40.124000,406.9833117891097,101
2024-09-18 10:04:40.168000,407.0279490292184,102
2024-09-18 10:04:40.171000,407.0312695979013,10
2024-09-18 10:04:40.230000,407.0313723973082,5
2024-09-18 10:04:40.249000,407.040727653308,1004
2024-09-18 10:04:40.312000,407.02356173822886,97
2024-09-18 10:04:40.365000,407.02718256866245,995
2024-09-18 10:04:40.454000,407.0227602816592,98
2024-09-18 10:04:40.542000,406.99383911077655,1004
2024-09-18 10:04:40.570000,407.0132365878408,995
2024-09-18 10:04:40.670000,407.0051269821788,97
2024-09-18 10:04:40.723000,406.99772138955353,996
2024-09-18 10:04:40.883000,407.0368486694203,14
2024-09-18 10:04:40.886000,406.9920207574666,97
2024-09-18 10:04:40.890000,407.0033317964552,96
2024-09-18 10:04:40.942000,407.0271712672375,100
2024-09-18 10:04:41.024000,407.03968193850886,8
2024-09-18 10:04:41.283000,407.0478262046199,95
2024-09-18 10:04:41.316000,407.0371863626283,102
2024-09-18 10:04:41.336000,407.0596833608623,5
2024-09-18 10:04:41.647000,407.0692271090008,1004
2024-09-18 10:04:41.801000,407.0688017596306,1003
2024-09-18 10:04:41.821000,407.0538938905347,997
2024-09-18 10:04:41.911000,407.0434785983615,1002
2024-09-18 10:04:41.971000,407.065277540298,999
2024-09-18 10:04:42.899000,407.0446677545305,104
2024-09-18 10:04:43.001000,407.0382107602322,1003
2024-09-18 10:04:43.191000,407.0611213992716,99
2024-09-18 10:04:43.274000,407.0297822905128,102
2024-09-18 10:04:43.308000,407.04428569040937,99
2024-09-18 10:04:43.331000,407.03585926318,1005
2024-09-18 10:04:43.359000,407.0497401033035,8
2024-09-18 10:04:43.435000,407.0570276557974,96
2024-09-18 10:04:43.436000,407.06468905779127,12
2024-09-18 10:04:43.620000,407.03496345063184,10
2024-09-18 10:04:43.759000,407.03244330326345,5
2024-09-18 10:04:43.949000,407.023144402659,7
2024-09-18 10:04:44.016000,407.0472411654747,10
2024-09-18 10:04:44.074000,407.03677794819055,15
2024-09-18 10:04:44.319000,407.0452467597901,12
2024-09-18 10:04:44.415000,407.0558163508701,1002
2024-09-18 10:04:44.458000,407.0494291254285,1004
2024-09-18 10:04:45.025000,407.0125488397865,101
2024-09-18 10:04:45.038000,407.0258379983191,105
2024-09-18 10:04:45.089000,407.0603231293069,11
2024-09-18 10:04:45.129000,407.0577126796751,7
2024-09-18 10:04:45.160000,407.0214487534248,998
2024-09-18 10:04:45.217000,407.0511764676445,11
2024-09-18 10:04:45.377000,407.0424626614567,1005
2024-09-18 10:04:45.380000,407.0533843403568,7
2024-09-18 10:04:45.433000,407.026964787074,102
2024-09-18 10:04:45.493000,407.0349659991769,996
2024-09-18 10:04:45.527000,407.0407033073776,15
2024-09-18 10:04:45.551000,407.0142813147244,6
2024-09-18 10:04:45.608000,407.0227312018271,996
2024-09-18 10:04:45.623000,407.0278099061058,104
2024-09-18 10:04:45.626000,407.0566257447813,6
2024-09-18 10:04:45.686000,407.0226668815226,11
2024-09-18 10:04:45.706000,407.048878562131,104
2024-09-18 10:04:45.711000,407.0252820371935,99
2024-09-18 10:04:45.739000,407.0298464689874,96
2024-09-18 10:04:45.743000,407.0263363481388,103
2024-09-18 10:04:45.784000,407.0125858862579,15
2024-09-18 10:04:45.791000,407.053452857729,95
2024-09-18 10:04:45.801000,407.0420846251501,998
2024-09-18 10:04:45.861000,407.0139043505541,1005
2024-09-18 10:04:46.049000,407.00306417280416,5
2024-09-18 10:04:46.153000,407.0071649934447,15
2024-09-18 10:04:46.163000,407.0095271122285,1000
2024-09-18 10:04:46.173000,406.9903316128573,1004
2024-09-18 10:04:46.237000,406.9995975308704,103
2024-09-18 10:04:46.275000,407.0220642972864,15
2024-09-18 10:04:46.280000,407.0090897681752,7
2024-09-18 10:04:46.297000,407.0209516177013,9
2024-09-18 10:04:46.388000,406.9679417004756,1003
2024-09-18 10:04:46.392000,407.0014996939938,1005
2024-09-18 10:04:46.472000,407.0380816171785,97
2024-09-18 10:04:46.550000,407.0270092153659,96
2024-09-18 10:04:46.568000,406.9924089956481,1005
2024-09-18 10:04:46.590000,406.9888149722933,1002
2024-09-18 10:04:46.670000,406.9840684896737,14
2024-09-18 10:04:46.729000,407.0413878322732,996
2024-09-18 10:04:46.818000,406.9817105575737,95
2024-09-18 10:04:46.827000,407.0022513780742,7
2024-09-18 10:04:46.902000,406.9928137700268,97
2024-09-18 10:04:46.952000,407.00034695805056,105
2024-09-18 10:04:46.999000,407.0420174179141,1003
2024-09-18 10:04:47.032000,406.9750811388947,7
2024-09-18 10:04:47.299000,406.97016571763737,102
2024-09-18 10:04:47.382000,406.9669657305527,15
2024-09-18 10:04:47.408000,406.9552992780043,1001
2024-09-18 10:04:47.443000,406.96461146340624,999
2024-09-18 10:04:47.599000,406.9666130882715,1003
2024-09-18 10:04:47.724000,406.9589161210882,999
2024-09-18 10:04:47.745000,406.9836596271748,1000
2024-09-18 10:04:48.115000,407.0567593480546,6
2024-09-18 10:04:48.167000,406.9828228420081,100
2024-09-18 10:04:48.175000,407.0335048511549,996
2024-09-18 10:04:48.183000,407.0014093914742,99
2024-09-18 10:04:48.244000,407.0318342901152,99
2024-09-18 10:04:48.271000,406.9943587004139,999
2024-09-18 10:04:48.320000,407.136976770198,995
2024-09-18 10:04:48.357000,407.1234645713764,8
2024-09-18 10:04:48.390000,407.0439762692602,998
2024-09-18 10:04:48.398000,406.9706597320049,100
2024-09-18 10:04:48.401000,406.9751653900589,997
2024-09-18 10:04:48.448000,406.9904998018394,14
2024-09-18 10:04:48.462000,406.9704528570365,10
2024-09-18 10:04:48.480000,406.9810182137954,1005
2024-09-18 10:04:48.487000,406.95661051106543,1005
2024-09-18 10:04:48.507000,407.110097636804,14
2024-09-18 10:04:48.512000,407.0031381226586,101
2024-09-18 10:04:48.516000,406.9488110585304,6
2024-09-18 10:04:48.582000,407.1103136799204,11
2024-09-18 10:04:48.589000,407.1207842317178,98
2024-09-18 10:04:48.609000,406.9685020926111,8
2024-09-18 10:04:48.630000,407.1155391848329,104
2024-09-18 10:04:48.644000,407.1513085680261,5
2024-09-18 10:04:48.743000,407.0485698763622,13
2024-09-18 10:04:48.745000,406.9504659578489,8
2024-09-18 10:04:48.763000,407.14681769384407,8
2024-09-18 10:04:48.842000,407.1448670527937,104
2024-09-18 10:04:48.964000,407.0422983013678,7
2024-09-18 10:04:48.996000,406.954313130877,8
2024-09-18 10:04:48.998000,407.0878038489251,1003
2024-09-18 10:04:49.162000,407.171795919372,97
2024-09-18 10:04:49.170000,407.1790976167063,96
2024-09-18 10:04:49.171000,407.2135495235498,100
2024-09-18 10:04:49.171000,407.1653528019472,9
2024-09-18 10:04:49.186000,407.163448142698,1000
2024-09-18 10:04:49.233000,407.2141026631753,6
2024-09-18 10:04:49.289000,407.2066568008381,102
2024-09-18 10:04:49.321000,407.15286467658416,6
2024-09-18 10:04:49.349000,407.23403496586,995
2024-09-18 10:04:49.355000,407.2079448417359,11
2024-09-18 10:04:49.377000,407.2119057344893,1000
2024-09-18 10:04:49.392000,407.22460330797145,5
2024-09-18 10:04:49.511000,407.20205811401024,10
2024-09-18 10:04:49.515000,407.1914868122505,10
2024-09-18 10:04:49.553000,407.1964587668726,99
2024-09-18 10:04:49.799000,407.1591296138642,1000
2024-09-18 10:04:49.800000,407.1520452342183,9
2024-09-18 10:04:49.800000,407.1784304745861,11
2024-09-18 10:04:49.803000,407.2127356833328,1005
2024-09-18 10:04:50.252000,407.1192344117807,1003
2024-09-18 10:04:50.359000,407.1607710766848,104
2024-09-18 10:04:50.639000,407.139730007106,997
2024-09-18 10:04:50.730000,407.1703319060045,1001
2024-09-18 10:04:50.913000,407.154233121245,996
2024-09-18 10:04:50.967000,407.1669868011202,95
2024-09-18 10:04:51.029000,407.105515063593,996
2024-09-18 10:04:51.053000,407.0767878040984,14
2024-09-18 10:04:51.055000,407.1167139325739,996
2024-09-18 10:04:51.080000,407.087433890448,97
2024-09-18 10:04:51.099000,407.0736333783237,997
2024-09-18 10:04:51.143000,407.1013648883908,95
2024-09-18 10:04:51.144000,407.0927096090808,14
2024-09-18 10:04:51.158000,407.08170785634366,98
2024-09-18 10:04:51.195000,407.08178494392376,97
2024-09-18 10:04:51.238000,407.0546289514056,15
2024-09-18 10:04:51.264000,407.0949838296886,100
2024-09-18 10:04:51.322000,407.07155745711833,995
2024-09-18 10:04:51.371000,407.0809147266342,96
2024-09-18 10:04:51.432000,407.0887520667257,15
2024-09-18 10:04:51.439000,407.0773764913972,8
2024-09-18 10:04:51.457000,407.0878590280087,15
2024-09-18 10:04:51.468000,407.0833816018935,999
2024-09-18 10:04:51.523000,407.0594741803576,8
2024-09-18 10:04:51.535000,407.0683130682987,995
2024-09-18 10:04:51.561000,407.0973679176816,8
2024-09-18 10:04:51.586000,407.1063601621496,5
2024-09-18 10:04:51.651000,407.0887879445676,1005
2024-09-18 10:04:51.678000,407.0896927914077,97
2024-09-18 10:04:51.690000,407.066723561596,10
2024-09-18 10:04:51.752000,407.0881855791807,1000
2024-09-18 10:04:51.847000,407.0929977297067,97
2024-09-18 10:04:51.878000,407.086446474717,6
2024-09-18 10:04:51.935000,407.0753135528236,11
2024-09-18 10:04:51.969000,407.0997198486803,101
2024-09-18 10:04:52.171000,407.0639142742856,12
2024-09-18 10:04:52.308000,407.0822386662615,100
2024-09-18 10:04:52.469000,407.09195752182814,104
2024-09-18 10:04:52.558000,407.0735795491465,14
2024-09-18 10:04:52.629000,407.07463601129854,99
2024-09-18 10:04:52.686000,407.0740211708914,100
2024-09-18 10:04:52.946000,407.0786814504073,999
2024-09-18 10:04:52.979000,407.0958696359352,101
2024-09-18 10:04:53,407.0801737242478,13
2024-09-18 10:04:53.154000,407.07062898382384,5
2024-09-18 10:04:53.169000,407.08044250408153,7
2024-09-18 10:04:53.218000,407.07744036921576,15
2024-09-18 10:04:53.239000,407.0696697825194,998
2024-09-18 10:04:53.329000,407.0790029103666,13
2024-09-18 10:04:53.378000,407.0630476018943,1001
2024-09-18 10:04:53.485000,407.0525036634935,1003
2024-09-18 10:04:53.659000,407.075795748367,101
2024-09-18 10:04:53.770000,407.0479821051637,98
2024-09-18 10:04:53.824000,407.0932788106785,7
2024-09-18 10:04:53.852000,407.06651862137215,8
2024-09-18 10:04:53.864000,407.0544604444453,998
2024-09-18 10:04:53.871000,407.06372454370376,103
2024-09-18 10:04:54.009000,407.09039281280775,105
2024-09-18 10:04:54.022000,407.0901322485488,999
2024-09-18 10:04:54.028000,407.0669846676013,1002
2024-09-18 10:04:54.038000,407.1058571028787,95
2024-09-18 10:04:54.160000,407.0949977938001,998
2024-09-18 10:04:54.229000,407.1052025977048,104
2024-09-18 10:04:54.426000,407.085394919359,1004
2024-09-18 10:04:54.479000,407.0740874595608,105
2024-09-18 10:04:54.496000,407.0768289569231,5
2024-09-18 10:04:54.536000,407.12092841221227,95
2024-09-18 10:04:54.551000,407.0799767184736,99
2024-09-18 10:04:54.647000,407.0859867726473,102
2024-09-18 10:04:54.684000,407.08354221990186,998
2024-09-18 10:04:54.918000,407.0603852000704,1005
2024-09-18 10:04:55.011000,407.14338534037256,10
2024-09-18 10:04:55.027000,407.1658882378106,13
2024-09-18 10:04:55.073000,407.11618284316137,1001
2024-09-18 10:04:55.208000,407.1770757594281,12
2024-09-18 10:04:55.247000,407.149591747551,105
2024-09-18 10:04:55.531000,407.1713569058524,15
2024-09-18 10:04:55.636000,407.1635323418959,7
2024-09-18 10:04:55.676000,407.1625446384198,1005
2024-09-18 10:04:55.702000,407.1785863748743,103
2024-09-18 10:04:55.743000,407.148808719125,95
2024-09-18 10:04:55.954000,407.158513766624,5
2024-09-18 10:04:55.958000,407.1359875940664,105
2024-09-18 10:04:56.043000,407.1442787120406,1004
2024-09-18 10:04:56.086000,407.1590650621301,7
2024-09-18 10:04:56.098000,407.1244312753391,101
2024-09-18 10:04:56.102000,407.1585010518275,102
2024-09-18 10:04:56.127000,407.1549612648807,996
2024-09-18 10:04:56.185000,407.1382626575666,6
2024-09-18 10:04:56.511000,407.1525089598763,100
2024-09-18 10:04:56.576000,407.1574340154917,996
2024-09-18 10:04:56.646000,407.1415255699554,13
2024-09-18 10:04:56.683000,407.1463933842867,98
2024-09-18 10:04:56.709000,407.1392622462062,998
2024-09-18 10:04:56.791000,407.1403625045903,996
2024-09-18 10:04:56.793000,407.14951326042166,1001
2024-09-18 10:04:56.819000,407.1237522753467,1004
2024-09-18 10:04:56.820000,407.1335666576424,102
2024-09-18 10:04:56.825000,407.1480440814363,8
2024-09-18 10:04:56.908000,407.1521259868944,15
2024-09-18 10:04:57.054000,407.1627743015921,14
2024-09-18 10:04:57.124000,407.1697966706116,10
2024-09-18 10:04:57.297000,407.1517050341588,1001
2024-09-18 10:04:57.592000,407.1325451849105,9
2024-09-18 10:04:57.960000,407.1314146448543,998
2024-09-18 10:04:58.027000,407.1680559968742,995
2024-09-18 10:04:58.060000,407.1605764988197,1000
2024-09-18 10:04:58.278000,407.1654830733635,105
2024-09-18 10:04:58.314000,407.1855958911855,999
2024-09-18 10:04:58.324000,407.1878683328205,1004
2024-09-18 10:04:58.345000,407.1513009300946,97
2024-09-18 10:04:58.383000,407.1843111458669,995
2024-09-18 10:04:58.510000,407.1586821260426,995
2024-09-18 10:04:58.514000,407.17691428842073,7
2024-09-18 10:04:58.521000,407.1658346980901,998
2024-09-18 10:04:58.568000,407.15917498536777,97
2024-09-18 10:04:58.649000,407.2083710263398,15
2024-09-18 10:04:58.658000,407.16987411102014,99
2024-09-18 10:04:58.691000,407.2055414583465,1002
2024-09-18 10:04:58.709000,407.1605074873081,101
2024-09-18 10:04:58.720000,407.175928341902,1005
2024-09-18 10:04:58.798000,407.1844709933909,11
2024-09-18 10:04:58.865000,407.17842677575976,1003
2024-09-18 10:04:58.907000,407.155817977964,12
2024-09-18 10:04:59.104000,407.2408441138916,96
2024-09-18 10:04:59.129000,407.26532539048975,996
2024-09-18 10:04:59.141000,407.2206718148244,103
2024-09-18 10:04:59.240000,407.2747902244889,96
2024-09-18 10:04:59.252000,407.2615198161153,11
2024-09-18 10:04:59.292000,407.25036368642304,999
2024-09-18 10:04:59.341000,407.2640879963893,102
2024-09-18 10:04:59.522000,407.2108752829654,997
2024-09-18 10:04:59.530000,407.2490583691247,105
2024-09-18 10:04:59.578000,407.2722947912346,1005
2024-09-18 10:04:59.624000,407.23460403831393,1005
2024-09-18 10:04:59.625000,407.2888636227963,102
2024-09-18 10:04:59.637000,407.2328903940932,12
2024-09-18 10:04:59.698000,407.2788549908551,8
2024-09-18 10:04:59.710000,407.22300950918543,10
2024-09-18 10:04:59.741000,407.2606383197109,998
2024-09-18 10:04:59.745000,407.2750929352512,101
2024-09-18 10:04:59.850000,407.27358562444937,5
2024-09-18 10:04:59.872000,407.2650931588461,999
2024-09-18 10:04:59.892000,407.2730867148804,5
2024-09-18 10:04:59.943000,407.279639849027,996
2024-09-18 10:04:59.965000,407.2256272313726,95
2024-09-18 10:04:59.999000,407.2098724758188,98
