Timestamp,Price,Size
2024-09-19 15:39:00.019000,418.4330771865458,105
2024-09-19 15:39:00.050000,418.4082602066919,1002
2024-09-19 15:39:00.062000,418.4084563590756,997
2024-09-19 15:39:00.088000,418.4078080640814,103
2024-09-19 15:39:00.114000,418.3302653846527,9
2024-09-19 15:39:00.120000,418.4231093571688,999
2024-09-19 15:39:00.141000,418.4279147167339,9
2024-09-19 15:39:00.173000,418.4219169897448,1003
2024-09-19 15:39:00.206000,418.3476108729917,103
2024-09-19 15:39:00.267000,418.3683447183084,95
2024-09-19 15:39:00.289000,418.3660342833835,103
2024-09-19 15:39:00.310000,418.4221989011242,5
2024-09-19 15:39:00.344000,418.4107184796416,1005
2024-09-19 15:39:00.460000,418.3980413382456,1002
2024-09-19 15:39:00.463000,418.4041954948066,1001
2024-09-19 15:39:00.608000,418.426495314702,104
2024-09-19 15:39:00.633000,418.4044779140323,9
2024-09-19 15:39:00.641000,418.423696413158,8
2024-09-19 15:39:00.644000,418.3836739027665,1005
2024-09-19 15:39:00.652000,418.4002825764492,102
2024-09-19 15:39:00.670000,418.3983427711954,103
2024-09-19 15:39:00.693000,418.4137146334053,996
2024-09-19 15:39:00.808000,418.3955835288351,999
2024-09-19 15:39:00.823000,418.3853373112055,1005
2024-09-19 15:39:00.877000,418.4264884044088,1004
2024-09-19 15:39:00.915000,418.3969919718949,995
2024-09-19 15:39:00.954000,418.4076269952644,8
2024-09-19 15:39:00.988000,418.40722461239545,1000
2024-09-19 15:39:01.002000,418.355424284226,100
2024-09-19 15:39:01.085000,418.3707159914406,10
2024-09-19 15:39:01.179000,418.3313154846804,104
2024-09-19 15:39:01.223000,418.3360757761481,101
2024-09-19 15:39:01.229000,418.33239105728165,998
2024-09-19 15:39:01.235000,418.3775035482034,99
2024-09-19 15:39:01.268000,418.331327023718,96
2024-09-19 15:39:01.295000,418.3451496188702,101
2024-09-19 15:39:01.349000,418.3607283338844,98
2024-09-19 15:39:01.355000,418.3846433325291,98
2024-09-19 15:39:01.388000,418.3299974029249,102
2024-09-19 15:39:01.408000,418.3626422827173,8
2024-09-19 15:39:01.435000,418.348187815402,997
2024-09-19 15:39:01.498000,418.3817926702097,9
2024-09-19 15:39:01.534000,418.37400921126607,96
2024-09-19 15:39:01.666000,418.3347245523128,8
2024-09-19 15:39:01.674000,418.37829391853006,1004
2024-09-19 15:39:01.701000,418.3204258868151,5
2024-09-19 15:39:01.749000,418.3699694788948,13
2024-09-19 15:39:01.780000,418.3383044331528,997
2024-09-19 15:39:01.782000,418.368678431969,97
2024-09-19 15:39:01.788000,418.3413696485649,1004
2024-09-19 15:39:01.796000,418.3029341169709,104
2024-09-19 15:39:01.812000,418.354958015247,6
2024-09-19 15:39:01.819000,418.3403193424583,997
2024-09-19 15:39:01.844000,418.33650278450057,995
2024-09-19 15:39:02.210000,418.29846483902514,5
2024-09-19 15:39:02.322000,418.29990584638415,8
2024-09-19 15:39:02.391000,418.3232671968221,96
2024-09-19 15:39:02.617000,418.3086935651372,98
2024-09-19 15:39:03.190000,418.3693437618175,97
2024-09-19 15:39:03.227000,418.3347004532216,102
2024-09-19 15:39:03.246000,418.3715173089624,13
2024-09-19 15:39:03.286000,418.354459151818,13
2024-09-19 15:39:03.292000,418.36850305523785,99
2024-09-19 15:39:03.308000,418.33964856610993,14
2024-09-19 15:39:03.334000,418.3957748379646,997
2024-09-19 15:39:03.362000,418.3857286537154,999
2024-09-19 15:39:03.368000,418.370337666456,97
2024-09-19 15:39:03.384000,418.3544406237838,104
2024-09-19 15:39:03.393000,418.37579428406906,9
2024-09-19 15:39:03.447000,418.3394465688706,99
2024-09-19 15:39:03.447000,418.35373734029935,97
2024-09-19 15:39:03.505000,418.3240352886565,999
2024-09-19 15:39:03.665000,418.3824744170153,7
2024-09-19 15:39:03.687000,418.3576816549428,995
2024-09-19 15:39:03.694000,418.3776362945186,996
2024-09-19 15:39:03.699000,418.37124056080313,1000
2024-09-19 15:39:03.877000,418.3626349649372,105
2024-09-19 15:39:03.890000,418.3780733010493,95
2024-09-19 15:39:04.066000,418.3704166838243,13
2024-09-19 15:39:04.139000,418.4065275423444,1002
2024-09-19 15:39:04.244000,418.3730888084349,999
2024-09-19 15:39:04.409000,418.3701417839818,999
2024-09-19 15:39:04.524000,418.38053599459306,98
2024-09-19 15:39:04.639000,418.3863085211512,11
2024-09-19 15:39:05.021000,418.4185343574303,997
2024-09-19 15:39:05.109000,419.6408205878527,6
2024-09-19 15:39:05.151000,418.407645079068,99
2024-09-19 15:39:05.213000,418.41653498943,1005
2024-09-19 15:39:05.311000,418.4144540530059,997
2024-09-19 15:39:05.362000,418.4436129082025,103
2024-09-19 15:39:05.440000,418.4903048388903,9
2024-09-19 15:39:05.457000,418.4595447595361,10
2024-09-19 15:39:05.495000,418.4286403087245,1004
2024-09-19 15:39:05.496000,418.4455110304853,6
2024-09-19 15:39:05.506000,418.4625504658318,7
2024-09-19 15:39:05.519000,418.4232865427516,1002
2024-09-19 15:39:05.616000,418.4260427208246,999
2024-09-19 15:39:05.778000,418.43677033934176,997
2024-09-19 15:39:05.811000,418.4410879230412,7
2024-09-19 15:39:06.053000,418.5437547803201,11
2024-09-19 15:39:06.125000,418.5870720474375,999
2024-09-19 15:39:06.183000,418.5271835663046,7
2024-09-19 15:39:06.230000,418.5314301055684,8
2024-09-19 15:39:06.290000,418.5609053364064,1002
2024-09-19 15:39:06.298000,418.5346565038026,5
2024-09-19 15:39:06.431000,418.5632583116045,10
2024-09-19 15:39:06.449000,418.5555717619272,105
2024-09-19 15:39:06.451000,418.5348507498521,98
2024-09-19 15:39:06.553000,418.5792258066652,1003
2024-09-19 15:39:06.570000,418.4949477584661,6
2024-09-19 15:39:06.618000,418.5297805298646,95
2024-09-19 15:39:06.654000,418.56133706373,15
2024-09-19 15:39:06.671000,418.5344513595463,7
2024-09-19 15:39:06.691000,418.579277143174,95
2024-09-19 15:39:06.703000,418.5790101259065,101
2024-09-19 15:39:06.876000,418.52188537886417,1003
2024-09-19 15:39:06.968000,418.60117286324953,105
2024-09-19 15:39:06.968000,418.5112187080088,98
2024-09-19 15:39:07.019000,418.5513658654768,7
2024-09-19 15:39:07.038000,418.5254964175018,997
2024-09-19 15:39:07.051000,418.5858799712901,996
2024-09-19 15:39:07.054000,418.5672473612772,13
2024-09-19 15:39:07.101000,418.5356775360447,7
2024-09-19 15:39:07.104000,418.5235523364501,998
2024-09-19 15:39:07.132000,418.56155512122194,96
2024-09-19 15:39:07.139000,418.5771793735619,7
2024-09-19 15:39:07.179000,418.5381679936313,1005
2024-09-19 15:39:07.252000,418.5281316286016,95
2024-09-19 15:39:07.325000,418.6023360568993,1004
2024-09-19 15:39:07.345000,418.64000750079225,13
2024-09-19 15:39:07.464000,418.59640541457134,101
2024-09-19 15:39:07.471000,418.5395533855529,98
2024-09-19 15:39:07.514000,418.601755995056,998
2024-09-19 15:39:07.547000,418.53316261367735,995
2024-09-19 15:39:07.586000,418.5656961827027,98
2024-09-19 15:39:07.601000,418.5309111151387,1004
2024-09-19 15:39:07.628000,418.5704075153939,101
2024-09-19 15:39:07.745000,418.6244072885287,104
2024-09-19 15:39:07.840000,418.5334432248497,1005
2024-09-19 15:39:07.844000,418.5981772745083,999
2024-09-19 15:39:07.886000,418.5370722283619,14
2024-09-19 15:39:07.921000,418.61048643852735,1003
2024-09-19 15:39:07.954000,418.54389700665575,1000
2024-09-19 15:39:07.992000,418.5201778166638,1004
2024-09-19 15:39:08.127000,418.6226256245747,98
2024-09-19 15:39:08.215000,418.6428136453918,9
2024-09-19 15:39:08.308000,418.6324172418634,8
2024-09-19 15:39:08.555000,418.6490874025453,104
2024-09-19 15:39:08.650000,419.70347579764575,1002
2024-09-19 15:39:09.933000,418.6475960115734,96
2024-09-19 15:39:10.007000,418.5996593182991,98
2024-09-19 15:39:10.043000,418.6371685114476,99
2024-09-19 15:39:10.158000,418.6324636850522,11
2024-09-19 15:39:10.183000,418.6350445508359,14
2024-09-19 15:39:10.187000,418.5977543288596,13
2024-09-19 15:39:10.188000,418.6280318373839,997
2024-09-19 15:39:10.201000,418.6467174773164,997
2024-09-19 15:39:10.368000,418.6334820213351,100
2024-09-19 15:39:10.455000,418.6269517222038,104
2024-09-19 15:39:10.528000,418.6495384200185,100
2024-09-19 15:39:10.560000,418.62621292125925,103
2024-09-19 15:39:10.640000,418.6427080326012,104
2024-09-19 15:39:10.644000,418.6012822558759,100
2024-09-19 15:39:10.669000,418.63430517432175,103
2024-09-19 15:39:10.704000,418.6358235979292,1004
2024-09-19 15:39:10.848000,418.639777061513,11
2024-09-19 15:39:10.863000,418.6101364894362,998
2024-09-19 15:39:10.915000,418.61073997586334,996
2024-09-19 15:39:10.927000,418.6551858038859,99
2024-09-19 15:39:10.987000,418.6139828447831,99
2024-09-19 15:39:11.034000,418.6505729564903,1000
2024-09-19 15:39:11.104000,418.6533765970468,105
2024-09-19 15:39:11.117000,418.6117696315234,12
2024-09-19 15:39:11.173000,418.6225874281396,103
2024-09-19 15:39:11.332000,418.6684871904562,102
2024-09-19 15:39:11.354000,418.6263522061923,996
2024-09-19 15:39:11.439000,418.63472566472143,12
2024-09-19 15:39:11.478000,418.6464514047357,1001
2024-09-19 15:39:11.502000,418.6096840230469,999
2024-09-19 15:39:11.513000,418.6184478977148,14
2024-09-19 15:39:11.564000,418.61171962845407,996
2024-09-19 15:39:11.591000,418.6529605695554,101
2024-09-19 15:39:11.663000,418.6547085100708,13
2024-09-19 15:39:11.668000,418.61074539207465,995
2024-09-19 15:39:11.734000,418.63944069164745,1000
2024-09-19 15:39:11.822000,418.6198143435898,1000
2024-09-19 15:39:11.832000,418.6406845443192,103
2024-09-19 15:39:11.892000,418.6429887035149,10
2024-09-19 15:39:11.942000,418.659452731843,8
2024-09-19 15:39:11.960000,418.6717272844595,6
2024-09-19 15:39:11.991000,418.6484170343488,105
2024-09-19 15:39:11.992000,418.6579519467567,998
2024-09-19 15:39:11.996000,418.66276850455415,13
2024-09-19 15:39:12.038000,418.647398134627,13
2024-09-19 15:39:12.052000,418.6551202789901,7
2024-09-19 15:39:12.111000,418.6506268397064,104
2024-09-19 15:39:12.138000,418.63485842909415,10
2024-09-19 15:39:12.205000,418.6543939313611,1002
2024-09-19 15:39:12.424000,418.638259161182,998
2024-09-19 15:39:12.430000,418.6427408063689,10
2024-09-19 15:39:12.539000,418.6635282660266,1001
2024-09-19 15:39:12.570000,418.65211703379225,996
2024-09-19 15:39:12.601000,418.6211296434875,98
2024-09-19 15:39:12.621000,418.6248204908353,6
2024-09-19 15:39:12.623000,418.6492118642788,5
2024-09-19 15:39:12.709000,418.6451647128586,101
2024-09-19 15:39:12.735000,418.6426811553703,998
2024-09-19 15:39:12.868000,418.6452033712516,5
2024-09-19 15:39:13.017000,418.61982463192334,995
2024-09-19 15:39:13.117000,418.6173813515789,8
2024-09-19 15:39:13.145000,418.61101714283785,7
2024-09-19 15:39:13.151000,418.617577752364,10
2024-09-19 15:39:13.193000,418.6292217696976,97
2024-09-19 15:39:13.217000,418.6363737995621,14
2024-09-19 15:39:13.282000,418.5862694098628,100
2024-09-19 15:39:13.334000,418.5996828622733,95
2024-09-19 15:39:13.368000,418.5987334623166,95
2024-09-19 15:39:13.398000,418.6243800025492,102
2024-09-19 15:39:13.465000,418.6348707894152,1004
2024-09-19 15:39:13.520000,418.6123844440758,102
2024-09-19 15:39:13.532000,418.5828144669509,95
2024-09-19 15:39:13.554000,418.5995104429534,101
2024-09-19 15:39:13.554000,418.60835369611794,10
2024-09-19 15:39:13.568000,418.63245493640034,1003
2024-09-19 15:39:13.637000,418.6128489666869,103
2024-09-19 15:39:13.747000,418.6632184001684,1004
2024-09-19 15:39:13.839000,418.613643006356,96
2024-09-19 15:39:13.862000,418.5883171755254,7
2024-09-19 15:39:13.868000,418.6028407593806,8
2024-09-19 15:39:13.870000,418.5901491290141,96
2024-09-19 15:39:13.897000,418.6210355026146,12
2024-09-19 15:39:13.907000,418.59266590416456,102
2024-09-19 15:39:13.952000,418.6786910858867,9
2024-09-19 15:39:13.962000,418.6297927253905,96
2024-09-19 15:39:14.053000,418.6409395605125,98
2024-09-19 15:39:14.146000,418.6593003900191,1005
2024-09-19 15:39:14.172000,418.6641710635243,999
2024-09-19 15:39:14.331000,418.671804265115,10
2024-09-19 15:39:14.480000,418.6722017488137,998
2024-09-19 15:39:14.531000,418.64994522647817,8
2024-09-19 15:39:14.569000,418.6424213856173,14
2024-09-19 15:39:14.656000,418.6737490278639,995
2024-09-19 15:39:14.779000,418.65015631645736,14
2024-09-19 15:39:14.800000,418.6552338071712,5
2024-09-19 15:39:14.996000,418.6910140030386,96
2024-09-19 15:39:15.055000,418.69280691901855,11
2024-09-19 15:39:15.215000,418.688763014761,102
2024-09-19 15:39:15.249000,418.66107903633673,1003
2024-09-19 15:39:15.326000,418.71295321110455,5
2024-09-19 15:39:15.502000,418.7073921202655,98
2024-09-19 15:39:15.766000,418.6841247730697,97
2024-09-19 15:39:15.790000,418.7119434498664,1005
2024-09-19 15:39:15.796000,418.6923435177091,995
2024-09-19 15:39:15.956000,418.7377351620869,1000
2024-09-19 15:39:15.956000,418.71727385932894,6
2024-09-19 15:39:15.985000,418.6683731210242,99
2024-09-19 15:39:15.999000,418.7332838681105,1003
2024-09-19 15:39:16.123000,418.6803837550433,11
2024-09-19 15:39:16.190000,418.6918677513363,996
2024-09-19 15:39:16.195000,418.6825967392165,103
2024-09-19 15:39:16.332000,418.7023005286114,1001
2024-09-19 15:39:16.372000,418.68830467887074,13
2024-09-19 15:39:16.478000,418.7026262743846,101
2024-09-19 15:39:16.500000,418.6974789269495,101
2024-09-19 15:39:16.525000,418.696386832262,5
2024-09-19 15:39:16.644000,418.690692923829,95
2024-09-19 15:39:16.826000,418.6769124743519,105
2024-09-19 15:39:16.870000,418.6871514512632,14
2024-09-19 15:39:16.933000,418.6874059381918,13
2024-09-19 15:39:16.991000,418.7065071670415,1005
2024-09-19 15:39:17.041000,418.5666589098696,6
2024-09-19 15:39:17.049000,418.5887175376391,101
2024-09-19 15:39:17.075000,418.6175816502152,1002
2024-09-19 15:39:17.143000,418.6279582845074,97
2024-09-19 15:39:17.169000,418.6255609382919,998
2024-09-19 15:39:17.228000,418.5882193745271,98
2024-09-19 15:39:17.262000,418.61168468540905,995
2024-09-19 15:39:17.263000,418.59254190861526,14
2024-09-19 15:39:17.264000,418.5876835813706,98
2024-09-19 15:39:17.320000,418.638467402362,105
2024-09-19 15:39:17.324000,418.6936499993994,998
2024-09-19 15:39:17.392000,418.6047691422073,7
2024-09-19 15:39:17.428000,418.5932676997166,105
2024-09-19 15:39:17.467000,418.6115035174931,996
2024-09-19 15:39:17.580000,418.6900240566499,98
2024-09-19 15:39:17.581000,418.6514439480141,9
2024-09-19 15:39:17.610000,418.59414068946046,96
2024-09-19 15:39:17.715000,418.6667398121852,9
2024-09-19 15:39:17.761000,418.6544837989028,1005
2024-09-19 15:39:17.829000,418.6287852784381,97
2024-09-19 15:39:17.876000,418.6605166500022,11
2024-09-19 15:39:17.931000,418.6808573870931,5
2024-09-19 15:39:17.975000,418.5772095747836,95
2024-09-19 15:39:17.981000,418.64944626812473,98
2024-09-19 15:39:18.032000,418.5674101256844,104
2024-09-19 15:39:18.037000,418.5218535370688,997
2024-09-19 15:39:18.039000,418.5391068037288,9
2024-09-19 15:39:18.119000,418.547522152705,103
2024-09-19 15:39:18.145000,418.53802700387786,9
2024-09-19 15:39:18.189000,418.5566147483386,12
2024-09-19 15:39:18.229000,418.563388548361,11
2024-09-19 15:39:18.235000,418.53575590501936,1005
2024-09-19 15:39:18.263000,418.5374422807743,7
2024-09-19 15:39:18.280000,418.5307353459047,97
2024-09-19 15:39:18.359000,418.5348122823343,995
2024-09-19 15:39:18.473000,418.523744818576,15
2024-09-19 15:39:18.498000,418.5191476361843,11
2024-09-19 15:39:18.576000,418.57960868372913,11
2024-09-19 15:39:18.633000,418.540244133542,996
2024-09-19 15:39:18.661000,418.53803710646287,99
2024-09-19 15:39:18.672000,418.5742293966168,11
2024-09-19 15:39:18.733000,418.5271043435585,99
2024-09-19 15:39:18.746000,418.5454139668205,98
2024-09-19 15:39:18.899000,418.54673115131976,15
2024-09-19 15:39:18.958000,418.52913208383177,999
2024-09-19 15:39:18.990000,418.5373597288027,14
2024-09-19 15:39:19.015000,418.5845597917392,103
2024-09-19 15:39:19.046000,418.5508328351346,1001
2024-09-19 15:39:19.113000,418.5917528374713,105
2024-09-19 15:39:19.123000,418.5614778370213,996
2024-09-19 15:39:19.162000,418.56567187173056,1003
2024-09-19 15:39:19.576000,418.5750134655671,1001
2024-09-19 15:39:20.025000,418.6479505476922,11
2024-09-19 15:39:20.059000,418.6446321177343,98
2024-09-19 15:39:20.150000,418.6485909509028,1000
2024-09-19 15:39:20.159000,418.5796545382136,96
2024-09-19 15:39:20.329000,418.59635988529465,105
2024-09-19 15:39:20.499000,418.6418492724917,1001
2024-09-19 15:39:20.646000,418.5937929289972,15
2024-09-19 15:39:20.714000,418.63683080494616,103
2024-09-19 15:39:20.793000,418.65060001803073,14
2024-09-19 15:39:20.865000,418.64716909077407,1001
2024-09-19 15:39:20.879000,418.62078972798975,105
2024-09-19 15:39:20.931000,418.5727467597032,1000
2024-09-19 15:39:20.995000,418.5755805286639,99
2024-09-19 15:39:21.172000,418.6587591691299,98
2024-09-19 15:39:21.301000,418.6385888747868,5
2024-09-19 15:39:21.359000,418.6422820534213,96
2024-09-19 15:39:21.454000,418.6483926683807,103
2024-09-19 15:39:21.540000,418.6647120585658,1002
2024-09-19 15:39:21.570000,418.67683056994,998
2024-09-19 15:39:21.836000,418.6868147413933,8
2024-09-19 15:39:21.966000,418.6868776419223,7
2024-09-19 15:39:22.093000,418.6675001185786,5
2024-09-19 15:39:22.098000,418.6884400770269,1001
2024-09-19 15:39:22.111000,418.6904589113767,14
2024-09-19 15:39:22.194000,418.6907243079996,5
2024-09-19 15:39:22.247000,418.7034471539799,11
2024-09-19 15:39:22.252000,418.7183556777971,1001
2024-09-19 15:39:22.427000,418.6803622115727,1001
2024-09-19 15:39:22.443000,418.7066851942516,97
2024-09-19 15:39:22.652000,418.69184469102106,103
2024-09-19 15:39:22.694000,418.684459911988,105
2024-09-19 15:39:23.055000,418.7407670543209,999
2024-09-19 15:39:23.112000,418.6510218657891,12
2024-09-19 15:39:23.160000,418.6808475132761,1002
2024-09-19 15:39:23.190000,418.7305356529585,5
2024-09-19 15:39:23.372000,418.7031428623847,1002
2024-09-19 15:39:23.432000,418.7489041364548,14
2024-09-19 15:39:23.479000,418.72342215165776,95
2024-09-19 15:39:23.487000,418.6613026087093,999
2024-09-19 15:39:23.506000,418.7212181958596,1005
2024-09-19 15:39:23.562000,418.7261269832699,105
2024-09-19 15:39:23.572000,418.71655991798815,1003
2024-09-19 15:39:23.577000,418.6638237248783,100
2024-09-19 15:39:23.656000,418.75576294138,98
2024-09-19 15:39:23.681000,418.7210628956307,1001
2024-09-19 15:39:23.698000,418.7317347569823,15
2024-09-19 15:39:23.746000,418.730575591683,9
2024-09-19 15:39:23.787000,418.7178925366184,15
2024-09-19 15:39:23.791000,418.691447752321,5
2024-09-19 15:39:23.808000,418.7184752279777,10
2024-09-19 15:39:24.123000,418.7412334402228,102
2024-09-19 15:39:24.225000,418.791016576193,1002
2024-09-19 15:39:24.264000,418.7729685065201,9
2024-09-19 15:39:24.303000,418.7325801059336,96
2024-09-19 15:39:24.343000,418.7893036521068,1002
2024-09-19 15:39:24.372000,418.7528102900471,997
2024-09-19 15:39:24.454000,418.71051430867385,995
2024-09-19 15:39:24.523000,418.7234320187487,5
2024-09-19 15:39:24.605000,418.7279327508845,95
2024-09-19 15:39:24.694000,418.7320734580252,1003
2024-09-19 15:39:24.706000,418.7858365136936,99
2024-09-19 15:39:24.720000,418.8078499260263,995
2024-09-19 15:39:24.783000,418.7947392710648,8
2024-09-19 15:39:24.794000,418.7304697606327,96
2024-09-19 15:39:24.798000,418.7344906795912,15
2024-09-19 15:39:24.834000,418.72009235608886,14
2024-09-19 15:39:24.902000,418.7249582974898,102
2024-09-19 15:39:24.939000,418.7717678735785,98
2024-09-19 15:39:24.946000,418.72063413958,1004
2024-09-19 15:39:26.079000,418.7176775076944,1003
2024-09-19 15:39:26.145000,418.698953099959,1002
2024-09-19 15:39:26.217000,418.7931581357553,101
2024-09-19 15:39:26.238000,418.7025978075957,997
2024-09-19 15:39:26.383000,418.7860894881504,1000
2024-09-19 15:39:26.383000,418.6996407310426,15
2024-09-19 15:39:26.401000,418.7604787973966,998
2024-09-19 15:39:26.460000,418.7622044355939,103
2024-09-19 15:39:26.479000,418.7294319064437,998
2024-09-19 15:39:26.550000,418.7801910900607,105
2024-09-19 15:39:26.583000,418.7037270369158,97
2024-09-19 15:39:26.600000,418.8010574000729,998
2024-09-19 15:39:26.634000,418.69635603956937,102
2024-09-19 15:39:26.678000,418.7211172408377,996
2024-09-19 15:39:26.704000,418.6912610747021,99
2024-09-19 15:39:26.730000,418.7766276026426,103
2024-09-19 15:39:26.773000,418.6977148518346,10
2024-09-19 15:39:26.829000,418.7268179198415,10
2024-09-19 15:39:26.834000,418.7327941670997,13
2024-09-19 15:39:26.887000,418.7186400312704,6
2024-09-19 15:39:26.916000,418.764381489743,1003
2024-09-19 15:39:26.931000,418.7288492267851,6
2024-09-19 15:39:27.839000,418.7398414147464,7
2024-09-19 15:39:28.049000,418.74423559694907,5
2024-09-19 15:39:28.058000,418.8052118760237,996
2024-09-19 15:39:28.126000,418.7800724606375,101
2024-09-19 15:39:28.130000,418.7244831805841,96
2024-09-19 15:39:28.150000,418.7866730701321,995
2024-09-19 15:39:28.158000,418.74300826343887,102
2024-09-19 15:39:28.215000,418.7825322807541,9
2024-09-19 15:39:28.241000,418.8049519612434,11
2024-09-19 15:39:28.266000,418.78801104282,101
2024-09-19 15:39:28.278000,418.797682969226,6
2024-09-19 15:39:28.330000,418.7507183244299,997
2024-09-19 15:39:28.410000,418.7340835196139,6
2024-09-19 15:39:28.456000,418.7375904751336,7
2024-09-19 15:39:28.509000,418.81403833703627,10
2024-09-19 15:39:28.580000,418.7671861252375,11
2024-09-19 15:39:28.595000,418.7437000079632,104
2024-09-19 15:39:28.678000,418.7576923727675,9
2024-09-19 15:39:28.692000,418.7972433479711,99
2024-09-19 15:39:28.719000,418.79141585139246,97
2024-09-19 15:39:28.733000,418.7264760690901,11
2024-09-19 15:39:28.745000,418.7799167932452,104
2024-09-19 15:39:28.753000,418.7566739769367,95
2024-09-19 15:39:28.774000,418.7456138970264,101
2024-09-19 15:39:28.801000,418.7438274926968,99
2024-09-19 15:39:28.832000,418.82237000133296,1000
2024-09-19 15:39:28.844000,418.79607717238576,100
2024-09-19 15:39:28.854000,418.8154843147382,998
2024-09-19 15:39:28.860000,418.7907432884688,95
2024-09-19 15:39:28.975000,418.7239053767268,998
2024-09-19 15:39:29.221000,418.8230771678406,104
2024-09-19 15:39:29.239000,418.8354680840408,14
2024-09-19 15:39:29.369000,418.8294960256199,9
2024-09-19 15:39:29.381000,418.78295234686766,103
2024-09-19 15:39:29.467000,418.8170323264005,8
2024-09-19 15:39:29.486000,418.82777938643216,6
2024-09-19 15:39:29.516000,418.8080811216552,100
2024-09-19 15:39:29.747000,418.83369962479713,104
2024-09-19 15:39:29.755000,418.8156867848188,996
2024-09-19 15:39:29.977000,418.8151955215037,997
2024-09-19 15:39:30.005000,418.7965831263567,96
2024-09-19 15:39:30.139000,418.8179488328542,10
2024-09-19 15:39:30.154000,418.8230977831077,100
2024-09-19 15:39:30.246000,418.81960877326304,1003
2024-09-19 15:39:30.267000,418.80800774276696,97
2024-09-19 15:39:30.344000,418.83932511482936,95
2024-09-19 15:39:30.515000,418.8343814063828,999
2024-09-19 15:39:30.534000,418.8107043554715,15
2024-09-19 15:39:30.738000,418.81698666511073,95
2024-09-19 15:39:30.789000,418.8248709722953,1003
2024-09-19 15:39:30.790000,418.7989692375872,998
2024-09-19 15:39:30.836000,418.8263185338905,12
2024-09-19 15:39:30.998000,418.8294878173432,998
2024-09-19 15:39:31.012000,418.8937937899814,1003
2024-09-19 15:39:31.044000,418.8733075977716,5
2024-09-19 15:39:31.104000,418.8471870070415,997
2024-09-19 15:39:31.149000,418.9196856689572,999
2024-09-19 15:39:31.183000,418.878252557949,98
2024-09-19 15:39:31.218000,418.86672594201815,97
2024-09-19 15:39:31.253000,418.8947601213986,96
2024-09-19 15:39:31.270000,418.8601524878857,103
2024-09-19 15:39:31.281000,418.8667064130606,1002
2024-09-19 15:39:31.355000,418.8239683594677,997
2024-09-19 15:39:31.370000,418.8829538996378,6
2024-09-19 15:39:31.387000,418.86424170063685,13
2024-09-19 15:39:31.505000,418.8405995715269,102
2024-09-19 15:39:31.554000,418.8542041735574,98
2024-09-19 15:39:31.641000,418.8829909003901,995
2024-09-19 15:39:31.686000,418.8829955840671,6
2024-09-19 15:39:31.700000,418.87973572854753,1004
2024-09-19 15:39:31.701000,418.8221670614646,14
2024-09-19 15:39:31.734000,418.88743023448063,6
2024-09-19 15:39:31.743000,418.86403838957625,6
2024-09-19 15:39:31.745000,418.8771352415996,6
2024-09-19 15:39:31.747000,418.8641480475548,97
2024-09-19 15:39:31.758000,418.8876877615238,1004
2024-09-19 15:39:31.768000,418.8811445253632,10
2024-09-19 15:39:31.782000,418.8668242803992,996
2024-09-19 15:39:31.893000,418.8970607810628,97
2024-09-19 15:39:31.904000,418.8518475545722,995
2024-09-19 15:39:31.925000,418.8845746214894,11
2024-09-19 15:39:32.376000,418.8553528435726,995
2024-09-19 15:39:32.453000,419.62876242095,6
2024-09-19 15:39:32.481000,419.608329926218,1002
2024-09-19 15:39:32.878000,418.8662135492077,105
2024-09-19 15:39:32.888000,418.8925598883384,1005
2024-09-19 15:39:33.453000,418.8640393821112,9
2024-09-19 15:39:33.535000,418.870683005697,8
2024-09-19 15:39:33.547000,418.8317311752557,97
2024-09-19 15:39:33.583000,418.8222348133343,12
2024-09-19 15:39:33.643000,418.8859484015839,1000
2024-09-19 15:39:33.796000,418.8523791371763,102
2024-09-19 15:39:34.052000,418.8416608029256,102
2024-09-19 15:39:34.155000,418.7859895874572,998
2024-09-19 15:39:34.418000,418.8420546227634,8
2024-09-19 15:39:34.428000,418.8525127299144,998
2024-09-19 15:39:34.432000,418.8442199232444,98
2024-09-19 15:39:34.518000,418.7953256954504,96
2024-09-19 15:39:34.540000,418.8322344963015,100
2024-09-19 15:39:34.642000,418.8304417506257,999
2024-09-19 15:39:34.670000,418.834162854628,97
2024-09-19 15:39:34.671000,418.82871484278667,10
2024-09-19 15:39:34.685000,418.7807531819115,997
2024-09-19 15:39:34.689000,418.7750684869349,104
2024-09-19 15:39:34.740000,418.8582356433162,102
2024-09-19 15:39:34.745000,418.814051296846,1001
2024-09-19 15:39:34.757000,418.8278346544503,998
2024-09-19 15:39:34.821000,418.78628581498833,8
2024-09-19 15:39:34.825000,418.814743290366,1001
2024-09-19 15:39:34.916000,418.77932660794767,95
2024-09-19 15:39:34.923000,418.840339659157,99
2024-09-19 15:39:34.923000,418.7809834629999,8
2024-09-19 15:39:34.932000,418.83698692033073,104
2024-09-19 15:39:34.941000,418.7803858074473,1000
2024-09-19 15:39:34.977000,418.84229882415576,9
2024-09-19 15:39:35.072000,418.7678565543239,9
2024-09-19 15:39:35.191000,418.7697953704831,96
2024-09-19 15:39:35.209000,418.7812170871084,104
2024-09-19 15:39:35.243000,418.7863986646863,999
2024-09-19 15:39:35.292000,418.7634160221909,101
2024-09-19 15:39:35.294000,418.8101430465817,102
2024-09-19 15:39:35.357000,418.7861670374464,6
2024-09-19 15:39:35.358000,418.755881783833,11
2024-09-19 15:39:35.471000,418.7959835571467,9
2024-09-19 15:39:35.508000,418.7627236527952,995
2024-09-19 15:39:35.551000,418.77349569818,1000
2024-09-19 15:39:35.561000,418.7689449580842,997
2024-09-19 15:39:35.578000,418.777486311119,997
2024-09-19 15:39:35.618000,418.78579959382006,6
2024-09-19 15:39:35.648000,418.7578068842573,101
2024-09-19 15:39:35.664000,418.800651838737,1004
2024-09-19 15:39:35.674000,418.79452431367406,12
2024-09-19 15:39:35.696000,418.7720022073723,105
2024-09-19 15:39:35.714000,418.7650606086805,1000
2024-09-19 15:39:35.786000,418.79528664676826,1000
2024-09-19 15:39:35.852000,418.78466620984926,1003
2024-09-19 15:39:35.878000,418.7799391647027,5
2024-09-19 15:39:35.892000,418.7644418188103,99
2024-09-19 15:39:35.954000,418.7484949130644,999
2024-09-19 15:39:35.959000,418.76286117880426,105
2024-09-19 15:39:35.967000,418.80371067675344,95
2024-09-19 15:39:35.971000,418.7640853370799,98
2024-09-19 15:39:35.975000,418.79638237121947,995
2024-09-19 15:39:35.999000,418.80093917879066,12
2024-09-19 15:39:36.009000,418.7067047223984,101
2024-09-19 15:39:36.033000,418.7035596153433,101
2024-09-19 15:39:36.037000,418.6991538299072,1003
2024-09-19 15:39:36.062000,418.7321680556106,1000
2024-09-19 15:39:36.122000,418.6784547789785,1005
2024-09-19 15:39:36.158000,418.7363543766344,9
2024-09-19 15:39:36.166000,418.6938536993383,95
2024-09-19 15:39:36.268000,418.6967294319015,996
2024-09-19 15:39:36.330000,418.6807217962918,1000
2024-09-19 15:39:36.471000,418.67252013407926,5
2024-09-19 15:39:36.651000,418.7124907916163,5
2024-09-19 15:39:36.698000,418.7052986211386,1000
2024-09-19 15:39:36.756000,418.67237820794537,997
2024-09-19 15:39:36.894000,418.7124628767109,100
2024-09-19 15:39:36.915000,418.6978401766492,105
2024-09-19 15:39:37.018000,418.7487817910924,105
2024-09-19 15:39:37.035000,418.7660903604811,101
2024-09-19 15:39:37.070000,418.7599812436626,5
2024-09-19 15:39:37.105000,418.8294077637062,15
2024-09-19 15:39:37.118000,418.7636881431984,1002
2024-09-19 15:39:37.124000,418.77605677324135,104
2024-09-19 15:39:37.180000,418.8156234412197,1002
2024-09-19 15:39:37.218000,418.758731785592,101
2024-09-19 15:39:37.300000,418.8284067887919,1003
2024-09-19 15:39:37.318000,418.7472555654245,100
2024-09-19 15:39:37.329000,418.7598409186058,7
2024-09-19 15:39:37.341000,418.8332052357568,10
2024-09-19 15:39:37.366000,418.7525365921574,100
2024-09-19 15:39:37.391000,418.7706903031568,97
2024-09-19 15:39:37.400000,418.7808869459992,996
2024-09-19 15:39:37.447000,418.7910363222714,15
2024-09-19 15:39:37.454000,418.7562722465232,96
2024-09-19 15:39:37.477000,418.758978851356,96
2024-09-19 15:39:37.500000,418.7491065918568,1002
2024-09-19 15:39:37.609000,418.8003326268789,10
2024-09-19 15:39:37.652000,418.8381139724136,10
2024-09-19 15:39:37.731000,418.7751331764311,105
2024-09-19 15:39:37.739000,418.7463962623754,11
2024-09-19 15:39:37.749000,418.7497925663913,8
2024-09-19 15:39:37.784000,418.8336203875151,11
2024-09-19 15:39:37.794000,418.8187965634112,7
2024-09-19 15:39:37.805000,418.7580818012332,102
2024-09-19 15:39:37.961000,418.77300824852057,1002
2024-09-19 15:39:37.973000,418.7987408677282,1000
2024-09-19 15:39:38.132000,418.8408988025121,7
2024-09-19 15:39:38.388000,418.82479836436136,96
2024-09-19 15:39:38.413000,418.8315289097876,1004
2024-09-19 15:39:38.515000,418.85441166053664,15
2024-09-19 15:39:38.712000,418.8451518512719,9
2024-09-19 15:39:38.731000,418.8346462256101,14
2024-09-19 15:39:38.740000,418.8286690195272,1002
2024-09-19 15:39:38.873000,418.84984065732334,14
2024-09-19 15:39:38.976000,418.84765303891646,995
2024-09-19 15:39:39.034000,418.8911786819566,14
2024-09-19 15:39:39.117000,418.88010866849766,10
2024-09-19 15:39:39.148000,418.823898849029,1004
2024-09-19 15:39:39.157000,418.8158305477157,998
2024-09-19 15:39:39.198000,418.8716918289872,10
2024-09-19 15:39:39.201000,418.8621158442012,14
2024-09-19 15:39:39.241000,418.876961471694,997
2024-09-19 15:39:39.287000,418.8691198465528,103
2024-09-19 15:39:39.356000,418.86976385166696,15
2024-09-19 15:39:39.420000,418.8175531667432,96
2024-09-19 15:39:39.420000,418.8762871858205,15
2024-09-19 15:39:39.429000,418.8737024316324,13
2024-09-19 15:39:39.437000,418.8116479369444,97
2024-09-19 15:39:39.493000,418.8617132891865,7
2024-09-19 15:39:39.552000,418.8373442318502,101
2024-09-19 15:39:39.622000,418.8156215697512,1001
2024-09-19 15:39:39.761000,418.8670591675141,995
2024-09-19 15:39:39.794000,418.8266225810768,998
2024-09-19 15:39:39.809000,418.8785196246846,999
2024-09-19 15:39:39.853000,418.870223559232,15
2024-09-19 15:39:39.861000,418.8795212408159,998
2024-09-19 15:39:39.879000,418.8625665731436,8
2024-09-19 15:39:39.887000,418.8655473422589,997
2024-09-19 15:39:39.935000,418.8943380309998,1003
2024-09-19 15:39:40.039000,418.8154855941274,14
2024-09-19 15:39:40.091000,418.81394783648057,8
2024-09-19 15:39:40.478000,418.8110268882034,100
2024-09-19 15:39:40.556000,418.83573573290687,104
2024-09-19 15:39:40.586000,418.8176644536636,12
2024-09-19 15:39:40.587000,418.80766914621086,997
2024-09-19 15:39:40.647000,418.8103944099249,8
2024-09-19 15:39:40.682000,418.8114714471627,13
2024-09-19 15:39:40.707000,418.78646047156593,11
2024-09-19 15:39:40.799000,418.807542265163,7
2024-09-19 15:39:40.817000,418.8104568027059,11
2024-09-19 15:39:40.827000,418.803134360848,6
2024-09-19 15:39:40.853000,418.80268082923806,5
2024-09-19 15:39:40.923000,418.797454526024,99
2024-09-19 15:39:41.180000,418.8111191717497,6
2024-09-19 15:39:41.561000,418.8193974405966,1002
2024-09-19 15:39:41.952000,418.8112105417665,100
2024-09-19 15:39:42.166000,418.8739588042224,103
2024-09-19 15:39:42.277000,418.830256190352,7
2024-09-19 15:39:42.291000,418.8930876659587,1005
2024-09-19 15:39:42.298000,418.8242026327748,102
2024-09-19 15:39:42.406000,418.8168771912266,100
2024-09-19 15:39:42.632000,418.9032141936936,13
2024-09-19 15:39:42.761000,418.9040013124076,102
2024-09-19 15:39:42.800000,418.8483522628491,9
2024-09-19 15:39:42.951000,418.8282040868335,103
2024-09-19 15:39:44.040000,418.9285056969776,995
2024-09-19 15:39:44.075000,418.908913987828,14
2024-09-19 15:39:44.250000,419.8994624347131,10
2024-09-19 15:39:44.351000,418.9037544127711,96
2024-09-19 15:39:44.717000,418.8838389403573,1002
2024-09-19 15:39:44.909000,418.9075905216465,11
2024-09-19 15:39:45.061000,418.8992396510812,13
2024-09-19 15:39:45.175000,418.9011609362777,10
2024-09-19 15:39:45.192000,418.85825674387536,100
2024-09-19 15:39:45.406000,418.8835513070493,996
2024-09-19 15:39:45.492000,418.8958558047161,96
2024-09-19 15:39:45.537000,418.9001294086278,1005
2024-09-19 15:39:45.620000,418.9049330389881,96
2024-09-19 15:39:45.719000,418.8733178512243,996
2024-09-19 15:39:45.720000,418.9017042415841,102
2024-09-19 15:39:45.849000,418.9192590199924,1001
2024-09-19 15:39:45.956000,418.906031150961,1003
2024-09-19 15:39:46.036000,418.7586936589218,96
2024-09-19 15:39:46.118000,418.7442709447217,1001
2024-09-19 15:39:46.150000,418.7416907564031,101
2024-09-19 15:39:46.219000,418.7426097594968,995
2024-09-19 15:39:46.232000,418.8028877935384,15
2024-09-19 15:39:46.241000,418.8415986451222,6
2024-09-19 15:39:46.244000,418.8008084191537,5
2024-09-19 15:39:46.286000,418.7237055137093,14
2024-09-19 15:39:46.299000,418.7428704694635,8
2024-09-19 15:39:46.308000,418.7138935586784,95
2024-09-19 15:39:46.351000,418.77895621973255,995
2024-09-19 15:39:46.373000,418.75507674618063,97
2024-09-19 15:39:46.399000,418.78690218572535,12
2024-09-19 15:39:46.416000,418.8095026977148,103
2024-09-19 15:39:46.548000,418.7839364510118,1004
2024-09-19 15:39:46.555000,418.80060526174776,13
2024-09-19 15:39:46.557000,418.76927479473454,9
2024-09-19 15:39:46.589000,418.713482842712,1001
2024-09-19 15:39:46.644000,418.7874569015446,5
2024-09-19 15:39:46.646000,418.8029854162053,12
2024-09-19 15:39:46.656000,418.7999071312922,101
2024-09-19 15:39:46.841000,418.7935408480229,15
2024-09-19 15:39:46.867000,418.7976376387245,14
2024-09-19 15:39:46.886000,418.780167415462,100
2024-09-19 15:39:46.886000,418.8130557016577,997
2024-09-19 15:39:46.892000,418.7308700393123,102
2024-09-19 15:39:46.917000,418.77454344071526,1003
2024-09-19 15:39:47.058000,418.6690347232032,1004
2024-09-19 15:39:47.089000,418.6596701147427,13
2024-09-19 15:39:47.109000,418.6792550131335,995
2024-09-19 15:39:47.147000,418.6211783005517,97
2024-09-19 15:39:47.190000,418.6603973292814,101
2024-09-19 15:39:47.225000,418.65404777285175,15
2024-09-19 15:39:47.315000,418.6798201177603,1005
2024-09-19 15:39:47.349000,418.6605862797731,8
2024-09-19 15:39:47.367000,418.67684673926414,103
2024-09-19 15:39:47.397000,418.6718400649905,95
2024-09-19 15:39:47.456000,418.7270920796831,6
2024-09-19 15:39:47.464000,418.6645197318793,10
2024-09-19 15:39:47.475000,418.6754199898807,999
2024-09-19 15:39:47.481000,418.6669617356157,999
2024-09-19 15:39:47.571000,418.71266768614566,104
2024-09-19 15:39:47.596000,418.6384955103504,1004
2024-09-19 15:39:47.662000,418.6780278026495,1005
2024-09-19 15:39:47.669000,418.6503142698418,6
2024-09-19 15:39:47.682000,418.6311920802733,1003
2024-09-19 15:39:47.743000,418.65183675944274,14
2024-09-19 15:39:47.767000,418.680075143357,999
2024-09-19 15:39:47.834000,418.7046993987957,99
2024-09-19 15:39:47.893000,418.62750675730666,102
2024-09-19 15:39:47.896000,418.6860781661949,8
2024-09-19 15:39:48.017000,418.5952283979347,1004
2024-09-19 15:39:48.084000,418.6045089321974,5
2024-09-19 15:39:48.087000,418.61320043231575,95
2024-09-19 15:39:48.206000,418.5926914696664,1003
2024-09-19 15:39:48.407000,418.6062745996461,1005
2024-09-19 15:39:48.441000,418.5914434125249,1004
2024-09-19 15:39:48.685000,418.57780889828825,9
2024-09-19 15:39:48.724000,418.6119086070562,1002
2024-09-19 15:39:48.821000,418.5948953347183,14
2024-09-19 15:39:48.985000,418.578229471788,11
2024-09-19 15:39:49.023000,418.5349651910064,12
2024-09-19 15:39:49.150000,418.5401574805293,11
2024-09-19 15:39:49.250000,418.53605255644976,8
2024-09-19 15:39:49.269000,418.55316437832346,104
2024-09-19 15:39:49.362000,418.55100883287366,11
2024-09-19 15:39:49.371000,418.5289407284021,996
2024-09-19 15:39:49.432000,418.5110502374669,15
2024-09-19 15:39:49.608000,418.5574238698575,105
2024-09-19 15:39:49.840000,418.5634348565792,5
2024-09-19 15:39:49.997000,418.5525451431837,12
2024-09-19 15:39:50.033000,418.5344114793796,15
2024-09-19 15:39:50.038000,418.5825517104651,101
2024-09-19 15:39:50.098000,418.54985246015616,998
2024-09-19 15:39:50.167000,418.5320397510155,98
2024-09-19 15:39:50.261000,418.5115570877773,997
2024-09-19 15:39:50.378000,418.50354354686,12
2024-09-19 15:39:50.432000,418.5365666069981,6
2024-09-19 15:39:50.436000,418.5227703240592,10
2024-09-19 15:39:50.462000,418.5120670757536,998
2024-09-19 15:39:50.515000,418.5187817038775,9
2024-09-19 15:39:50.520000,418.5297440686013,98
2024-09-19 15:39:50.559000,418.5359386423511,105
2024-09-19 15:39:50.571000,418.5028123482408,99
2024-09-19 15:39:50.574000,418.5375354550272,13
2024-09-19 15:39:50.598000,418.5261030810206,11
2024-09-19 15:39:50.606000,418.5524874834857,101
2024-09-19 15:39:50.621000,418.523706112844,1002
2024-09-19 15:39:50.640000,418.5281946246163,99
2024-09-19 15:39:50.658000,418.53684928359087,998
2024-09-19 15:39:50.738000,418.54566830191385,101
2024-09-19 15:39:50.804000,418.5246856668505,999
2024-09-19 15:39:50.841000,418.5235421908996,997
2024-09-19 15:39:50.880000,418.5312807973852,99
2024-09-19 15:39:50.998000,418.50236859043787,1001
2024-09-19 15:39:51.038000,418.542830639778,999
2024-09-19 15:39:51.061000,418.54640460391977,999
2024-09-19 15:39:51.257000,418.5564491794111,10
2024-09-19 15:39:51.275000,418.5438675950294,997
2024-09-19 15:39:51.312000,418.5744679446275,6
2024-09-19 15:39:51.361000,418.5788577786264,996
2024-09-19 15:39:51.391000,418.5593925312248,14
2024-09-19 15:39:51.462000,418.5381418683402,996
2024-09-19 15:39:51.506000,418.56262301434975,995
2024-09-19 15:39:51.559000,418.5507669199656,14
2024-09-19 15:39:51.564000,418.580284768139,6
2024-09-19 15:39:51.741000,418.5339397989866,1004
2024-09-19 15:39:51.767000,418.5349554856737,6
2024-09-19 15:39:51.794000,418.52044817157554,95
2024-09-19 15:39:51.816000,418.53109727650286,99
2024-09-19 15:39:51.877000,418.5488489639301,997
2024-09-19 15:39:52.137000,418.6075245260545,998
2024-09-19 15:39:52.166000,418.6062504186261,995
2024-09-19 15:39:52.173000,418.5874926012354,995
2024-09-19 15:39:52.251000,418.57555947969513,98
2024-09-19 15:39:52.271000,418.5564315237762,12
2024-09-19 15:39:52.274000,418.5668586699835,14
2024-09-19 15:39:52.311000,418.61428329293193,14
2024-09-19 15:39:52.316000,418.52979501524345,13
2024-09-19 15:39:52.364000,418.5685446428548,97
2024-09-19 15:39:52.415000,418.6001998631973,1001
2024-09-19 15:39:52.436000,418.55523555306775,8
2024-09-19 15:39:52.461000,418.61742882132216,97
2024-09-19 15:39:52.473000,418.5894271147972,999
2024-09-19 15:39:52.512000,418.6061301901525,1004
2024-09-19 15:39:52.517000,418.566847895092,1003
2024-09-19 15:39:52.549000,418.5496416292358,99
2024-09-19 15:39:52.549000,418.597260150817,999
2024-09-19 15:39:52.561000,418.5374598780164,105
2024-09-19 15:39:52.562000,418.5532800886124,5
2024-09-19 15:39:52.590000,418.5561227715641,1002
2024-09-19 15:39:52.619000,418.5798991653392,1000
2024-09-19 15:39:52.674000,419.5514808700938,99
2024-09-19 15:39:52.684000,418.5282544312086,13
2024-09-19 15:39:52.702000,418.5206209106448,13
2024-09-19 15:39:52.708000,418.55823830038446,5
2024-09-19 15:39:52.778000,418.6038004239143,95
2024-09-19 15:39:52.805000,418.596532220699,97
2024-09-19 15:39:52.868000,418.5271366570594,996
2024-09-19 15:39:54.040000,418.6539715599412,5
2024-09-19 15:39:54.172000,418.624568250886,1001
2024-09-19 15:39:54.220000,418.7106623116704,104
2024-09-19 15:39:54.220000,418.6324293098557,97
2024-09-19 15:39:54.284000,418.6284353388885,97
2024-09-19 15:39:54.324000,418.6467391516448,10
2024-09-19 15:39:54.344000,418.6363038214399,9
2024-09-19 15:39:54.348000,418.7422260370669,1005
2024-09-19 15:39:54.364000,418.6299169825143,97
2024-09-19 15:39:54.378000,418.7141984280951,102
2024-09-19 15:39:54.385000,418.68453450359215,13
2024-09-19 15:39:54.481000,418.6451734405919,98
2024-09-19 15:39:54.495000,418.7388095352728,13
2024-09-19 15:39:54.500000,418.6183841696744,10
2024-09-19 15:39:54.519000,418.67359665804656,99
2024-09-19 15:39:54.525000,418.6381975622498,12
2024-09-19 15:39:54.546000,418.6606914471528,96
2024-09-19 15:39:54.584000,418.604395853685,995
2024-09-19 15:39:54.615000,418.6228316707249,995
2024-09-19 15:39:54.647000,418.7418910357235,15
2024-09-19 15:39:54.683000,418.71666612141286,7
2024-09-19 15:39:54.708000,418.6262830044788,101
2024-09-19 15:39:54.791000,418.7219578931056,10
2024-09-19 15:39:54.814000,418.6390043179101,1003
2024-09-19 15:39:54.861000,418.6235821566952,97
2024-09-19 15:39:54.885000,418.6902069875741,14
2024-09-19 15:39:54.910000,418.62820283338056,995
2024-09-19 15:39:54.966000,418.6231172580487,7
2024-09-19 15:39:54.974000,418.6940647740104,11
2024-09-19 15:39:55.022000,418.692275948007,98
2024-09-19 15:39:55.139000,418.7047774814017,999
2024-09-19 15:39:55.309000,418.7028403948319,5
2024-09-19 15:39:55.320000,418.6867985422825,10
2024-09-19 15:39:55.355000,418.7333086291565,9
2024-09-19 15:39:55.369000,418.7015985004675,1003
2024-09-19 15:39:55.420000,418.71051028586334,997
2024-09-19 15:39:55.442000,418.7086144022133,11
2024-09-19 15:39:55.544000,418.6956054974504,105
2024-09-19 15:39:55.566000,418.7133761123912,14
2024-09-19 15:39:55.635000,418.70364176558553,101
2024-09-19 15:39:55.674000,418.7274954097835,103
2024-09-19 15:39:55.799000,418.7118895257879,995
2024-09-19 15:39:56.031000,418.6916098599174,1000
2024-09-19 15:39:56.069000,418.7161858270861,105
2024-09-19 15:39:56.083000,418.7278234290858,8
2024-09-19 15:39:56.122000,418.7500007569812,97
2024-09-19 15:39:56.146000,418.7366478287017,96
2024-09-19 15:39:56.152000,418.72156571813946,1005
2024-09-19 15:39:56.207000,418.6934992970743,15
2024-09-19 15:39:56.245000,418.6985329286401,996
2024-09-19 15:39:56.246000,418.6973526408862,11
2024-09-19 15:39:56.263000,418.7322742578475,105
2024-09-19 15:39:56.344000,418.7481437642725,1000
2024-09-19 15:39:56.348000,418.7262185306815,100
2024-09-19 15:39:56.359000,418.701818754682,995
2024-09-19 15:39:56.370000,418.7011631128602,9
2024-09-19 15:39:56.454000,418.742496398487,1002
2024-09-19 15:39:56.461000,418.7143633794922,1003
2024-09-19 15:39:56.489000,418.7256123268889,1002
2024-09-19 15:39:56.635000,418.7215773993257,9
2024-09-19 15:39:56.637000,418.7238889280046,14
2024-09-19 15:39:56.649000,418.700863036181,14
2024-09-19 15:39:56.741000,418.6900361204405,9
2024-09-19 15:39:56.822000,418.7074019873792,1005
2024-09-19 15:39:56.878000,418.7403342857981,105
2024-09-19 15:39:56.911000,418.7040224131409,12
2024-09-19 15:39:56.927000,418.7196683755597,1003
2024-09-19 15:39:56.928000,418.72271911922127,15
2024-09-19 15:39:56.952000,418.74263711593454,11
2024-09-19 15:39:56.991000,418.7398402228287,14
2024-09-19 15:39:57.028000,418.7195619486835,1005
2024-09-19 15:39:57.029000,418.7598897640257,1000
2024-09-19 15:39:57.218000,418.753233810108,100
2024-09-19 15:39:57.277000,418.7308159088077,98
2024-09-19 15:39:57.425000,418.6882741133804,100
2024-09-19 15:39:57.432000,418.6773737376888,14
2024-09-19 15:39:57.455000,418.6656366759063,103
2024-09-19 15:39:57.465000,418.73831420815554,6
2024-09-19 15:39:57.498000,418.7040501101597,15
2024-09-19 15:39:57.579000,418.67593986561207,12
2024-09-19 15:39:57.623000,418.6903934526141,999
2024-09-19 15:39:57.630000,418.6839741184282,9
2024-09-19 15:39:57.643000,418.7604902822451,104
2024-09-19 15:39:57.703000,418.6901149600146,1003
2024-09-19 15:39:57.772000,418.6678543998319,97
2024-09-19 15:39:57.803000,418.6996733392414,103
2024-09-19 15:39:57.849000,418.6952761255533,99
2024-09-19 15:39:57.875000,418.7325315963821,8
2024-09-19 15:39:57.904000,418.6646192943606,1004
2024-09-19 15:39:57.936000,418.70535952094895,97
2024-09-19 15:39:58.085000,418.5597648118542,998
2024-09-19 15:39:58.109000,418.5726696663688,1003
2024-09-19 15:39:58.115000,418.67202893534926,12
2024-09-19 15:39:58.139000,418.5862591735785,997
2024-09-19 15:39:58.215000,418.5893589652107,5
2024-09-19 15:39:58.327000,418.5653077051164,100
2024-09-19 15:39:58.346000,418.5648002840781,1000
2024-09-19 15:39:58.346000,418.5801757384309,97
2024-09-19 15:39:58.370000,418.6033613186532,1004
2024-09-19 15:39:58.373000,418.56434568117936,999
2024-09-19 15:39:58.468000,418.6654163072257,101
2024-09-19 15:39:58.469000,418.67008506365664,6
2024-09-19 15:39:58.543000,418.6515835145576,1001
2024-09-19 15:39:58.585000,418.6386972929831,102
2024-09-19 15:39:58.587000,418.56374711187016,10
2024-09-19 15:39:58.638000,418.5786047615238,6
2024-09-19 15:39:58.642000,418.56066304472176,96
2024-09-19 15:39:58.670000,418.594824095949,103
2024-09-19 15:39:58.677000,418.66146737274505,15
2024-09-19 15:39:58.692000,418.6611663152065,14
2024-09-19 15:39:58.719000,418.6092616359904,14
2024-09-19 15:39:58.769000,418.6670508265531,999
2024-09-19 15:39:58.973000,418.5989243749274,96
2024-09-19 15:39:59.084000,418.6200435705726,5
2024-09-19 15:39:59.135000,418.5739750734437,996
2024-09-19 15:39:59.148000,418.6387426587721,105
2024-09-19 15:39:59.190000,418.66650209644456,997
2024-09-19 15:39:59.207000,418.6501748604399,1005
2024-09-19 15:39:59.209000,418.6260833415399,6
2024-09-19 15:39:59.260000,418.5919759645506,95
2024-09-19 15:39:59.316000,418.5622373021136,9
2024-09-19 15:39:59.355000,418.7500963585597,8
2024-09-19 15:39:59.410000,418.7327147950996,5
2024-09-19 15:39:59.494000,418.7188540709289,10
2024-09-19 15:39:59.584000,418.6138449344349,12
2024-09-19 15:39:59.611000,418.5866870932254,1001
2024-09-19 15:39:59.621000,418.59054234022943,11
2024-09-19 15:39:59.829000,418.6869477633293,105
2024-09-19 15:39:59.847000,418.5788839526017,1003
2024-09-19 15:39:59.849000,418.6611727397189,105
2024-09-19 15:39:59.895000,418.58867913555673,97
2024-09-19 15:39:59.949000,418.5800351761648,95
2024-09-19 15:39:59.979000,418.7074584754656,999
