Timestamp,Price,Size
2024-09-16 15:51:00.550000,414.2426873818076,97
2024-09-16 15:51:00.933000,414.263708348333,5
2024-09-16 15:51:02.037000,414.29628713950615,97
2024-09-16 15:51:02.111000,414.2993742951672,95
2024-09-16 15:51:02.117000,414.28935319987966,10
2024-09-16 15:51:02.368000,414.2954837667494,99
2024-09-16 15:51:02.370000,414.2866036436812,100
2024-09-16 15:51:02.729000,414.2825929843213,5
2024-09-16 15:51:02.747000,414.3014336766392,98
2024-09-16 15:51:02.786000,414.26193711484586,1001
2024-09-16 15:51:02.826000,414.298283266356,995
2024-09-16 15:51:02.860000,414.3057481156122,10
2024-09-16 15:51:02.917000,414.3027311683587,1001
2024-09-16 15:51:03.237000,414.36797131413095,997
2024-09-16 15:51:03.368000,414.3320838945988,1002
2024-09-16 15:51:03.401000,414.3265747671475,96
2024-09-16 15:51:03.419000,414.3285393345951,996
2024-09-16 15:51:03.475000,414.3255335920113,1005
2024-09-16 15:51:03.682000,414.3647230246628,1000
2024-09-16 15:51:03.685000,414.3298288178875,999
2024-09-16 15:51:03.766000,414.317064846484,995
2024-09-16 15:51:03.895000,414.3209697950499,999
2024-09-16 15:51:03.907000,414.3443735210872,14
2024-09-16 15:51:03.909000,414.3217877737161,13
2024-09-16 15:51:03.918000,414.3438949035048,1000
2024-09-16 15:51:03.928000,414.367921003977,996
2024-09-16 15:51:04.116000,414.355946350528,96
2024-09-16 15:51:04.267000,414.3362636865782,97
2024-09-16 15:51:04.293000,414.34694164459904,6
2024-09-16 15:51:04.472000,414.35399490227695,14
2024-09-16 15:51:04.569000,414.34643120337057,97
2024-09-16 15:51:04.606000,414.35602836014345,100
2024-09-16 15:51:04.729000,414.3328552714181,8
2024-09-16 15:51:04.777000,414.3611411672484,1004
2024-09-16 15:51:04.825000,414.3423626322844,13
2024-09-16 15:51:04.843000,414.3458679988141,15
2024-09-16 15:51:05.206000,414.3897272464025,13
2024-09-16 15:51:05.373000,414.4231347543998,97
2024-09-16 15:51:05.478000,414.3654015701401,102
2024-09-16 15:51:05.523000,414.3604328005108,98
2024-09-16 15:51:05.541000,414.4055534322084,7
2024-09-16 15:51:05.793000,414.35117801295775,100
2024-09-16 15:51:05.884000,414.401142630656,999
2024-09-16 15:51:05.897000,414.4032146649251,1000
2024-09-16 15:51:05.979000,414.3975075722077,95
2024-09-16 15:51:06.976000,414.4261249508089,95
2024-09-16 15:51:07.019000,414.5286968023981,13
2024-09-16 15:51:07.029000,414.4797994851333,95
2024-09-16 15:51:07.039000,414.4342319785255,995
2024-09-16 15:51:07.074000,414.381379970735,102
2024-09-16 15:51:07.202000,414.4045639307168,12
2024-09-16 15:51:07.219000,414.4217506502927,1003
2024-09-16 15:51:07.323000,414.3885858078932,12
2024-09-16 15:51:07.328000,414.5308173993579,995
2024-09-16 15:51:07.339000,414.441114834465,5
2024-09-16 15:51:07.361000,414.4980698765535,996
2024-09-16 15:51:07.398000,414.3766156562717,8
2024-09-16 15:51:07.417000,414.4083375850823,1002
2024-09-16 15:51:07.446000,414.3683270811482,995
2024-09-16 15:51:07.461000,414.5045998646484,997
2024-09-16 15:51:07.503000,414.4094854231979,104
2024-09-16 15:51:07.590000,414.525339616919,6
2024-09-16 15:51:07.622000,414.4118939220533,5
2024-09-16 15:51:07.685000,414.53560073016473,103
2024-09-16 15:51:07.740000,414.422931596843,7
2024-09-16 15:51:07.773000,414.4047275356316,97
2024-09-16 15:51:07.842000,414.4267281330597,1005
2024-09-16 15:51:07.849000,414.3901189572065,998
2024-09-16 15:51:07.905000,414.44785476108166,10
2024-09-16 15:51:07.920000,414.47477673870594,98
2024-09-16 15:51:07.989000,414.41720547348575,100
2024-09-16 15:51:08.069000,414.58692020767023,100
2024-09-16 15:51:08.073000,414.5869290900985,15
2024-09-16 15:51:08.074000,414.5751857532511,99
2024-09-16 15:51:08.167000,414.5599510487892,101
2024-09-16 15:51:08.179000,414.57564660681817,15
2024-09-16 15:51:08.187000,414.5776403732777,8
2024-09-16 15:51:08.334000,414.5474039814946,15
2024-09-16 15:51:08.365000,414.5934278976696,996
2024-09-16 15:51:08.371000,414.5774324105125,105
2024-09-16 15:51:08.398000,414.5649359553647,7
2024-09-16 15:51:08.406000,414.5935876972573,104
2024-09-16 15:51:08.421000,414.5865799148141,101
2024-09-16 15:51:08.475000,414.5721677769327,9
2024-09-16 15:51:08.479000,414.5657099238253,105
2024-09-16 15:51:08.536000,414.60007785198025,1005
2024-09-16 15:51:08.546000,414.5725293799893,1004
2024-09-16 15:51:08.585000,414.56377279635007,1001
2024-09-16 15:51:08.604000,414.5908435856627,15
2024-09-16 15:51:08.675000,414.5989792221452,13
2024-09-16 15:51:08.740000,414.5853123937076,995
2024-09-16 15:51:08.787000,414.5788733589044,997
2024-09-16 15:51:08.791000,414.5992655579273,9
2024-09-16 15:51:08.817000,414.6015956962368,8
2024-09-16 15:51:08.821000,414.5716229174191,15
2024-09-16 15:51:08.859000,414.5366010260841,101
2024-09-16 15:51:08.988000,414.5804196044959,12
2024-09-16 15:51:08.992000,414.5333860793943,99
2024-09-16 15:51:08.998000,414.5834839109024,104
2024-09-16 15:51:09.180000,414.558576712478,104
2024-09-16 15:51:09.469000,414.5543669808124,7
2024-09-16 15:51:09.797000,414.5809221261722,99
2024-09-16 15:51:10.054000,414.5453256881944,998
2024-09-16 15:51:10.083000,414.5309186242835,98
2024-09-16 15:51:10.084000,414.5483769705995,7
2024-09-16 15:51:10.311000,414.6090382297601,15
2024-09-16 15:51:10.351000,414.5466728459695,14
2024-09-16 15:51:10.373000,414.5891676587587,8
2024-09-16 15:51:10.411000,414.5608702631213,1000
2024-09-16 15:51:10.422000,414.5351285287884,97
2024-09-16 15:51:10.576000,414.53720210819256,100
2024-09-16 15:51:10.601000,414.53472647334496,1001
2024-09-16 15:51:10.614000,414.5506275835948,1004
2024-09-16 15:51:10.830000,414.5580624449336,103
2024-09-16 15:51:10.900000,414.5227715702651,12
2024-09-16 15:51:10.920000,414.59537346520415,1001
2024-09-16 15:51:11.021000,414.61067606320177,995
2024-09-16 15:51:11.030000,414.5982160297512,7
2024-09-16 15:51:11.164000,414.58209760448585,97
2024-09-16 15:51:11.184000,414.6306090728812,103
2024-09-16 15:51:11.351000,414.61471093121736,7
2024-09-16 15:51:11.366000,414.61015072375,997
2024-09-16 15:51:11.436000,414.6132969973752,96
2024-09-16 15:51:11.592000,414.5985266808599,995
2024-09-16 15:51:11.608000,414.60789293466655,995
2024-09-16 15:51:11.755000,414.6096494501823,99
2024-09-16 15:51:11.771000,414.5982415849348,104
2024-09-16 15:51:11.866000,414.6142329292892,997
2024-09-16 15:51:11.900000,414.5806510349726,996
2024-09-16 15:51:11.910000,414.5738021701507,105
2024-09-16 15:51:11.944000,414.6102254841134,997
2024-09-16 15:51:12.005000,414.6506587828985,998
2024-09-16 15:51:12.023000,414.6298847227527,998
2024-09-16 15:51:12.033000,414.621671560356,104
2024-09-16 15:51:12.048000,414.67808523193503,98
2024-09-16 15:51:12.136000,414.6204250107397,96
2024-09-16 15:51:12.241000,414.6303615095789,5
2024-09-16 15:51:12.298000,414.6598659635214,14
2024-09-16 15:51:12.319000,414.6537284190494,1003
2024-09-16 15:51:12.425000,414.6670608236843,8
2024-09-16 15:51:12.453000,414.64116227769046,12
2024-09-16 15:51:12.477000,414.6214236142425,103
2024-09-16 15:51:12.485000,414.5942689659225,15
2024-09-16 15:51:12.510000,414.64812738469465,100
2024-09-16 15:51:12.639000,414.63862575280285,102
2024-09-16 15:51:12.656000,414.6447868959846,102
2024-09-16 15:51:12.696000,417.9840567809112,10
2024-09-16 15:51:12.729000,414.6513399249529,95
2024-09-16 15:51:12.737000,414.6023435451343,996
2024-09-16 15:51:12.752000,414.6679630607091,999
2024-09-16 15:51:12.791000,414.600821086361,105
2024-09-16 15:51:12.839000,414.643026419741,13
2024-09-16 15:51:12.907000,414.6008733527109,11
2024-09-16 15:51:12.971000,414.6563794936714,104
2024-09-16 15:51:12.972000,414.6207871541744,96
2024-09-16 15:51:12.979000,414.6017188425031,9
2024-09-16 15:51:12.989000,414.6703860817208,98
2024-09-16 15:51:12.990000,414.6026994877777,101
2024-09-16 15:51:13.180000,414.6049485456314,998
2024-09-16 15:51:13.186000,414.59218063932514,96
2024-09-16 15:51:13.193000,414.62726338849336,95
2024-09-16 15:51:13.211000,414.6332921842665,100
2024-09-16 15:51:13.212000,414.5727620124263,5
2024-09-16 15:51:13.235000,414.6106010623864,1000
2024-09-16 15:51:13.259000,414.5531207851309,98
2024-09-16 15:51:13.299000,414.5745397211993,6
2024-09-16 15:51:13.326000,414.55187029786447,104
2024-09-16 15:51:13.352000,414.64365926217295,1004
2024-09-16 15:51:13.419000,414.6557440496673,7
2024-09-16 15:51:13.425000,414.6438093906583,5
2024-09-16 15:51:13.447000,414.64452566964,1003
2024-09-16 15:51:13.456000,414.6453336907476,9
2024-09-16 15:51:13.538000,414.6268285737693,14
2024-09-16 15:51:13.544000,414.6569368907015,999
2024-09-16 15:51:13.598000,414.6525992144973,101
2024-09-16 15:51:13.637000,414.6249825176599,1001
2024-09-16 15:51:13.649000,414.6089240668756,97
2024-09-16 15:51:13.720000,414.5891943161277,9
2024-09-16 15:51:13.759000,414.5041478623539,13
2024-09-16 15:51:13.781000,414.64015125805406,103
2024-09-16 15:51:13.784000,414.6300397036898,102
2024-09-16 15:51:13.787000,414.6403701044487,14
2024-09-16 15:51:13.843000,414.53489574266223,97
2024-09-16 15:51:13.883000,414.62054652129376,10
2024-09-16 15:51:13.989000,414.6513957716336,12
2024-09-16 15:51:13.997000,414.6380395091392,11
2024-09-16 15:51:14.116000,414.4940616625862,997
2024-09-16 15:51:14.143000,414.504393955062,1003
2024-09-16 15:51:14.362000,414.51300816984224,11
2024-09-16 15:51:14.368000,414.4969445593345,12
2024-09-16 15:51:14.912000,414.4867093917067,1003
2024-09-16 15:51:15.019000,414.4720694040765,97
2024-09-16 15:51:15.028000,414.46724787559873,1001
2024-09-16 15:51:15.085000,414.4526346639509,103
2024-09-16 15:51:15.208000,414.4598978767251,9
2024-09-16 15:51:15.273000,414.4472654786459,8
2024-09-16 15:51:15.279000,414.4502845260514,10
2024-09-16 15:51:15.440000,414.4462218248063,5
2024-09-16 15:51:15.444000,414.4630223503572,105
2024-09-16 15:51:15.510000,414.4587337257951,102
2024-09-16 15:51:15.547000,414.4468865403288,999
2024-09-16 15:51:15.734000,414.4551500268527,10
2024-09-16 15:51:15.785000,414.48068283008286,95
2024-09-16 15:51:15.790000,414.45568496495184,997
2024-09-16 15:51:15.829000,414.4480070967038,10
2024-09-16 15:51:15.835000,414.46393703076006,7
2024-09-16 15:51:15.842000,414.4533668551357,6
2024-09-16 15:51:15.854000,414.4616715215049,1005
2024-09-16 15:51:15.860000,414.44218528213776,11
2024-09-16 15:51:15.908000,414.46375451634833,999
2024-09-16 15:51:15.982000,414.46557348416775,1002
2024-09-16 15:51:15.982000,414.4465524971886,997
2024-09-16 15:51:16.005000,414.4560157733305,10
2024-09-16 15:51:16.080000,414.4885575599787,100
2024-09-16 15:51:16.220000,414.4547732608125,103
2024-09-16 15:51:16.289000,414.4478593190473,995
2024-09-16 15:51:16.596000,414.4437033549312,102
2024-09-16 15:51:16.604000,414.4571276501002,1003
2024-09-16 15:51:16.633000,414.4409360196528,99
2024-09-16 15:51:16.644000,414.4455441330256,996
2024-09-16 15:51:16.691000,414.4781816069215,1002
2024-09-16 15:51:16.711000,414.43908309806153,100
2024-09-16 15:51:16.734000,414.4608369327563,5
2024-09-16 15:51:16.751000,414.4719501327127,1005
2024-09-16 15:51:16.810000,414.47091223206326,104
2024-09-16 15:51:17.019000,414.4382327828768,7
2024-09-16 15:51:17.112000,414.4437531146895,1000
2024-09-16 15:51:17.114000,414.4312096556791,1001
2024-09-16 15:51:17.140000,414.4180104031158,15
2024-09-16 15:51:17.179000,414.4041086408877,9
2024-09-16 15:51:17.198000,414.4107187926984,1001
2024-09-16 15:51:17.252000,414.43313714834295,10
2024-09-16 15:51:17.284000,414.4401827709578,995
2024-09-16 15:51:17.347000,414.4542464172317,1000
2024-09-16 15:51:17.375000,414.42555555586,996
2024-09-16 15:51:17.397000,414.43366934337695,1000
2024-09-16 15:51:17.456000,414.4241964998095,1003
2024-09-16 15:51:17.515000,414.4393588900421,96
2024-09-16 15:51:17.586000,414.4050416760625,98
2024-09-16 15:51:17.608000,414.4159247023999,999
2024-09-16 15:51:17.626000,414.4419357020293,96
2024-09-16 15:51:17.653000,414.44517011045895,999
2024-09-16 15:51:17.670000,414.4271672033406,13
2024-09-16 15:51:17.727000,414.4240280645928,101
2024-09-16 15:51:17.743000,414.41083316318696,1000
2024-09-16 15:51:17.749000,414.4372380160152,14
2024-09-16 15:51:17.817000,414.4459549647586,997
2024-09-16 15:51:17.993000,414.43539944525526,104
2024-09-16 15:51:18.009000,414.4343020666559,1002
2024-09-16 15:51:18.010000,414.3552654796787,1005
2024-09-16 15:51:18.025000,414.43467123172826,13
2024-09-16 15:51:18.029000,414.4075533116171,7
2024-09-16 15:51:18.030000,414.38893788282974,102
2024-09-16 15:51:18.032000,414.412481656064,104
2024-09-16 15:51:18.038000,414.38845118903,1003
2024-09-16 15:51:18.191000,414.3953994154736,10
2024-09-16 15:51:18.210000,414.4065657647436,14
2024-09-16 15:51:18.237000,414.391939263004,1003
2024-09-16 15:51:18.327000,414.38552068787686,998
2024-09-16 15:51:18.383000,414.4038916592186,95
2024-09-16 15:51:18.437000,414.4417616888779,1003
2024-09-16 15:51:18.451000,414.3939974054977,96
2024-09-16 15:51:18.476000,414.41932515636125,104
2024-09-16 15:51:18.479000,414.3565709160288,8
2024-09-16 15:51:18.490000,414.3798269366682,1003
2024-09-16 15:51:18.546000,414.4363729609293,998
2024-09-16 15:51:18.568000,414.34420870166446,6
2024-09-16 15:51:18.581000,414.4201681726511,96
2024-09-16 15:51:18.582000,414.3712918474264,11
2024-09-16 15:51:18.588000,414.3827174510692,99
2024-09-16 15:51:18.806000,414.4144699633853,1002
2024-09-16 15:51:18.823000,414.4171030237444,101
2024-09-16 15:51:18.835000,414.4110836229116,15
2024-09-16 15:51:18.931000,414.42247673573496,101
2024-09-16 15:51:18.969000,414.41078822053976,105
2024-09-16 15:51:18.972000,414.3774518780388,95
2024-09-16 15:51:19.256000,414.3405246031368,6
2024-09-16 15:51:19.291000,414.3051935700842,997
2024-09-16 15:51:19.818000,414.3169397819889,10
2024-09-16 15:51:20.024000,414.3054021285839,11
2024-09-16 15:51:20.290000,414.3015358658201,11
2024-09-16 15:51:20.337000,414.2919037693934,9
2024-09-16 15:51:20.482000,414.2734813418196,105
2024-09-16 15:51:20.844000,414.2534327492216,95
2024-09-16 15:51:21.031000,414.28024061877306,1004
2024-09-16 15:51:21.084000,414.27754977732576,1003
2024-09-16 15:51:21.094000,414.27604390782926,101
2024-09-16 15:51:21.122000,414.27718558946646,1003
2024-09-16 15:51:21.137000,414.2396423734887,11
2024-09-16 15:51:21.141000,414.2571860445688,12
2024-09-16 15:51:21.174000,414.2789267478991,13
2024-09-16 15:51:21.183000,414.3013150983856,98
2024-09-16 15:51:21.205000,414.2839319859872,7
2024-09-16 15:51:21.239000,414.2491403302059,100
2024-09-16 15:51:21.257000,414.29466585057526,1004
2024-09-16 15:51:21.363000,414.2659671813151,11
2024-09-16 15:51:21.381000,414.25178969487786,96
2024-09-16 15:51:21.432000,418.0577660843881,10
2024-09-16 15:51:21.435000,414.2558100297242,98
2024-09-16 15:51:21.448000,414.2659935922508,999
2024-09-16 15:51:21.452000,414.2484943256434,102
2024-09-16 15:51:21.460000,414.2718712185878,101
2024-09-16 15:51:21.637000,414.2810378153163,101
2024-09-16 15:51:21.670000,414.2824857955899,100
2024-09-16 15:51:21.671000,414.2808112005363,103
2024-09-16 15:51:21.763000,414.2862273610762,8
2024-09-16 15:51:21.830000,414.2472883252483,96
2024-09-16 15:51:21.841000,414.2791575330661,5
2024-09-16 15:51:21.856000,414.2720235968303,98
2024-09-16 15:51:21.859000,414.2739768535726,1005
2024-09-16 15:51:21.868000,414.2983672721252,96
2024-09-16 15:51:21.877000,414.2582369183378,96
2024-09-16 15:51:21.958000,414.2825681943999,997
2024-09-16 15:51:21.977000,414.3046087668847,10
2024-09-16 15:51:22.030000,414.2889879297173,96
2024-09-16 15:51:22.086000,414.256687738041,100
2024-09-16 15:51:22.148000,414.2822023316048,1003
2024-09-16 15:51:22.149000,414.2734962198438,1002
2024-09-16 15:51:22.203000,414.28166050530064,95
2024-09-16 15:51:22.252000,414.28486921718894,101
2024-09-16 15:51:22.258000,414.2716228659687,99
2024-09-16 15:51:22.291000,414.270113228775,1003
2024-09-16 15:51:22.300000,414.2696838861328,97
2024-09-16 15:51:22.441000,414.2422236954533,996
2024-09-16 15:51:22.480000,414.288013661558,95
2024-09-16 15:51:22.514000,418.0550274011422,100
2024-09-16 15:51:22.518000,414.28425311836185,997
2024-09-16 15:51:22.523000,414.2959433939264,1003
2024-09-16 15:51:22.533000,414.2839936925068,6
2024-09-16 15:51:22.590000,414.2778987973352,1002
2024-09-16 15:51:22.616000,414.2876895230277,101
2024-09-16 15:51:22.696000,414.2859223922624,103
2024-09-16 15:51:22.755000,414.2564501728442,104
2024-09-16 15:51:22.819000,414.287141272924,1005
2024-09-16 15:51:22.857000,414.247550312526,997
2024-09-16 15:51:22.860000,414.2804444053628,103
2024-09-16 15:51:22.879000,414.29184762426974,13
2024-09-16 15:51:22.890000,414.2795352996461,104
2024-09-16 15:51:22.895000,414.2609694401157,100
2024-09-16 15:51:22.905000,414.2943941742197,1001
2024-09-16 15:51:22.950000,414.2848636113269,10
2024-09-16 15:51:22.974000,414.2754169976747,103
2024-09-16 15:51:23.002000,414.2621548303347,1000
2024-09-16 15:51:23.013000,414.2592759940701,11
2024-09-16 15:51:23.125000,414.2721657848477,1000
2024-09-16 15:51:23.193000,414.28845951783455,998
2024-09-16 15:51:23.221000,414.2939616095626,95
2024-09-16 15:51:23.279000,414.2500290304275,1001
2024-09-16 15:51:23.285000,414.2408401125512,997
2024-09-16 15:51:23.307000,414.250175582075,11
2024-09-16 15:51:23.341000,414.2747009657227,1002
2024-09-16 15:51:23.481000,414.274818166366,102
2024-09-16 15:51:23.634000,414.2710239908793,1003
2024-09-16 15:51:23.669000,414.25614691319976,1005
2024-09-16 15:51:23.713000,414.2748900623032,9
2024-09-16 15:51:23.753000,414.27563315098905,102
2024-09-16 15:51:23.780000,414.2543353278817,995
2024-09-16 15:51:23.923000,414.2621345199995,105
2024-09-16 15:51:23.962000,414.2494252128987,1005
2024-09-16 15:51:24.005000,414.22658587225175,9
2024-09-16 15:51:24.135000,414.2037489214542,102
2024-09-16 15:51:24.143000,414.2616061269082,8
2024-09-16 15:51:24.190000,414.23142257631946,103
2024-09-16 15:51:24.196000,414.2778079696751,96
2024-09-16 15:51:24.267000,414.23785241522535,96
2024-09-16 15:51:24.270000,414.2653671163808,5
2024-09-16 15:51:24.338000,414.2661845912375,104
2024-09-16 15:51:24.411000,414.2014437272256,12
2024-09-16 15:51:24.473000,414.2852891680509,5
2024-09-16 15:51:24.494000,414.27745308140135,5
2024-09-16 15:51:24.627000,414.2331728552538,15
2024-09-16 15:51:24.645000,414.2438351942004,7
2024-09-16 15:51:24.659000,414.2703759050329,15
2024-09-16 15:51:24.673000,414.2825348127013,995
2024-09-16 15:51:24.709000,414.2449796898109,7
2024-09-16 15:51:24.727000,414.2586034958753,997
2024-09-16 15:51:24.759000,414.2603846112869,1003
2024-09-16 15:51:24.805000,414.2656995653712,105
2024-09-16 15:51:24.843000,414.2285601511948,96
2024-09-16 15:51:24.854000,414.25523481862746,105
2024-09-16 15:51:24.917000,414.229512241632,1001
2024-09-16 15:51:24.929000,414.2459044621349,104
2024-09-16 15:51:24.986000,414.271610436249,95
2024-09-16 15:51:25.006000,414.2619336313396,11
2024-09-16 15:51:25.012000,414.31716083037736,15
2024-09-16 15:51:25.073000,414.259177301991,1004
2024-09-16 15:51:25.116000,414.3287275505601,100
2024-09-16 15:51:25.139000,414.3011402023578,997
2024-09-16 15:51:25.142000,414.3131085952011,97
2024-09-16 15:51:25.209000,414.24637714052216,95
2024-09-16 15:51:25.229000,414.2120458821726,13
2024-09-16 15:51:25.249000,414.2863877113776,13
2024-09-16 15:51:25.250000,414.3438698764066,996
2024-09-16 15:51:25.261000,414.2721162727621,101
2024-09-16 15:51:25.325000,414.2723673678455,998
2024-09-16 15:51:25.349000,414.3167493338055,997
2024-09-16 15:51:25.377000,414.3104927373401,8
2024-09-16 15:51:25.381000,414.305579016393,1002
2024-09-16 15:51:25.397000,414.2834852462386,99
2024-09-16 15:51:25.430000,414.3235302442188,95
2024-09-16 15:51:25.496000,414.2827334009264,103
2024-09-16 15:51:25.497000,414.2248758270767,1002
2024-09-16 15:51:25.562000,414.3198754621787,7
2024-09-16 15:51:25.742000,414.3105489947544,100
2024-09-16 15:51:25.748000,414.2987459514744,104
2024-09-16 15:51:25.866000,414.31801176874296,105
2024-09-16 15:51:25.921000,414.2265809451313,99
2024-09-16 15:51:25.949000,414.2227281034832,10
2024-09-16 15:51:25.956000,414.21076662169054,15
2024-09-16 15:51:26.031000,414.2976860255306,1005
2024-09-16 15:51:26.040000,414.2904849264673,6
2024-09-16 15:51:26.051000,414.28365596625065,1004
2024-09-16 15:51:26.086000,414.23773282123045,102
2024-09-16 15:51:26.140000,414.2777832526728,10
2024-09-16 15:51:26.189000,414.2352835189637,11
2024-09-16 15:51:26.200000,414.17036615737976,105
2024-09-16 15:51:26.337000,414.2093797797835,1000
2024-09-16 15:51:26.341000,414.23609428541,996
2024-09-16 15:51:26.383000,414.1871527672557,95
2024-09-16 15:51:26.472000,414.27235508167047,1001
2024-09-16 15:51:26.518000,414.267396772255,7
2024-09-16 15:51:26.539000,414.2043957995684,100
2024-09-16 15:51:26.597000,414.2239051722643,9
2024-09-16 15:51:26.720000,414.30868333266017,96
2024-09-16 15:51:26.726000,414.22458614346,1003
2024-09-16 15:51:26.734000,414.2363847636794,11
2024-09-16 15:51:26.797000,414.1641837730729,103
2024-09-16 15:51:26.869000,414.207181221728,98
2024-09-16 15:51:26.869000,414.2458535405836,14
2024-09-16 15:51:26.870000,414.28014200325657,999
2024-09-16 15:51:26.903000,414.2368058121766,1000
2024-09-16 15:51:27.092000,414.1872222786347,9
2024-09-16 15:51:27.702000,414.168929015288,996
2024-09-16 15:51:27.705000,414.18167532543725,5
2024-09-16 15:51:28.068000,414.18578644945273,9
2024-09-16 15:51:28.853000,414.1823582162243,1000
2024-09-16 15:51:29.083000,414.1778696793962,13
2024-09-16 15:51:29.119000,414.1848903346131,96
2024-09-16 15:51:29.141000,414.1742546540485,10
2024-09-16 15:51:29.184000,414.1675717759791,103
2024-09-16 15:51:29.317000,414.1694769755369,13
2024-09-16 15:51:29.387000,414.1649346799738,8
2024-09-16 15:51:29.430000,414.1602810376185,12
2024-09-16 15:51:29.493000,414.1725472822168,12
2024-09-16 15:51:29.543000,414.1785532812781,99
2024-09-16 15:51:29.560000,414.1757850121895,1005
2024-09-16 15:51:29.604000,414.1698641869306,105
2024-09-16 15:51:29.651000,414.1905307105405,98
2024-09-16 15:51:29.841000,414.1815343422016,104
2024-09-16 15:51:29.861000,414.1786854474241,10
2024-09-16 15:51:29.870000,414.190280773959,998
2024-09-16 15:51:29.890000,414.1561472122608,97
2024-09-16 15:51:29.967000,414.1720373765325,98
2024-09-16 15:51:29.985000,414.1659979109044,11
2024-09-16 15:51:30.032000,414.1557216975001,103
2024-09-16 15:51:30.083000,414.15797991920056,995
2024-09-16 15:51:30.527000,414.1494168766546,96
2024-09-16 15:51:30.605000,414.1650562102674,1004
2024-09-16 15:51:30.934000,414.1610753575936,15
2024-09-16 15:51:31.165000,414.1094038953535,997
2024-09-16 15:51:31.179000,414.0658113969444,14
2024-09-16 15:51:31.207000,414.02713885596967,14
2024-09-16 15:51:31.306000,414.11737884361605,6
2024-09-16 15:51:31.307000,414.1062508361953,7
2024-09-16 15:51:31.335000,414.1270698779567,14
2024-09-16 15:51:31.411000,414.12123064197687,995
2024-09-16 15:51:31.448000,414.11200534643103,998
2024-09-16 15:51:31.528000,414.10192805568136,99
2024-09-16 15:51:31.561000,414.0883021782125,12
2024-09-16 15:51:31.569000,414.06612990747743,11
2024-09-16 15:51:31.576000,414.0415687183224,9
2024-09-16 15:51:31.613000,414.09243893788135,1000
2024-09-16 15:51:31.686000,414.1372990382854,103
2024-09-16 15:51:31.709000,414.08306917962574,1004
2024-09-16 15:51:31.752000,414.1304673710308,98
2024-09-16 15:51:31.769000,414.06145766370014,96
2024-09-16 15:51:31.806000,414.0824794396368,12
2024-09-16 15:51:31.851000,414.1342365136374,1001
2024-09-16 15:51:31.863000,414.05951052002575,99
2024-09-16 15:51:31.884000,414.07955491496006,997
2024-09-16 15:51:31.900000,414.08271441938535,7
2024-09-16 15:51:31.932000,414.1158615215277,11
2024-09-16 15:51:31.962000,414.10537413770345,103
2024-09-16 15:51:31.993000,414.0766178265612,105
2024-09-16 15:51:32.087000,414.1035948684408,101
2024-09-16 15:51:32.137000,414.094821178226,1002
2024-09-16 15:51:32.211000,414.1017483781087,103
2024-09-16 15:51:32.245000,414.0883669447597,1005
2024-09-16 15:51:32.273000,414.0891094205389,9
2024-09-16 15:51:32.287000,414.1181860856392,98
2024-09-16 15:51:32.289000,414.0872517933772,12
2024-09-16 15:51:32.339000,414.0944924114501,13
2024-09-16 15:51:32.413000,414.1040033583144,13
2024-09-16 15:51:32.449000,414.10173948409744,997
2024-09-16 15:51:32.528000,414.0860823207358,104
2024-09-16 15:51:32.554000,414.09624826294873,14
2024-09-16 15:51:32.567000,414.0850088314149,1002
2024-09-16 15:51:32.631000,414.0905154470028,1001
2024-09-16 15:51:32.682000,414.0994817856086,11
2024-09-16 15:51:32.687000,414.1069295000822,11
2024-09-16 15:51:32.705000,414.1060249388283,5
2024-09-16 15:51:32.767000,414.1261655028674,101
2024-09-16 15:51:32.854000,414.0844768196251,1000
2024-09-16 15:51:32.868000,414.0922163489296,998
2024-09-16 15:51:32.947000,414.1078785778992,5
2024-09-16 15:51:33.382000,414.05112576074254,1004
2024-09-16 15:51:33.533000,414.059453271768,97
2024-09-16 15:51:33.564000,414.0642747306449,1003
2024-09-16 15:51:33.737000,414.0918528488525,95
2024-09-16 15:51:33.851000,414.0785067327921,10
2024-09-16 15:51:34.123000,414.0142019721112,999
2024-09-16 15:51:34.254000,414.0162980261233,8
2024-09-16 15:51:34.275000,414.0528644491766,100
2024-09-16 15:51:34.305000,414.0603946412775,997
2024-09-16 15:51:34.389000,414.06764044753,11
2024-09-16 15:51:34.524000,414.0203668359388,997
2024-09-16 15:51:34.535000,414.030390882336,9
2024-09-16 15:51:34.604000,414.04022953760966,103
2024-09-16 15:51:34.730000,414.05059941216064,10
2024-09-16 15:51:34.772000,414.0382442393697,101
2024-09-16 15:51:34.807000,414.0366925285159,996
2024-09-16 15:51:34.838000,414.0390779942802,8
2024-09-16 15:51:35.030000,414.0347953304169,6
2024-09-16 15:51:35.063000,414.1504298546985,5
2024-09-16 15:51:35.089000,414.0634349714919,104
2024-09-16 15:51:35.124000,414.02756263724615,996
2024-09-16 15:51:35.131000,414.1499322401585,105
2024-09-16 15:51:35.136000,414.1923364103238,11
2024-09-16 15:51:35.145000,414.0486630674741,96
2024-09-16 15:51:35.167000,414.1692216616479,98
2024-09-16 15:51:35.246000,414.1738725606459,998
2024-09-16 15:51:35.261000,414.06274195464175,101
2024-09-16 15:51:35.293000,414.07157304492017,1005
2024-09-16 15:51:35.342000,414.0264299153792,13
2024-09-16 15:51:35.391000,414.0327764542496,99
2024-09-16 15:51:35.424000,414.173298579619,995
2024-09-16 15:51:35.446000,414.11369552390687,1002
2024-09-16 15:51:35.447000,414.13623739230326,99
2024-09-16 15:51:35.457000,414.1828902411656,101
2024-09-16 15:51:35.532000,414.1258174948851,95
2024-09-16 15:51:35.567000,414.1151997377553,102
2024-09-16 15:51:35.701000,414.0576863725871,1000
2024-09-16 15:51:35.707000,414.144405924056,104
2024-09-16 15:51:35.712000,414.1266807035415,9
2024-09-16 15:51:35.716000,414.1008916538358,105
2024-09-16 15:51:35.785000,414.0851180406053,14
2024-09-16 15:51:35.856000,414.15128987063184,995
2024-09-16 15:51:35.949000,414.1369183651952,995
2024-09-16 15:51:35.951000,414.1645684967372,102
2024-09-16 15:51:35.956000,414.0315835767242,1000
2024-09-16 15:51:35.965000,414.186174349301,1001
2024-09-16 15:51:36.210000,414.1560743032789,1000
2024-09-16 15:51:36.211000,414.159101660189,95
2024-09-16 15:51:36.354000,414.1897346003925,5
2024-09-16 15:51:36.404000,414.1539504513199,1004
2024-09-16 15:51:36.603000,414.14851464696807,996
2024-09-16 15:51:36.623000,414.1473018427964,99
2024-09-16 15:51:36.631000,414.18835898840064,97
2024-09-16 15:51:36.644000,414.1517649370033,99
2024-09-16 15:51:36.687000,414.1571133543932,14
2024-09-16 15:51:36.820000,414.1659600621991,12
2024-09-16 15:51:36.869000,414.1625154418544,99
2024-09-16 15:51:37.029000,414.1757087284696,13
2024-09-16 15:51:37.144000,414.1515510874864,1004
2024-09-16 15:51:37.144000,414.2258577570203,97
2024-09-16 15:51:37.188000,414.2112539292358,103
2024-09-16 15:51:37.210000,414.23114735928834,104
2024-09-16 15:51:37.243000,414.20272755358553,5
2024-09-16 15:51:37.343000,414.20054778511326,995
2024-09-16 15:51:37.361000,414.22479842744735,10
2024-09-16 15:51:37.436000,414.2116379750464,996
2024-09-16 15:51:37.470000,414.1420021108694,15
2024-09-16 15:51:37.483000,414.180032062109,10
2024-09-16 15:51:37.637000,414.1655588661362,997
2024-09-16 15:51:37.796000,414.1797102051609,6
2024-09-16 15:51:37.950000,414.1696913631772,102
2024-09-16 15:51:37.979000,414.1981344448452,11
2024-09-16 15:51:38.154000,414.1856767470899,98
2024-09-16 15:51:38.172000,414.1825732206646,998
2024-09-16 15:51:38.229000,414.1838348324713,105
2024-09-16 15:51:38.260000,414.1675188393458,12
2024-09-16 15:51:38.270000,414.2030261230055,1004
2024-09-16 15:51:38.275000,414.2012444664019,11
2024-09-16 15:51:38.335000,414.1638011641496,995
2024-09-16 15:51:38.360000,414.18512944634654,98
2024-09-16 15:51:38.509000,414.1869262344631,5
2024-09-16 15:51:38.518000,414.1515999276106,9
2024-09-16 15:51:38.572000,414.15555647366045,96
2024-09-16 15:51:38.622000,414.1443600717624,103
2024-09-16 15:51:38.631000,414.164989805185,14
2024-09-16 15:51:38.636000,414.17040109150565,98
2024-09-16 15:51:38.652000,414.1532193055753,995
2024-09-16 15:51:38.707000,414.1812347366847,15
2024-09-16 15:51:38.738000,414.1865841612532,7
2024-09-16 15:51:38.789000,414.1984843129315,14
2024-09-16 15:51:38.876000,414.14586925787466,103
2024-09-16 15:51:39.064000,414.1795707449117,997
2024-09-16 15:51:39.245000,414.184445774056,999
2024-09-16 15:51:39.455000,414.16884751630334,15
2024-09-16 15:51:39.539000,414.1919170482712,14
2024-09-16 15:51:39.603000,414.20107124389614,100
2024-09-16 15:51:39.903000,414.17519627296986,100
2024-09-16 15:51:39.904000,414.1827445862979,1004
2024-09-16 15:51:40.026000,414.2151056430901,8
2024-09-16 15:51:40.053000,414.135503751574,99
2024-09-16 15:51:40.107000,414.1443172308447,10
2024-09-16 15:51:40.124000,414.2025645192943,103
2024-09-16 15:51:40.125000,414.1809287669061,5
2024-09-16 15:51:40.147000,414.128062539265,1000
2024-09-16 15:51:40.180000,414.13518891967874,1003
2024-09-16 15:51:40.268000,414.1508003658331,9
2024-09-16 15:51:40.276000,414.1495759738921,15
2024-09-16 15:51:40.329000,414.1968237007095,1003
2024-09-16 15:51:40.332000,414.1516887906855,98
2024-09-16 15:51:40.413000,414.1599405810588,103
2024-09-16 15:51:40.497000,414.1740061177351,103
2024-09-16 15:51:40.546000,414.17997915415776,995
2024-09-16 15:51:40.594000,414.1836822921952,97
2024-09-16 15:51:40.652000,414.192927845916,95
2024-09-16 15:51:40.707000,414.1632207315349,15
2024-09-16 15:51:40.709000,414.15003372340624,1003
2024-09-16 15:51:40.771000,414.1521804017909,1000
2024-09-16 15:51:40.863000,414.1745220026396,1001
2024-09-16 15:51:40.863000,414.13613231813946,101
2024-09-16 15:51:40.994000,414.1721395430265,996
2024-09-16 15:51:41.360000,414.14969084519777,105
2024-09-16 15:51:42.132000,414.1378362401271,98
2024-09-16 15:51:42.150000,414.1235787791405,100
2024-09-16 15:51:42.199000,414.1747945299809,998
2024-09-16 15:51:42.296000,414.1556781292096,6
2024-09-16 15:51:42.392000,414.18305428885645,1001
2024-09-16 15:51:42.422000,414.155379999182,1001
2024-09-16 15:51:42.515000,414.1809422052305,12
2024-09-16 15:51:42.619000,414.137922137426,8
2024-09-16 15:51:42.667000,414.1732298126977,99
2024-09-16 15:51:42.767000,414.1595030666864,10
2024-09-16 15:51:42.769000,414.1550900006147,105
2024-09-16 15:51:43.092000,414.1614267453196,14
2024-09-16 15:51:43.294000,414.15900795417696,104
2024-09-16 15:51:43.301000,414.1527688626272,9
2024-09-16 15:51:43.315000,414.18562881814046,14
2024-09-16 15:51:43.324000,414.16253554826113,6
2024-09-16 15:51:43.448000,418.022363861276,104
2024-09-16 15:51:43.488000,414.1664258476846,11
2024-09-16 15:51:43.530000,414.1713355856351,15
2024-09-16 15:51:44.002000,414.070985305437,995
2024-09-16 15:51:44.108000,414.0739368025224,1003
2024-09-16 15:51:44.130000,414.094572069969,1005
2024-09-16 15:51:44.152000,414.0755049800076,7
2024-09-16 15:51:44.232000,414.0783218124417,103
2024-09-16 15:51:44.259000,414.1390161163169,12
2024-09-16 15:51:44.262000,414.1409780537177,11
2024-09-16 15:51:44.450000,414.1552488000076,99
2024-09-16 15:51:44.547000,414.1886427851613,10
2024-09-16 15:51:44.586000,414.1275710810037,15
2024-09-16 15:51:44.611000,414.1131924591287,99
2024-09-16 15:51:44.641000,414.1230308515614,12
2024-09-16 15:51:44.671000,414.0945052230178,99
2024-09-16 15:51:44.730000,414.1024867141932,12
2024-09-16 15:51:44.734000,414.1426111096362,1001
2024-09-16 15:51:44.773000,414.1599548513295,995
2024-09-16 15:51:44.783000,414.165459912006,995
2024-09-16 15:51:44.818000,414.1205714071028,99
2024-09-16 15:51:44.869000,414.12749390226605,1002
2024-09-16 15:51:44.943000,414.1228578594513,105
2024-09-16 15:51:44.966000,414.08416235037134,8
2024-09-16 15:51:44.980000,414.0981149084863,99
2024-09-16 15:51:44.980000,414.16311326625856,996
2024-09-16 15:51:45.025000,414.1036734334149,996
2024-09-16 15:51:45.044000,414.18192465358766,13
2024-09-16 15:51:45.065000,414.09652079294,1005
2024-09-16 15:51:45.076000,414.1324085578929,98
2024-09-16 15:51:45.088000,414.13142120263416,10
2024-09-16 15:51:45.134000,414.0837395466541,95
2024-09-16 15:51:45.251000,414.11971790924713,105
2024-09-16 15:51:45.343000,414.1266643030687,101
2024-09-16 15:51:45.367000,414.1610338746188,1000
2024-09-16 15:51:45.372000,414.1513014171183,15
2024-09-16 15:51:45.388000,414.1158189011641,997
2024-09-16 15:51:45.420000,414.09098612207896,6
2024-09-16 15:51:45.445000,414.1100675361273,999
2024-09-16 15:51:45.540000,414.0864423882768,104
2024-09-16 15:51:45.603000,414.18801193888646,100
2024-09-16 15:51:45.667000,414.1523352168552,7
2024-09-16 15:51:45.670000,414.16253751660827,5
2024-09-16 15:51:45.730000,414.1420296784263,5
2024-09-16 15:51:45.745000,414.1205599509356,99
2024-09-16 15:51:45.920000,414.1043513918957,7
2024-09-16 15:51:45.965000,417.9627043177917,1000
2024-09-16 15:51:46.022000,414.1603945062853,998
2024-09-16 15:51:46.047000,414.1754626636831,14
2024-09-16 15:51:46.145000,414.2014156078313,7
2024-09-16 15:51:46.154000,414.2071790098464,12
2024-09-16 15:51:46.277000,414.19253447287593,9
2024-09-16 15:51:46.353000,414.2066524303677,997
2024-09-16 15:51:46.400000,414.15188378210297,997
2024-09-16 15:51:46.412000,414.1261966118746,5
2024-09-16 15:51:46.417000,414.1506997960802,11
2024-09-16 15:51:46.460000,414.1837725858419,101
2024-09-16 15:51:46.515000,414.1774321869359,100
2024-09-16 15:51:46.519000,414.1966966207626,98
2024-09-16 15:51:46.547000,414.1718908987792,14
2024-09-16 15:51:46.580000,414.2021677973408,13
2024-09-16 15:51:46.625000,414.1933099835595,9
2024-09-16 15:51:46.640000,414.1993907848605,15
2024-09-16 15:51:46.645000,414.2009640726336,95
2024-09-16 15:51:46.739000,414.14231992980353,5
2024-09-16 15:51:46.762000,414.1783072491758,98
2024-09-16 15:51:46.795000,414.19683161218086,100
2024-09-16 15:51:46.803000,414.1749224215482,8
2024-09-16 15:51:46.805000,414.1658865099432,1004
2024-09-16 15:51:46.815000,414.1754902131112,102
2024-09-16 15:51:46.837000,414.131519636052,102
2024-09-16 15:51:46.899000,414.1903670420119,999
2024-09-16 15:51:46.907000,414.1310733595735,7
2024-09-16 15:51:46.984000,414.1187975378552,101
2024-09-16 15:51:46.988000,414.1743720059655,103
2024-09-16 15:51:47.049000,414.1658222006689,105
2024-09-16 15:51:47.128000,414.2071958023502,1003
2024-09-16 15:51:47.144000,414.1410155019509,102
2024-09-16 15:51:47.276000,414.1442395816063,1000
2024-09-16 15:51:47.342000,414.1391003742397,1003
2024-09-16 15:51:47.366000,414.1432071956155,95
2024-09-16 15:51:47.424000,414.1349944077508,99
2024-09-16 15:51:47.457000,414.2186484514343,10
2024-09-16 15:51:47.457000,414.1654607735214,104
2024-09-16 15:51:47.481000,414.2047737950613,7
2024-09-16 15:51:47.544000,414.1711204640987,15
2024-09-16 15:51:47.581000,414.2065558766056,1000
2024-09-16 15:51:47.601000,414.1618041405469,11
2024-09-16 15:51:47.724000,414.1491757903322,7
2024-09-16 15:51:47.734000,414.13764169125136,6
2024-09-16 15:51:47.833000,414.1316117445331,8
2024-09-16 15:51:47.834000,414.18659249060863,101
2024-09-16 15:51:47.911000,414.141040181272,15
2024-09-16 15:51:48.039000,414.1695529502519,15
2024-09-16 15:51:48.047000,414.1712793899487,98
2024-09-16 15:51:48.158000,414.1757532184092,97
2024-09-16 15:51:48.248000,414.1955636800431,96
2024-09-16 15:51:48.278000,414.1977720503861,6
2024-09-16 15:51:48.323000,414.1887815050857,1003
2024-09-16 15:51:48.352000,414.1804332655164,102
2024-09-16 15:51:48.453000,414.1916397524319,97
2024-09-16 15:51:48.665000,414.20094530717336,5
2024-09-16 15:51:48.779000,414.2003463767805,10
2024-09-16 15:51:48.816000,414.1765325805733,1005
2024-09-16 15:51:48.842000,414.1766400793904,10
2024-09-16 15:51:48.870000,414.1833393659767,15
2024-09-16 15:51:48.882000,414.1868204524554,10
2024-09-16 15:51:48.920000,414.18564527350793,105
2024-09-16 15:51:49.316000,414.1720122467267,101
2024-09-16 15:51:49.487000,414.184110221327,999
2024-09-16 15:51:49.746000,414.1906918330121,1004
2024-09-16 15:51:50.012000,414.221486616481,12
2024-09-16 15:51:50.047000,414.22750622322354,1003
2024-09-16 15:51:50.079000,414.2546745434844,97
2024-09-16 15:51:50.090000,414.2227799224688,1002
2024-09-16 15:51:50.099000,414.2177598982591,8
2024-09-16 15:51:50.198000,414.1910312057667,105
2024-09-16 15:51:50.269000,414.2807919997041,5
2024-09-16 15:51:50.297000,414.2113185139984,6
2024-09-16 15:51:50.317000,414.2189946410778,99
2024-09-16 15:51:50.392000,414.2390035155058,1003
2024-09-16 15:51:50.470000,414.2753020242639,13
2024-09-16 15:51:50.491000,414.23999657866415,6
2024-09-16 15:51:50.596000,414.2352749730596,1005
2024-09-16 15:51:50.613000,414.21607364416406,1004
2024-09-16 15:51:50.614000,414.2623155021332,104
2024-09-16 15:51:50.625000,414.1876999843674,9
2024-09-16 15:51:50.673000,414.2460418546436,1003
2024-09-16 15:51:50.688000,414.2393347095816,1001
2024-09-16 15:51:50.709000,414.2109576511356,100
2024-09-16 15:51:50.803000,414.235586523974,998
2024-09-16 15:51:50.816000,414.2758238423801,6
2024-09-16 15:51:50.833000,414.178138542448,97
2024-09-16 15:51:50.860000,414.2137582216053,1000
2024-09-16 15:51:50.891000,414.2348925731053,1002
2024-09-16 15:51:50.906000,414.2177524456738,98
2024-09-16 15:51:50.916000,414.2009656925522,98
2024-09-16 15:51:51.109000,414.1701581040687,995
2024-09-16 15:51:51.135000,414.1566100636863,101
2024-09-16 15:51:51.158000,414.1409960370621,999
2024-09-16 15:51:51.240000,414.16184631948346,104
2024-09-16 15:51:51.291000,414.1526844175166,1005
2024-09-16 15:51:51.319000,414.1686414076471,101
2024-09-16 15:51:51.321000,414.1120522630595,15
2024-09-16 15:51:51.431000,414.1649961191866,1002
2024-09-16 15:51:51.536000,414.0947244415577,14
2024-09-16 15:51:51.680000,414.1096998074469,97
2024-09-16 15:51:51.740000,414.16253390178696,100
2024-09-16 15:51:51.792000,414.1627385412269,5
2024-09-16 15:51:51.797000,414.1764330073893,98
2024-09-16 15:51:51.899000,414.1692361942104,11
2024-09-16 15:51:51.916000,414.1553081744249,95
2024-09-16 15:51:52.006000,414.1419577650325,10
2024-09-16 15:51:52.016000,414.1166034133896,95
2024-09-16 15:51:52.299000,414.1465842384141,15
2024-09-16 15:51:52.341000,414.1286312800743,102
2024-09-16 15:51:52.364000,414.1666719214893,104
2024-09-16 15:51:52.375000,414.17753030543673,98
2024-09-16 15:51:52.395000,414.1262543954696,7
2024-09-16 15:51:52.467000,414.1738617668542,996
2024-09-16 15:51:52.667000,414.118151573067,14
2024-09-16 15:51:52.759000,414.1400117581092,104
2024-09-16 15:51:52.770000,414.1571784112783,95
2024-09-16 15:51:52.797000,414.115640127316,996
2024-09-16 15:51:52.822000,414.109031472945,1005
2024-09-16 15:51:52.834000,414.1700546486941,8
2024-09-16 15:51:52.859000,414.1673965274992,1001
2024-09-16 15:51:52.888000,414.1654607075594,98
2024-09-16 15:51:52.998000,414.180324620251,14
2024-09-16 15:51:53.154000,417.8522382640384,98
2024-09-16 15:51:53.451000,414.1289120554307,97
2024-09-16 15:51:53.481000,414.1128667547281,98
2024-09-16 15:51:53.491000,414.118011090665,1001
2024-09-16 15:51:53.686000,414.12834801195385,8
2024-09-16 15:51:53.702000,414.12981973632986,1003
2024-09-16 15:51:54.011000,414.1501238466537,9
2024-09-16 15:51:54.023000,414.1529893543098,9
2024-09-16 15:51:54.100000,414.1194960947429,1004
2024-09-16 15:51:54.150000,414.172256489517,98
2024-09-16 15:51:54.202000,414.1295494945059,100
2024-09-16 15:51:54.224000,414.1790817050488,6
2024-09-16 15:51:54.338000,414.10507405820186,999
2024-09-16 15:51:54.338000,414.1399839031105,105
2024-09-16 15:51:54.351000,414.1282107292862,10
2024-09-16 15:51:54.364000,414.1142827791449,97
2024-09-16 15:51:54.455000,414.0951219330698,7
2024-09-16 15:51:54.490000,414.1650712306646,13
2024-09-16 15:51:54.499000,414.16349506659856,15
2024-09-16 15:51:54.545000,414.14266647072736,96
2024-09-16 15:51:54.562000,414.16473292785975,100
2024-09-16 15:51:54.575000,414.1835472794668,12
2024-09-16 15:51:54.625000,414.16016680404175,105
2024-09-16 15:51:54.663000,414.13928276572375,997
2024-09-16 15:51:54.753000,414.1471009460117,104
2024-09-16 15:51:54.758000,414.1880240963615,995
2024-09-16 15:51:54.793000,414.1099931276895,10
2024-09-16 15:51:54.848000,414.1036169625003,1000
2024-09-16 15:51:54.851000,414.1104251121461,10
2024-09-16 15:51:54.914000,414.12319902026223,1002
2024-09-16 15:51:54.922000,417.8629408200423,15
2024-09-16 15:51:54.964000,414.1339800900073,8
2024-09-16 15:51:54.967000,414.1776400855487,1005
2024-09-16 15:51:55.060000,414.10443364097785,15
2024-09-16 15:51:55.366000,414.1122488755868,99
2024-09-16 15:51:55.557000,414.0994364296192,1003
2024-09-16 15:51:56.078000,414.0707510048981,995
2024-09-16 15:51:56.099000,414.04755159043816,1004
2024-09-16 15:51:56.184000,414.0606320890007,13
2024-09-16 15:51:56.202000,414.062580962942,5
2024-09-16 15:51:56.441000,414.059485983982,100
2024-09-16 15:51:56.449000,414.056249374355,99
2024-09-16 15:51:56.503000,417.8144359893385,95
2024-09-16 15:51:56.511000,414.0902940956229,1002
2024-09-16 15:51:56.533000,414.0476459299819,995
2024-09-16 15:51:56.602000,414.03288311338383,15
2024-09-16 15:51:56.694000,414.07539253075385,1001
2024-09-16 15:51:56.813000,414.0765217957803,999
2024-09-16 15:51:56.885000,414.0703387641662,105
2024-09-16 15:51:56.895000,414.0739347422032,1002
2024-09-16 15:51:56.899000,414.072801797486,100
2024-09-16 15:51:56.997000,414.0511480274397,6
2024-09-16 15:51:57.213000,414.0942311457295,95
2024-09-16 15:51:57.289000,414.0659282165114,995
2024-09-16 15:51:57.300000,414.05452005767575,1003
2024-09-16 15:51:57.375000,414.07326255540966,1002
2024-09-16 15:51:57.437000,414.0619963257967,10
2024-09-16 15:51:57.442000,414.09936592882735,95
2024-09-16 15:51:57.444000,414.0548646524744,8
2024-09-16 15:51:57.517000,414.09447024486303,6
2024-09-16 15:51:57.520000,414.043412963672,98
2024-09-16 15:51:57.554000,414.0631671395343,997
2024-09-16 15:51:57.603000,414.0618578521055,1005
2024-09-16 15:51:57.617000,414.0572974245387,95
2024-09-16 15:51:57.621000,414.074621341819,101
2024-09-16 15:51:57.688000,414.0747285203591,997
2024-09-16 15:51:57.700000,414.06176802929934,99
2024-09-16 15:51:57.717000,414.0706453487755,15
2024-09-16 15:51:57.783000,414.0649297545359,1005
2024-09-16 15:51:57.806000,414.05806788188943,12
2024-09-16 15:51:57.903000,414.11702137107767,15
2024-09-16 15:51:57.913000,414.0847376766105,11
2024-09-16 15:51:57.972000,414.0776295186965,96
2024-09-16 15:51:58,414.0218009027636,13
2024-09-16 15:51:58.074000,414.04865682434047,103
2024-09-16 15:51:58.095000,414.0668224176717,995
2024-09-16 15:51:58.101000,414.01370250506005,997
2024-09-16 15:51:58.103000,414.04834260067065,6
2024-09-16 15:51:58.111000,414.0655493284789,99
2024-09-16 15:51:58.154000,414.0298256380997,9
2024-09-16 15:51:58.164000,414.01268593377887,1002
2024-09-16 15:51:58.225000,414.0730904270416,999
2024-09-16 15:51:58.430000,414.0047618635631,7
2024-09-16 15:51:58.473000,414.0272967427513,1002
2024-09-16 15:51:58.474000,414.0076742169359,103
2024-09-16 15:51:58.505000,414.0215414621306,104
2024-09-16 15:51:58.548000,413.9972490668975,12
2024-09-16 15:51:58.708000,414.01521814756734,11
2024-09-16 15:51:58.753000,414.0690969445249,1002
2024-09-16 15:51:58.785000,414.0075831927549,11
2024-09-16 15:51:58.858000,414.0110916387751,1004
2024-09-16 15:51:58.881000,414.06683174493736,11
2024-09-16 15:51:58.950000,414.0413327892032,5
2024-09-16 15:51:59.002000,414.060153116628,98
2024-09-16 15:51:59.018000,414.0418830178458,96
2024-09-16 15:51:59.083000,414.0434940224218,1001
2024-09-16 15:51:59.162000,414.0523233622794,1002
2024-09-16 15:51:59.203000,414.0346478439968,9
2024-09-16 15:51:59.236000,414.04698785671366,995
2024-09-16 15:51:59.344000,414.0363344955233,9
2024-09-16 15:51:59.364000,414.0551320920072,995
2024-09-16 15:51:59.453000,414.0510008089197,998
2024-09-16 15:51:59.505000,414.0259589846008,98
2024-09-16 15:51:59.580000,414.0602440223208,1004
2024-09-16 15:51:59.621000,414.02033160874254,995
2024-09-16 15:51:59.621000,414.0227674151057,1005
2024-09-16 15:51:59.648000,414.0317048750681,15
2024-09-16 15:51:59.709000,414.0173087995133,5
2024-09-16 15:51:59.721000,414.0321577055992,996
2024-09-16 15:51:59.738000,414.0186599044649,12
2024-09-16 15:51:59.793000,414.0256366330729,1005
2024-09-16 15:51:59.872000,414.03968897668415,996
