Timestamp,Price,Size
2024-09-16 15:32:00.013000,415.8178151424806,1002
2024-09-16 15:32:00.026000,415.8272777787616,104
2024-09-16 15:32:00.051000,415.7975444671016,995
2024-09-16 15:32:00.181000,415.80785640823206,105
2024-09-16 15:32:00.206000,415.835307168105,9
2024-09-16 15:32:00.214000,415.8680476662663,997
2024-09-16 15:32:00.234000,415.8589732047516,100
2024-09-16 15:32:00.240000,415.8083811811223,14
2024-09-16 15:32:00.265000,415.8142698903292,8
2024-09-16 15:32:00.295000,415.8169104237024,13
2024-09-16 15:32:00.373000,415.8140210978282,99
2024-09-16 15:32:00.393000,415.8327292835792,997
2024-09-16 15:32:00.394000,415.8255422897282,95
2024-09-16 15:32:00.422000,415.867075970297,999
2024-09-16 15:32:00.478000,415.8336061784901,5
2024-09-16 15:32:00.496000,415.8501060273964,102
2024-09-16 15:32:00.734000,415.8199513388236,102
2024-09-16 15:32:00.815000,415.82212451320254,1004
2024-09-16 15:32:00.890000,415.81453307545496,96
2024-09-16 15:32:00.900000,415.7664812912557,15
2024-09-16 15:32:01.056000,415.81042342555344,997
2024-09-16 15:32:01.061000,415.864936030512,1001
2024-09-16 15:32:01.101000,415.8611291762712,7
2024-09-16 15:32:01.137000,415.8289065874558,999
2024-09-16 15:32:01.150000,415.832275610961,104
2024-09-16 15:32:01.247000,415.85703857236894,95
2024-09-16 15:32:01.303000,415.7983934107749,1002
2024-09-16 15:32:01.308000,415.87100797789344,8
2024-09-16 15:32:01.324000,415.8326786136509,1005
2024-09-16 15:32:01.326000,415.8839984016523,1001
2024-09-16 15:32:01.366000,415.7990969944592,96
2024-09-16 15:32:01.399000,415.8786287409001,102
2024-09-16 15:32:01.405000,415.86453014637766,97
2024-09-16 15:32:01.408000,415.85004834530673,5
2024-09-16 15:32:01.412000,415.8004473717419,97
2024-09-16 15:32:01.541000,415.8487584564406,5
2024-09-16 15:32:01.579000,415.8077143148994,105
2024-09-16 15:32:01.591000,415.8394067752016,12
2024-09-16 15:32:01.775000,415.8484140615128,96
2024-09-16 15:32:01.843000,415.8399530915756,100
2024-09-16 15:32:01.956000,415.8369860378219,995
2024-09-16 15:32:01.959000,415.8385522898196,101
2024-09-16 15:32:01.975000,415.8480020929182,1005
2024-09-16 15:32:02.065000,415.82382361192896,997
2024-09-16 15:32:02.099000,415.78953195927033,995
2024-09-16 15:32:02.110000,415.8041422399712,997
2024-09-16 15:32:02.114000,415.78289752336485,103
2024-09-16 15:32:02.126000,415.7609249165442,997
2024-09-16 15:32:02.134000,415.7661009785903,100
2024-09-16 15:32:02.142000,415.8414861371028,998
2024-09-16 15:32:02.158000,415.7978278463029,102
2024-09-16 15:32:02.233000,415.7441887151657,13
2024-09-16 15:32:02.243000,415.7501557742661,97
2024-09-16 15:32:02.281000,415.7874107313017,96
2024-09-16 15:32:02.281000,415.75165704575534,10
2024-09-16 15:32:02.312000,415.7970968748724,13
2024-09-16 15:32:02.340000,415.7797995354399,1000
2024-09-16 15:32:02.468000,415.7896962591022,7
2024-09-16 15:32:02.508000,415.8257285940169,1004
2024-09-16 15:32:02.518000,415.82111884708127,1005
2024-09-16 15:32:02.523000,415.7970523306849,105
2024-09-16 15:32:02.538000,415.84539856655135,997
2024-09-16 15:32:02.566000,415.7946613243375,995
2024-09-16 15:32:02.643000,415.7879884145766,1005
2024-09-16 15:32:02.751000,415.8292106028219,5
2024-09-16 15:32:02.785000,415.7885709743727,104
2024-09-16 15:32:02.847000,415.8383389629695,995
2024-09-16 15:32:02.882000,415.80532918653313,11
2024-09-16 15:32:02.986000,415.7830256720469,5
2024-09-16 15:32:03.042000,415.7716668581703,7
2024-09-16 15:32:03.051000,415.710533952621,12
2024-09-16 15:32:03.053000,415.687191463322,104
2024-09-16 15:32:03.086000,415.6931740963879,998
2024-09-16 15:32:03.143000,415.71321402205626,10
2024-09-16 15:32:03.152000,415.71660062550313,98
2024-09-16 15:32:03.163000,415.7128150820966,1000
2024-09-16 15:32:03.177000,415.7075189243868,999
2024-09-16 15:32:03.178000,415.64140950182593,101
2024-09-16 15:32:03.258000,415.6945408278324,1002
2024-09-16 15:32:03.282000,415.7124662440937,1005
2024-09-16 15:32:03.304000,415.71001635016034,12
2024-09-16 15:32:03.375000,415.61740599319785,104
2024-09-16 15:32:03.375000,415.699143402237,1003
2024-09-16 15:32:03.389000,415.68937563128014,95
2024-09-16 15:32:03.435000,415.7268570645872,997
2024-09-16 15:32:03.480000,415.7588160142587,1000
2024-09-16 15:32:03.481000,415.7246775599049,105
2024-09-16 15:32:03.582000,415.61815539828734,105
2024-09-16 15:32:03.726000,415.6973373238632,101
2024-09-16 15:32:03.741000,415.71398205221766,105
2024-09-16 15:32:03.844000,415.7159740473359,7
2024-09-16 15:32:03.914000,415.7816365911786,13
2024-09-16 15:32:03.929000,415.71616747486615,7
2024-09-16 15:32:03.942000,415.6907410092022,102
2024-09-16 15:32:03.943000,415.6555128196409,12
2024-09-16 15:32:03.958000,415.6915542773737,8
2024-09-16 15:32:03.959000,415.6993930214997,95
2024-09-16 15:32:03.962000,415.6936213284092,15
2024-09-16 15:32:03.965000,415.7222471577045,99
2024-09-16 15:32:04.023000,415.6191439161544,100
2024-09-16 15:32:04.058000,415.6052636603955,5
2024-09-16 15:32:04.063000,415.5918673799586,6
2024-09-16 15:32:04.118000,415.5969470000998,101
2024-09-16 15:32:04.155000,415.60658547577634,1000
2024-09-16 15:32:04.164000,415.6208080347985,997
2024-09-16 15:32:04.171000,415.59415979343134,6
2024-09-16 15:32:04.216000,415.6194364630271,101
2024-09-16 15:32:04.245000,415.6050451507484,995
2024-09-16 15:32:04.369000,415.5999148961888,12
2024-09-16 15:32:04.387000,415.6121280757346,5
2024-09-16 15:32:04.536000,415.60084906599536,96
2024-09-16 15:32:04.637000,415.60072218967406,1002
2024-09-16 15:32:04.647000,415.5985782400437,6
2024-09-16 15:32:04.660000,415.6090622381944,1005
2024-09-16 15:32:04.666000,415.597979116948,1005
2024-09-16 15:32:04.696000,415.6093370484791,1005
2024-09-16 15:32:04.703000,415.5999113072772,96
2024-09-16 15:32:04.801000,415.6174191743585,1003
2024-09-16 15:32:04.808000,415.5999761144726,1003
2024-09-16 15:32:04.841000,415.5975165658476,7
2024-09-16 15:32:04.889000,415.6120240184127,1002
2024-09-16 15:32:04.901000,415.5997627630892,97
2024-09-16 15:32:04.958000,415.5943491491141,97
2024-09-16 15:32:04.991000,415.5871804254688,5
2024-09-16 15:32:05.032000,415.6463816125471,99
2024-09-16 15:32:05.128000,415.6351748027697,5
2024-09-16 15:32:05.239000,415.6017000781948,1005
2024-09-16 15:32:05.325000,415.6540816791245,8
2024-09-16 15:32:05.328000,415.6355942934216,14
2024-09-16 15:32:05.352000,415.6210773737493,104
2024-09-16 15:32:05.468000,415.6267293469752,8
2024-09-16 15:32:05.550000,415.616391569883,103
2024-09-16 15:32:05.583000,415.6613050030346,99
2024-09-16 15:32:05.795000,415.61719643834846,14
2024-09-16 15:32:05.810000,415.61816888406446,96
2024-09-16 15:32:05.867000,415.6267255728744,995
2024-09-16 15:32:05.884000,415.64004278635537,14
2024-09-16 15:32:05.917000,415.6538492876839,105
2024-09-16 15:32:05.929000,415.615687624533,103
2024-09-16 15:32:06.007000,415.6439075449912,104
2024-09-16 15:32:06.016000,415.63490078615047,103
2024-09-16 15:32:06.032000,415.6370833502757,1001
2024-09-16 15:32:06.208000,415.6531713813171,1005
2024-09-16 15:32:06.281000,415.637498002296,101
2024-09-16 15:32:06.300000,415.65110962001353,95
2024-09-16 15:32:06.331000,415.6301417877212,95
2024-09-16 15:32:06.341000,415.6509230782984,11
2024-09-16 15:32:06.382000,415.6333958572053,105
2024-09-16 15:32:06.407000,415.63109316526766,9
2024-09-16 15:32:06.548000,415.64628828585774,15
2024-09-16 15:32:06.594000,415.6526011773489,103
2024-09-16 15:32:06.655000,415.6330568992498,104
2024-09-16 15:32:06.666000,415.6289401841812,102
2024-09-16 15:32:06.678000,415.6563691897733,95
2024-09-16 15:32:06.743000,415.65271970817867,13
2024-09-16 15:32:06.750000,415.6334334436608,999
2024-09-16 15:32:06.796000,415.6415679562029,7
2024-09-16 15:32:06.841000,415.6308109976967,102
2024-09-16 15:32:06.910000,415.6667121704531,13
2024-09-16 15:32:06.988000,415.653159540181,8
2024-09-16 15:32:07.005000,415.6379793708958,105
2024-09-16 15:32:07.008000,415.6299334865527,995
2024-09-16 15:32:07.070000,415.632819759969,995
2024-09-16 15:32:07.092000,415.6825973470668,6
2024-09-16 15:32:07.131000,415.59355280163845,9
2024-09-16 15:32:07.162000,415.6346572528692,996
2024-09-16 15:32:07.238000,415.6263717517268,98
2024-09-16 15:32:07.350000,415.62556740407854,101
2024-09-16 15:32:07.429000,415.5842952705175,102
2024-09-16 15:32:07.457000,415.642630847823,1005
2024-09-16 15:32:07.478000,415.589077755897,996
2024-09-16 15:32:07.522000,415.6549478292328,97
2024-09-16 15:32:07.534000,415.60746623443015,7
2024-09-16 15:32:07.574000,415.6158616114049,8
2024-09-16 15:32:07.640000,415.6555227480782,96
2024-09-16 15:32:07.640000,415.6806205369103,1004
2024-09-16 15:32:07.805000,415.6728269692829,99
2024-09-16 15:32:07.863000,415.6059619586544,1001
2024-09-16 15:32:07.884000,415.6183896105472,11
2024-09-16 15:32:07.986000,415.63200484033047,5
2024-09-16 15:32:08.105000,415.65709280708495,1003
2024-09-16 15:32:08.128000,415.67079526141976,105
2024-09-16 15:32:08.263000,415.6657748015488,95
2024-09-16 15:32:08.447000,415.6807327051874,105
2024-09-16 15:32:08.564000,415.67847898626536,999
2024-09-16 15:32:08.623000,417.2270583272431,10
2024-09-16 15:32:08.632000,415.6860959731628,13
2024-09-16 15:32:08.663000,415.6714620648024,1003
2024-09-16 15:32:08.761000,415.65251846880096,1004
2024-09-16 15:32:08.837000,415.64399076957176,96
2024-09-16 15:32:08.855000,415.6884503234091,104
2024-09-16 15:32:09.081000,415.7033050046256,99
2024-09-16 15:32:09.188000,415.6935647738493,15
2024-09-16 15:32:09.242000,415.7541011693159,996
2024-09-16 15:32:09.248000,415.69940742461125,96
2024-09-16 15:32:09.270000,415.7873589493847,95
2024-09-16 15:32:09.329000,415.7490737947813,1004
2024-09-16 15:32:09.358000,415.7189298264969,8
2024-09-16 15:32:09.368000,415.696281783685,7
2024-09-16 15:32:09.371000,415.7077467436604,8
2024-09-16 15:32:09.472000,415.70399388852695,1000
2024-09-16 15:32:09.473000,415.74111849390806,1002
2024-09-16 15:32:09.697000,415.73914765647,14
2024-09-16 15:32:09.723000,415.7525000254884,8
2024-09-16 15:32:09.771000,415.74575408762416,1001
2024-09-16 15:32:09.795000,415.72144173252434,9
2024-09-16 15:32:09.961000,415.7273358252368,15
2024-09-16 15:32:09.961000,415.7834299837696,15
2024-09-16 15:32:09.995000,415.7573816736698,100
2024-09-16 15:32:10.206000,415.6938181365033,98
2024-09-16 15:32:10.287000,415.6805829975103,11
2024-09-16 15:32:10.335000,415.7067542914931,14
2024-09-16 15:32:10.375000,415.660255740538,1004
2024-09-16 15:32:10.418000,415.6921401787385,13
2024-09-16 15:32:10.433000,415.6935809176542,8
2024-09-16 15:32:10.549000,415.6813541997756,13
2024-09-16 15:32:10.626000,415.6424952347712,10
2024-09-16 15:32:10.633000,415.691320822995,8
2024-09-16 15:32:10.707000,415.6797201533876,10
2024-09-16 15:32:10.849000,415.64494792811394,1004
2024-09-16 15:32:10.854000,415.6697238414601,7
2024-09-16 15:32:10.858000,415.6563167612828,1000
2024-09-16 15:32:10.898000,415.7073125593554,1003
2024-09-16 15:32:10.943000,415.6582812494884,100
2024-09-16 15:32:10.957000,415.70888959849685,99
2024-09-16 15:32:10.985000,415.6572304154572,5
2024-09-16 15:32:12.029000,415.6898733133176,15
2024-09-16 15:32:12.063000,415.64983841660666,1002
2024-09-16 15:32:12.067000,415.7045572404789,14
2024-09-16 15:32:12.082000,415.7103299596452,1001
2024-09-16 15:32:12.190000,415.6811719619668,101
2024-09-16 15:32:12.212000,415.6369585662979,13
2024-09-16 15:32:12.237000,415.6881113056887,12
2024-09-16 15:32:12.253000,415.67278349960026,1004
2024-09-16 15:32:12.402000,415.682956494909,99
2024-09-16 15:32:12.411000,415.70544623135766,11
2024-09-16 15:32:12.425000,415.66143403802647,7
2024-09-16 15:32:12.516000,415.6941017462087,997
2024-09-16 15:32:12.602000,415.6991127892571,98
2024-09-16 15:32:12.653000,415.7166176477546,14
2024-09-16 15:32:12.728000,415.70896621068266,996
2024-09-16 15:32:12.741000,415.6501386880435,1003
2024-09-16 15:32:12.742000,415.6577886281103,9
2024-09-16 15:32:12.783000,415.6936580773932,100
2024-09-16 15:32:12.819000,415.68534713711057,6
2024-09-16 15:32:12.823000,415.69370291488656,14
2024-09-16 15:32:12.832000,415.7053490440383,100
2024-09-16 15:32:12.841000,415.660099720875,996
2024-09-16 15:32:13.014000,415.6350437891342,997
2024-09-16 15:32:13.049000,415.6656244790769,99
2024-09-16 15:32:13.069000,415.6778227304348,98
2024-09-16 15:32:13.075000,415.6683455827578,13
2024-09-16 15:32:13.133000,415.6361921930673,1001
2024-09-16 15:32:13.182000,415.6462661231965,1004
2024-09-16 15:32:13.264000,415.659195402079,100
2024-09-16 15:32:13.334000,415.6688003367235,9
2024-09-16 15:32:13.368000,415.6397044480266,5
2024-09-16 15:32:13.569000,415.653212156249,6
2024-09-16 15:32:13.579000,415.6730986829439,8
2024-09-16 15:32:13.615000,415.65795243550014,103
2024-09-16 15:32:13.632000,415.64800341789726,13
2024-09-16 15:32:13.655000,415.6325791736393,96
2024-09-16 15:32:13.672000,415.6597128157799,102
2024-09-16 15:32:13.783000,415.685176630363,104
2024-09-16 15:32:13.831000,415.6651240349432,12
2024-09-16 15:32:13.839000,415.6533311930115,8
2024-09-16 15:32:13.893000,415.6296755500897,1002
2024-09-16 15:32:13.923000,415.6319586486546,11
2024-09-16 15:32:14.040000,415.5633470402301,996
2024-09-16 15:32:14.040000,415.6151196430502,100
2024-09-16 15:32:14.043000,415.5748082097575,12
2024-09-16 15:32:14.067000,415.6240336183759,1004
2024-09-16 15:32:14.093000,415.5934139609105,97
2024-09-16 15:32:14.131000,415.57504109746617,10
2024-09-16 15:32:14.149000,415.6243796527991,5
2024-09-16 15:32:14.159000,415.5901071293909,1000
2024-09-16 15:32:14.180000,415.5936110982374,14
2024-09-16 15:32:14.227000,415.5899406803944,97
2024-09-16 15:32:14.231000,415.6124724896213,1004
2024-09-16 15:32:14.246000,415.5918738437247,6
2024-09-16 15:32:14.278000,415.6059081865873,96
2024-09-16 15:32:14.305000,415.58416622944105,1000
2024-09-16 15:32:14.321000,415.6129272603381,97
2024-09-16 15:32:14.339000,415.61171645388913,96
2024-09-16 15:32:14.411000,415.5698991616688,100
2024-09-16 15:32:14.519000,415.59566277197774,10
2024-09-16 15:32:14.547000,415.5827110399688,7
2024-09-16 15:32:14.698000,415.59378875773854,11
2024-09-16 15:32:14.961000,415.587079984478,9
2024-09-16 15:32:15.026000,415.5934549458502,11
2024-09-16 15:32:15.162000,415.6056227223201,13
2024-09-16 15:32:15.247000,415.586858366961,1001
2024-09-16 15:32:15.308000,415.6044713651825,1003
2024-09-16 15:32:15.328000,415.6000419435977,1003
2024-09-16 15:32:15.377000,415.59461941588535,104
2024-09-16 15:32:15.482000,415.6047441656633,105
2024-09-16 15:32:15.491000,415.588347825064,1005
2024-09-16 15:32:15.592000,415.58370041228727,97
2024-09-16 15:32:15.718000,415.56948870792417,102
2024-09-16 15:32:15.860000,415.60908605430257,96
2024-09-16 15:32:15.917000,417.2955559564485,998
2024-09-16 15:32:15.959000,415.5852954474731,7
2024-09-16 15:32:16.019000,415.5708434337363,11
2024-09-16 15:32:16.155000,415.5535927868408,9
2024-09-16 15:32:16.334000,415.4730237191269,998
2024-09-16 15:32:16.338000,415.5663357953793,1004
2024-09-16 15:32:16.357000,415.47418601297335,5
2024-09-16 15:32:16.365000,415.5889806649958,998
2024-09-16 15:32:16.369000,415.45078010948777,14
2024-09-16 15:32:16.374000,415.5641812026496,96
2024-09-16 15:32:16.441000,415.5685002075959,1005
2024-09-16 15:32:16.470000,415.5733629795791,13
2024-09-16 15:32:16.536000,415.4469141741925,95
2024-09-16 15:32:16.556000,415.44829157627146,105
2024-09-16 15:32:16.578000,415.4613220376991,99
2024-09-16 15:32:16.615000,415.51876585664513,6
2024-09-16 15:32:16.619000,415.55602421353393,995
2024-09-16 15:32:16.633000,415.57135589531526,1000
2024-09-16 15:32:16.683000,415.47584744438257,997
2024-09-16 15:32:16.736000,415.4808381711758,13
2024-09-16 15:32:16.811000,415.47368378749616,1005
2024-09-16 15:32:16.843000,415.5624707387798,5
2024-09-16 15:32:16.848000,415.4246802764356,14
2024-09-16 15:32:16.944000,415.5566446977075,1003
2024-09-16 15:32:16.969000,415.442726759587,9
2024-09-16 15:32:16.997000,415.5357848522129,9
2024-09-16 15:32:17,415.4232538564958,95
2024-09-16 15:32:17.041000,415.4448834056108,11
2024-09-16 15:32:17.097000,415.4301504472495,102
2024-09-16 15:32:17.097000,415.45120322178366,101
2024-09-16 15:32:17.153000,415.4371199710288,97
2024-09-16 15:32:17.388000,415.4411789696704,1002
2024-09-16 15:32:17.420000,415.4176007993348,1002
2024-09-16 15:32:17.438000,415.4436070346775,96
2024-09-16 15:32:17.468000,415.4384469742044,100
2024-09-16 15:32:17.562000,415.4012156536396,103
2024-09-16 15:32:17.645000,415.44754256095246,13
2024-09-16 15:32:17.700000,415.42020735956,104
2024-09-16 15:32:17.753000,415.4213221074955,1003
2024-09-16 15:32:17.772000,415.43187988619,102
2024-09-16 15:32:17.791000,415.4272152502241,101
2024-09-16 15:32:17.822000,415.44035998928166,998
2024-09-16 15:32:18.019000,415.5231192282836,1002
2024-09-16 15:32:18.037000,415.4505319106213,95
2024-09-16 15:32:18.069000,415.4544027919816,1002
2024-09-16 15:32:18.124000,415.4492088658617,15
2024-09-16 15:32:18.230000,415.4417078051307,9
2024-09-16 15:32:18.348000,415.47245400228667,12
2024-09-16 15:32:18.419000,415.4589993837264,100
2024-09-16 15:32:18.452000,415.447772156941,1003
2024-09-16 15:32:18.485000,415.4732451501352,15
2024-09-16 15:32:18.537000,415.4386107595121,103
2024-09-16 15:32:18.721000,415.51507038556247,1004
2024-09-16 15:32:18.749000,415.51616991009615,104
2024-09-16 15:32:18.764000,415.4483497601096,996
2024-09-16 15:32:18.807000,415.44958667126167,15
2024-09-16 15:32:18.849000,415.4419757589455,1001
2024-09-16 15:32:19.141000,415.4950903880901,9
2024-09-16 15:32:19.165000,415.4871873709887,104
2024-09-16 15:32:19.360000,415.5173627002294,11
2024-09-16 15:32:19.472000,415.51307857155984,10
2024-09-16 15:32:19.488000,415.5352191479117,996
2024-09-16 15:32:19.535000,415.4994828678681,9
2024-09-16 15:32:19.626000,415.5104079284487,97
2024-09-16 15:32:19.724000,415.4988117414551,97
2024-09-16 15:32:19.766000,415.4892069821987,105
2024-09-16 15:32:19.859000,415.5210443451851,102
2024-09-16 15:32:19.872000,415.5052889470416,8
2024-09-16 15:32:19.885000,415.4987669398788,100
2024-09-16 15:32:19.925000,415.51250132617,103
2024-09-16 15:32:19.928000,415.5167936724404,999
2024-09-16 15:32:19.952000,415.52324809129607,1005
2024-09-16 15:32:20.010000,415.5130243768592,1001
2024-09-16 15:32:20.043000,415.443515703532,100
2024-09-16 15:32:20.229000,415.5135520795534,995
2024-09-16 15:32:20.254000,415.5030005640243,99
2024-09-16 15:32:20.284000,415.5240158606995,9
2024-09-16 15:32:20.353000,415.4934368612715,10
2024-09-16 15:32:20.390000,415.509985057,104
2024-09-16 15:32:20.485000,415.49347133311466,996
2024-09-16 15:32:20.561000,415.50963856178487,14
2024-09-16 15:32:20.565000,415.4862998157834,1002
2024-09-16 15:32:20.568000,415.5119880043632,99
2024-09-16 15:32:20.583000,415.5182350498328,1004
2024-09-16 15:32:20.669000,415.45466362095857,1002
2024-09-16 15:32:20.868000,415.4585328299231,1002
2024-09-16 15:32:20.883000,415.5191072678065,5
2024-09-16 15:32:20.972000,415.44837724781615,95
2024-09-16 15:32:20.975000,415.4375752930463,999
2024-09-16 15:32:20.992000,415.4256382791338,998
2024-09-16 15:32:21.008000,415.3878532630486,1002
2024-09-16 15:32:21.042000,415.3817415948653,95
2024-09-16 15:32:21.237000,415.3904488593248,997
2024-09-16 15:32:21.325000,415.3733260799095,11
2024-09-16 15:32:21.374000,415.3810720894219,97
2024-09-16 15:32:21.381000,415.382744826868,999
2024-09-16 15:32:21.382000,417.1694002873827,95
2024-09-16 15:32:21.442000,415.3901373126926,95
2024-09-16 15:32:21.449000,415.42870760482833,998
2024-09-16 15:32:21.510000,415.3891434190473,102
2024-09-16 15:32:21.658000,415.3887022509438,1002
2024-09-16 15:32:21.765000,415.3706779125756,98
2024-09-16 15:32:21.873000,415.3882591868353,9
2024-09-16 15:32:21.919000,415.4386112132768,95
2024-09-16 15:32:21.961000,415.3650568785824,11
2024-09-16 15:32:21.981000,415.4492351393388,15
2024-09-16 15:32:22.096000,415.3893892260968,97
2024-09-16 15:32:22.133000,415.3894840350557,95
2024-09-16 15:32:22.189000,415.3853950921516,15
2024-09-16 15:32:22.382000,415.4030510671923,997
2024-09-16 15:32:22.693000,415.393158044816,101
2024-09-16 15:32:22.901000,415.4047814314895,98
2024-09-16 15:32:22.910000,415.3903975550917,998
2024-09-16 15:32:23.036000,415.454584192202,1005
2024-09-16 15:32:23.072000,415.4535913962768,7
2024-09-16 15:32:23.092000,415.4689234290456,1004
2024-09-16 15:32:23.103000,415.46232281974585,12
2024-09-16 15:32:23.105000,415.4672491731902,9
2024-09-16 15:32:23.113000,415.4606905321096,1001
2024-09-16 15:32:23.182000,415.47509068073424,98
2024-09-16 15:32:23.208000,415.4201073394801,96
2024-09-16 15:32:23.215000,415.4707759244228,7
2024-09-16 15:32:23.232000,415.45466199341496,100
2024-09-16 15:32:23.278000,415.3883529877814,7
2024-09-16 15:32:23.313000,415.4491899767113,995
2024-09-16 15:32:23.344000,415.4283735325832,7
2024-09-16 15:32:23.348000,415.4310948193734,1001
2024-09-16 15:32:23.373000,415.4581861317673,1002
2024-09-16 15:32:23.411000,415.4392610365842,13
2024-09-16 15:32:23.570000,415.4893411235297,100
2024-09-16 15:32:23.580000,415.4789201144909,6
2024-09-16 15:32:23.580000,415.44659245599337,11
2024-09-16 15:32:23.597000,415.4051378720136,1000
2024-09-16 15:32:23.606000,415.4674908043448,997
2024-09-16 15:32:23.763000,415.4333771938878,96
2024-09-16 15:32:23.792000,415.4149479693166,101
2024-09-16 15:32:23.806000,415.46493261541,6
2024-09-16 15:32:23.826000,415.43827846171337,1004
2024-09-16 15:32:23.863000,415.44290682644953,104
2024-09-16 15:32:23.908000,415.4619658487604,99
2024-09-16 15:32:23.912000,415.4796851389543,14
2024-09-16 15:32:23.976000,415.46555094473126,8
2024-09-16 15:32:24.039000,415.391084843269,6
2024-09-16 15:32:24.066000,415.4205495094757,101
2024-09-16 15:32:24.113000,415.380035243229,7
2024-09-16 15:32:24.163000,415.3914363661953,1002
2024-09-16 15:32:24.164000,415.4233151402737,1005
2024-09-16 15:32:24.212000,415.3810493638518,104
2024-09-16 15:32:24.212000,415.3670679375407,98
2024-09-16 15:32:24.263000,415.4153946385942,100
2024-09-16 15:32:24.308000,415.4176876228118,12
2024-09-16 15:32:24.314000,415.37952234214856,12
2024-09-16 15:32:24.315000,415.4373638704651,102
2024-09-16 15:32:24.329000,415.4181190782568,997
2024-09-16 15:32:24.516000,415.3984656818848,14
2024-09-16 15:32:24.520000,415.42354022942567,13
2024-09-16 15:32:24.536000,415.3928534186288,10
2024-09-16 15:32:24.625000,415.4049976365329,104
2024-09-16 15:32:24.634000,415.3788331668353,11
2024-09-16 15:32:24.643000,415.438615811605,1005
2024-09-16 15:32:24.647000,415.414409323729,95
2024-09-16 15:32:24.660000,415.4140315400352,97
2024-09-16 15:32:24.678000,415.3876297921454,999
2024-09-16 15:32:24.701000,415.393001971016,13
2024-09-16 15:32:24.805000,415.3903202032408,13
2024-09-16 15:32:24.809000,415.37209380797873,1003
2024-09-16 15:32:24.814000,415.4085985755592,6
2024-09-16 15:32:24.823000,415.39054597997176,1001
2024-09-16 15:32:24.849000,415.370009404767,95
2024-09-16 15:32:24.858000,415.4050306176078,10
2024-09-16 15:32:24.940000,415.3993950450707,1004
2024-09-16 15:32:24.951000,415.4404086348836,98
2024-09-16 15:32:24.973000,417.2495467747054,11
2024-09-16 15:32:25.070000,415.415153032882,998
2024-09-16 15:32:25.866000,415.4105810263964,101
2024-09-16 15:32:26.001000,415.4266678430911,998
2024-09-16 15:32:26.018000,415.4117956857485,999
2024-09-16 15:32:26.074000,415.45321775809487,1004
2024-09-16 15:32:26.127000,415.4491165664225,1003
2024-09-16 15:32:26.145000,415.4498121512423,101
2024-09-16 15:32:26.283000,417.0720702850287,1002
2024-09-16 15:32:26.316000,415.4249157986338,997
2024-09-16 15:32:26.374000,415.4153446091013,9
2024-09-16 15:32:26.392000,415.4246098023324,5
2024-09-16 15:32:26.428000,415.42754339970537,8
2024-09-16 15:32:26.486000,415.4247900995613,999
2024-09-16 15:32:26.640000,415.4421829425701,97
2024-09-16 15:32:26.654000,415.4255648609084,97
2024-09-16 15:32:26.661000,417.0311787516444,105
2024-09-16 15:32:26.698000,415.4435072123626,7
2024-09-16 15:32:26.774000,415.4438824760184,1001
2024-09-16 15:32:27.019000,415.4409177780679,996
2024-09-16 15:32:27.023000,415.4541828148288,11
2024-09-16 15:32:27.026000,415.4245409584845,101
2024-09-16 15:32:27.039000,415.3974187650858,10
2024-09-16 15:32:27.201000,415.3832124311646,13
2024-09-16 15:32:27.238000,415.401358061445,15
2024-09-16 15:32:27.240000,415.4231440039015,99
2024-09-16 15:32:27.301000,415.3968325410369,5
2024-09-16 15:32:27.319000,415.4213882920969,11
2024-09-16 15:32:27.366000,415.43061215777016,1005
2024-09-16 15:32:27.380000,415.4128086070095,997
2024-09-16 15:32:27.425000,415.4283513189061,98
2024-09-16 15:32:27.426000,415.40616583897554,12
2024-09-16 15:32:27.464000,415.4101427292695,997
2024-09-16 15:32:27.559000,415.42458667387297,1004
2024-09-16 15:32:27.560000,415.440551366296,999
2024-09-16 15:32:27.572000,415.42135316535314,99
2024-09-16 15:32:27.578000,415.4308227693045,105
2024-09-16 15:32:27.589000,415.41085017783496,96
2024-09-16 15:32:27.695000,415.4652156007048,1000
2024-09-16 15:32:27.720000,415.44957221765793,1004
2024-09-16 15:32:27.752000,415.400623204586,12
2024-09-16 15:32:27.754000,415.39947285089545,1003
2024-09-16 15:32:27.766000,415.4333321822026,96
2024-09-16 15:32:27.821000,415.4227033315516,15
2024-09-16 15:32:27.856000,415.4140526448006,97
2024-09-16 15:32:27.935000,415.4044438419689,996
2024-09-16 15:32:27.943000,415.4346134338377,996
2024-09-16 15:32:28.150000,415.486509182344,95
2024-09-16 15:32:28.162000,415.4216700068699,1003
2024-09-16 15:32:28.268000,415.4244167576391,98
2024-09-16 15:32:28.348000,415.476211284843,15
2024-09-16 15:32:28.401000,415.4046994626538,15
2024-09-16 15:32:28.420000,415.4150370785779,13
2024-09-16 15:32:28.451000,415.4084085964727,10
2024-09-16 15:32:28.525000,415.4129992779248,7
2024-09-16 15:32:28.691000,415.3996252384948,101
2024-09-16 15:32:28.721000,415.4056155252175,13
2024-09-16 15:32:28.797000,415.4522333132217,1000
2024-09-16 15:32:28.844000,415.43260836651547,8
2024-09-16 15:32:28.854000,415.4511800694046,101
2024-09-16 15:32:28.871000,415.4544403367965,95
2024-09-16 15:32:28.968000,415.3954793697709,97
2024-09-16 15:32:28.987000,415.41801340971887,11
2024-09-16 15:32:28.995000,415.4044960694924,13
2024-09-16 15:32:29.015000,415.5410307891637,15
2024-09-16 15:32:29.054000,415.5378244339905,6
2024-09-16 15:32:29.062000,415.5373110238746,1002
2024-09-16 15:32:29.172000,415.4994762754083,7
2024-09-16 15:32:29.196000,415.5244154622609,1002
2024-09-16 15:32:29.251000,415.5397115291497,11
2024-09-16 15:32:29.263000,415.5500531335816,6
2024-09-16 15:32:29.323000,415.5182396635696,6
2024-09-16 15:32:29.350000,415.5147310294823,98
2024-09-16 15:32:29.439000,415.5191112892143,995
2024-09-16 15:32:29.497000,415.5400875099248,998
2024-09-16 15:32:29.593000,415.5150649358004,97
2024-09-16 15:32:29.629000,415.5292118795402,995
2024-09-16 15:32:29.644000,415.49083416642895,14
2024-09-16 15:32:29.733000,415.5009576355865,13
2024-09-16 15:32:29.801000,415.4996183142723,1000
2024-09-16 15:32:29.802000,415.53840540127567,995
2024-09-16 15:32:29.808000,415.5411960749058,996
2024-09-16 15:32:29.826000,415.5138587517442,1003
2024-09-16 15:32:29.848000,415.5231496883775,15
2024-09-16 15:32:29.865000,415.5427315809963,7
2024-09-16 15:32:29.938000,415.5159461320874,12
2024-09-16 15:32:29.945000,415.54298705228246,99
2024-09-16 15:32:29.959000,415.5227086025824,5
2024-09-16 15:32:30.074000,415.5540830669827,105
2024-09-16 15:32:30.092000,415.5390643532018,1000
2024-09-16 15:32:30.110000,415.5478318642826,6
2024-09-16 15:32:30.151000,415.5419120801992,996
2024-09-16 15:32:30.183000,415.536436485485,1003
2024-09-16 15:32:30.197000,415.5650810412572,95
2024-09-16 15:32:30.211000,415.5679422994269,6
2024-09-16 15:32:30.211000,415.5647263591405,13
2024-09-16 15:32:30.221000,415.5306451869094,96
2024-09-16 15:32:30.331000,415.5274916974068,995
2024-09-16 15:32:30.384000,415.563135130931,100
2024-09-16 15:32:30.401000,415.5628431912043,102
2024-09-16 15:32:30.432000,415.5468245450695,1002
2024-09-16 15:32:30.459000,415.5708053469597,6
2024-09-16 15:32:30.466000,415.5534036256896,1003
2024-09-16 15:32:30.631000,415.5560878081678,1002
2024-09-16 15:32:30.660000,415.5408781939558,13
2024-09-16 15:32:30.721000,415.5431646947303,95
2024-09-16 15:32:30.763000,415.55843338528814,1005
2024-09-16 15:32:30.868000,415.54240252974296,12
2024-09-16 15:32:30.877000,415.5702865586946,103
2024-09-16 15:32:30.912000,415.56583174285015,97
2024-09-16 15:32:30.984000,415.5268010119258,96
2024-09-16 15:32:30.996000,415.5497840618354,11
2024-09-16 15:32:30.996000,415.5498377827657,996
2024-09-16 15:32:31.182000,415.55379616028256,1001
2024-09-16 15:32:31.423000,415.5593187420637,999
2024-09-16 15:32:31.443000,415.5932190902647,101
2024-09-16 15:32:31.473000,415.5938503710454,9
2024-09-16 15:32:31.508000,415.5581294831337,999
2024-09-16 15:32:31.576000,415.5769054585261,998
2024-09-16 15:32:31.631000,415.6551642927762,101
2024-09-16 15:32:31.662000,415.5428940906183,5
2024-09-16 15:32:31.698000,415.6026592835527,9
2024-09-16 15:32:31.710000,415.6739241296446,999
2024-09-16 15:32:31.750000,415.584976651736,1003
2024-09-16 15:32:31.753000,415.64079457547047,15
2024-09-16 15:32:31.834000,415.5991609522232,996
2024-09-16 15:32:31.838000,415.56749485930106,7
2024-09-16 15:32:31.841000,415.6586155102952,10
2024-09-16 15:32:31.852000,415.553694839055,99
2024-09-16 15:32:31.855000,416.9614511915656,1005
2024-09-16 15:32:31.911000,415.5678816474204,104
2024-09-16 15:32:31.942000,415.59073732706287,1004
2024-09-16 15:32:31.959000,415.5857609007661,104
2024-09-16 15:32:32.396000,415.6728108304959,104
2024-09-16 15:32:32.400000,415.6845837631191,95
2024-09-16 15:32:32.433000,415.6640017076289,102
2024-09-16 15:32:32.647000,415.69630005803975,14
2024-09-16 15:32:32.812000,415.6843611328547,1005
2024-09-16 15:32:33.073000,415.6872008968943,5
2024-09-16 15:32:33.075000,415.7614404500077,997
2024-09-16 15:32:33.084000,415.7668059266312,97
2024-09-16 15:32:33.084000,415.7526327750357,95
2024-09-16 15:32:33.147000,415.7394768978343,14
2024-09-16 15:32:33.167000,415.7498311536153,102
2024-09-16 15:32:33.266000,415.7504378478715,995
2024-09-16 15:32:33.360000,415.7400151196172,12
2024-09-16 15:32:33.401000,415.7563237636908,14
2024-09-16 15:32:33.478000,415.7672705456328,8
2024-09-16 15:32:33.489000,415.718013715407,102
2024-09-16 15:32:33.521000,415.78211263068727,9
2024-09-16 15:32:33.548000,415.7452160259078,998
2024-09-16 15:32:33.625000,415.7318439019516,11
2024-09-16 15:32:33.632000,415.7489591605565,1001
2024-09-16 15:32:33.655000,415.7500715107986,101
2024-09-16 15:32:33.660000,415.7723364026149,12
2024-09-16 15:32:33.704000,415.7593448842176,101
2024-09-16 15:32:33.716000,415.7551259228664,101
2024-09-16 15:32:33.754000,415.75621374583415,98
2024-09-16 15:32:33.757000,415.7468549569831,1001
2024-09-16 15:32:33.759000,415.7431319204944,7
2024-09-16 15:32:33.793000,415.7482645989214,97
2024-09-16 15:32:33.821000,415.7687981971969,1001
2024-09-16 15:32:33.943000,415.7400048565914,12
2024-09-16 15:32:33.959000,415.7745426504903,12
2024-09-16 15:32:34.050000,415.7679945352509,11
2024-09-16 15:32:34.205000,417.00338583900384,11
2024-09-16 15:32:34.437000,415.7693875212731,95
2024-09-16 15:32:34.485000,415.7877670543685,1004
2024-09-16 15:32:34.808000,415.75400287004425,1003
2024-09-16 15:32:34.915000,415.7999810019752,6
2024-09-16 15:32:34.971000,415.7676764116895,100
2024-09-16 15:32:35.010000,415.7492015022709,14
2024-09-16 15:32:35.203000,415.6987631539976,1002
2024-09-16 15:32:35.274000,415.7820969249449,98
2024-09-16 15:32:35.293000,415.7610153502479,999
2024-09-16 15:32:35.349000,415.70783694059287,101
2024-09-16 15:32:35.430000,415.7002814405246,1001
2024-09-16 15:32:35.450000,415.6820591602905,97
2024-09-16 15:32:35.450000,415.6635574943506,10
2024-09-16 15:32:35.541000,415.6643393517217,103
2024-09-16 15:32:35.563000,415.7227673538205,999
2024-09-16 15:32:35.592000,415.7300260516465,1002
2024-09-16 15:32:35.634000,415.72688998288,995
2024-09-16 15:32:35.700000,415.675400397624,97
2024-09-16 15:32:35.776000,415.6579575072363,996
2024-09-16 15:32:35.779000,415.67999078770737,102
2024-09-16 15:32:35.804000,415.7473704415337,100
2024-09-16 15:32:35.831000,415.7463252583256,99
2024-09-16 15:32:35.892000,415.6859547007029,99
2024-09-16 15:32:35.896000,415.7490799337574,7
2024-09-16 15:32:35.956000,415.7568603331559,98
2024-09-16 15:32:35.988000,415.7510063851757,6
2024-09-16 15:32:36.016000,415.6957211577675,1003
2024-09-16 15:32:36.029000,415.70423188840726,9
2024-09-16 15:32:36.030000,415.7396240676919,9
2024-09-16 15:32:36.035000,415.7974126018241,5
2024-09-16 15:32:36.053000,415.6998987387415,95
2024-09-16 15:32:36.066000,415.7402895838517,14
2024-09-16 15:32:36.132000,415.6974417264103,996
2024-09-16 15:32:36.191000,415.7181567550183,10
2024-09-16 15:32:36.238000,415.76815254370985,15
2024-09-16 15:32:36.244000,415.8020865173877,102
2024-09-16 15:32:36.294000,415.7911597827615,95
2024-09-16 15:32:36.358000,415.7511356070528,999
2024-09-16 15:32:36.421000,415.7557746567668,999
2024-09-16 15:32:36.455000,415.8068320302559,105
2024-09-16 15:32:36.460000,415.756374246622,1004
2024-09-16 15:32:36.542000,415.6841264299885,99
2024-09-16 15:32:36.579000,415.74469512809367,7
2024-09-16 15:32:36.589000,415.7303008757572,997
2024-09-16 15:32:36.595000,415.74298653349547,101
2024-09-16 15:32:36.650000,415.7507786644485,1003
2024-09-16 15:32:36.655000,415.7891879260847,1002
2024-09-16 15:32:36.671000,415.798697552395,103
2024-09-16 15:32:36.674000,415.8028214217542,5
2024-09-16 15:32:36.681000,415.8037052196352,96
2024-09-16 15:32:36.699000,415.70805309396144,98
2024-09-16 15:32:36.721000,415.75944575431146,6
2024-09-16 15:32:36.878000,415.7177787405217,99
2024-09-16 15:32:37.029000,415.8234482236161,100
2024-09-16 15:32:37.090000,415.816848967278,1002
2024-09-16 15:32:37.171000,415.81517132160815,1003
2024-09-16 15:32:37.208000,415.819305455539,1001
2024-09-16 15:32:37.211000,415.8493716636378,1001
2024-09-16 15:32:37.211000,415.81122095968817,98
2024-09-16 15:32:37.282000,415.8497119662907,5
2024-09-16 15:32:37.293000,415.8483627072381,6
2024-09-16 15:32:37.374000,415.8448840420045,1004
2024-09-16 15:32:37.408000,415.8161267310841,6
2024-09-16 15:32:37.448000,415.8465223471532,14
2024-09-16 15:32:37.453000,415.8339205643806,1005
2024-09-16 15:32:37.562000,415.85457284783183,14
2024-09-16 15:32:37.564000,415.8387198500765,9
2024-09-16 15:32:37.574000,415.83205482572725,997
2024-09-16 15:32:37.638000,415.8464529108768,1004
2024-09-16 15:32:37.677000,415.8300049752555,5
2024-09-16 15:32:37.695000,415.8558566669053,1001
2024-09-16 15:32:37.739000,415.8140098722504,9
2024-09-16 15:32:37.745000,415.8446763299751,8
2024-09-16 15:32:37.826000,415.8138006994568,999
2024-09-16 15:32:37.830000,415.827910836316,13
2024-09-16 15:32:37.878000,415.8391457592587,9
2024-09-16 15:32:37.940000,415.8171250597173,14
2024-09-16 15:32:38,415.8853230408639,99
2024-09-16 15:32:38.046000,415.8856343607977,1002
2024-09-16 15:32:38.138000,415.9004051514221,103
2024-09-16 15:32:38.327000,415.8711841367885,14
2024-09-16 15:32:38.563000,415.9140537744317,97
2024-09-16 15:32:38.569000,415.8790292288162,1005
2024-09-16 15:32:38.663000,415.89588021552345,99
2024-09-16 15:32:38.667000,415.8977785116424,12
2024-09-16 15:32:38.671000,415.9003335958777,7
2024-09-16 15:32:38.885000,415.88880751036976,1001
2024-09-16 15:32:39.089000,415.89542512847805,996
2024-09-16 15:32:39.122000,415.8937860530027,9
2024-09-16 15:32:39.372000,415.93547452534,1002
2024-09-16 15:32:39.501000,415.9432170152552,1002
2024-09-16 15:32:39.954000,415.9091427452901,995
2024-09-16 15:32:40.067000,415.9095537374788,97
2024-09-16 15:32:40.123000,415.9409478725144,96
2024-09-16 15:32:40.256000,415.9189299724701,14
2024-09-16 15:32:40.277000,415.8952732759348,10
2024-09-16 15:32:40.310000,415.8989315137436,11
2024-09-16 15:32:40.322000,415.8915864538231,105
2024-09-16 15:32:40.336000,415.9327716598272,9
2024-09-16 15:32:40.410000,415.9033349670524,97
2024-09-16 15:32:40.415000,415.9113395277505,1002
2024-09-16 15:32:40.492000,415.8934821246278,6
2024-09-16 15:32:40.511000,415.89252673675657,95
2024-09-16 15:32:40.648000,415.88901729569,105
2024-09-16 15:32:40.787000,415.8986489920162,13
2024-09-16 15:32:40.826000,415.9092133695943,104
2024-09-16 15:32:40.854000,415.9161351473687,13
2024-09-16 15:32:40.894000,415.9181432621551,14
2024-09-16 15:32:40.919000,415.9003166910388,999
2024-09-16 15:32:40.996000,415.91326915417255,104
2024-09-16 15:32:41.016000,415.8664995854592,997
2024-09-16 15:32:41.129000,415.8529757943257,7
2024-09-16 15:32:41.349000,415.9061627678126,98
2024-09-16 15:32:41.495000,415.8693095925592,100
2024-09-16 15:32:41.695000,415.86647533459774,5
2024-09-16 15:32:42.101000,415.9558004218098,97
2024-09-16 15:32:42.242000,415.916622427263,1000
2024-09-16 15:32:42.247000,415.9471839096871,105
2024-09-16 15:32:42.320000,415.884339537782,1004
2024-09-16 15:32:42.342000,415.86202735866914,5
2024-09-16 15:32:42.346000,415.88565662480494,100
2024-09-16 15:32:42.371000,415.8778487239745,97
2024-09-16 15:32:42.476000,415.8385210359473,100
2024-09-16 15:32:42.530000,415.8790185504191,1005
2024-09-16 15:32:42.545000,415.8781808416995,99
2024-09-16 15:32:42.550000,415.8655270599534,95
2024-09-16 15:32:42.661000,415.88543281050585,98
2024-09-16 15:32:42.696000,415.83721892665545,998
2024-09-16 15:32:42.730000,415.9456176518465,5
2024-09-16 15:32:42.759000,415.8306838488123,95
2024-09-16 15:32:42.778000,415.86261405340207,100
2024-09-16 15:32:42.790000,415.8285310806456,6
2024-09-16 15:32:42.829000,415.8635094753012,10
2024-09-16 15:32:42.951000,415.9782921856738,13
2024-09-16 15:32:42.963000,415.8477177323069,9
2024-09-16 15:32:42.982000,415.85485876388486,5
2024-09-16 15:32:42.995000,415.9550285481341,95
2024-09-16 15:32:42.997000,415.8965501438656,102
2024-09-16 15:32:43.008000,415.88400730153376,103
2024-09-16 15:32:43.025000,415.9214747629924,14
2024-09-16 15:32:43.160000,415.9374982454729,9
2024-09-16 15:32:43.197000,415.9701337492318,10
2024-09-16 15:32:43.276000,415.9195507932839,101
2024-09-16 15:32:43.284000,415.9907996249856,97
2024-09-16 15:32:43.291000,415.8883306301539,1001
2024-09-16 15:32:43.294000,415.94224751114285,1000
2024-09-16 15:32:43.433000,415.9989109594964,96
2024-09-16 15:32:43.476000,415.8904712561324,104
2024-09-16 15:32:43.517000,415.9209795442856,1001
2024-09-16 15:32:43.530000,415.90996365682577,1005
2024-09-16 15:32:43.560000,415.99464040809926,9
2024-09-16 15:32:43.633000,415.9823531379811,95
2024-09-16 15:32:43.722000,415.9175133839526,1001
2024-09-16 15:32:43.789000,415.9868623609627,105
2024-09-16 15:32:43.830000,415.9854799994757,98
2024-09-16 15:32:43.841000,415.97686067743234,15
2024-09-16 15:32:43.878000,415.9420538992196,995
2024-09-16 15:32:43.882000,415.9126617255706,95
2024-09-16 15:32:43.984000,415.8970397458641,12
2024-09-16 15:32:44.044000,415.9797488220439,8
2024-09-16 15:32:44.064000,415.97245870144894,100
2024-09-16 15:32:44.190000,415.9353552954989,98
2024-09-16 15:32:44.299000,415.9597448681379,1003
2024-09-16 15:32:44.423000,415.96529597192256,1003
2024-09-16 15:32:44.423000,415.9513991427435,11
2024-09-16 15:32:44.725000,415.9704715833545,999
2024-09-16 15:32:44.744000,415.9732097242889,104
2024-09-16 15:32:44.767000,415.9653095984871,5
2024-09-16 15:32:44.805000,415.9413470955103,995
2024-09-16 15:32:44.817000,415.96768544464334,996
2024-09-16 15:32:44.818000,415.9864258495957,1003
2024-09-16 15:32:44.867000,415.9664824036629,104
2024-09-16 15:32:44.942000,415.94337847550776,999
2024-09-16 15:32:45.006000,415.96556268515945,995
2024-09-16 15:32:45.424000,415.9651577594361,14
2024-09-16 15:32:45.440000,416.00174239466537,105
2024-09-16 15:32:45.450000,415.9847065371711,1002
2024-09-16 15:32:45.713000,415.998822616724,999
2024-09-16 15:32:45.726000,415.9776110963567,997
2024-09-16 15:32:45.843000,415.9922327290213,97
2024-09-16 15:32:45.909000,416.0071993870072,13
2024-09-16 15:32:45.914000,416.0111787246935,14
2024-09-16 15:32:46.001000,415.9661679194529,98
2024-09-16 15:32:46.053000,415.9480350504968,999
2024-09-16 15:32:46.055000,415.9765236921564,8
2024-09-16 15:32:46.055000,416.0079163515628,1002
2024-09-16 15:32:46.148000,415.9838807531179,10
2024-09-16 15:32:46.179000,416.0014882338555,997
2024-09-16 15:32:46.193000,416.0014178065401,1000
2024-09-16 15:32:46.201000,415.9852656361941,7
2024-09-16 15:32:46.295000,415.97846105878426,100
2024-09-16 15:32:46.320000,415.98382751432126,997
2024-09-16 15:32:46.397000,415.9459412358317,104
2024-09-16 15:32:46.411000,415.96403570472575,997
2024-09-16 15:32:46.497000,415.9425486722002,6
2024-09-16 15:32:46.525000,415.9390947455556,9
2024-09-16 15:32:46.536000,415.9946217205451,15
2024-09-16 15:32:46.562000,415.9788170323154,96
2024-09-16 15:32:46.565000,415.9866171880728,6
2024-09-16 15:32:46.651000,415.9547119017354,104
2024-09-16 15:32:46.654000,415.91718247846177,5
2024-09-16 15:32:46.657000,415.9964321090794,1003
2024-09-16 15:32:46.718000,415.99292626506326,105
2024-09-16 15:32:46.828000,415.9843219458077,98
2024-09-16 15:32:46.829000,415.9462155447461,101
2024-09-16 15:32:46.871000,415.9986553346942,103
2024-09-16 15:32:46.924000,415.96458441155295,103
2024-09-16 15:32:46.974000,415.94743499332174,996
2024-09-16 15:32:47.016000,416.07195720755993,98
2024-09-16 15:32:47.049000,416.0750267488555,995
2024-09-16 15:32:47.072000,416.0014203057566,95
2024-09-16 15:32:47.188000,416.0635881335268,1004
2024-09-16 15:32:47.283000,416.07049776806014,1003
2024-09-16 15:32:47.406000,416.0349253330569,104
2024-09-16 15:32:47.461000,416.0454395220248,1000
2024-09-16 15:32:47.511000,416.051427696133,104
2024-09-16 15:32:47.549000,416.0827263510206,102
2024-09-16 15:32:47.631000,416.064433744677,7
2024-09-16 15:32:47.732000,416.0528451109092,105
2024-09-16 15:32:47.808000,416.0621711366961,999
2024-09-16 15:32:47.981000,416.0838789847145,1003
2024-09-16 15:32:47.997000,416.0824039422688,97
2024-09-16 15:32:49.062000,416.03748237534137,100
2024-09-16 15:32:49.190000,416.0310623323441,1004
2024-09-16 15:32:49.367000,416.02906299011033,13
2024-09-16 15:32:49.443000,416.0259370082495,95
2024-09-16 15:32:49.522000,416.01280439318975,998
2024-09-16 15:32:49.610000,417.247909317673,998
2024-09-16 15:32:49.862000,416.0380328911035,96
2024-09-16 15:32:50.005000,415.9562920592252,104
2024-09-16 15:32:50.028000,415.9816736750126,998
2024-09-16 15:32:50.037000,415.976829641511,8
2024-09-16 15:32:50.070000,415.9830510281544,998
2024-09-16 15:32:50.083000,415.9649013135564,103
2024-09-16 15:32:50.086000,415.987852833894,105
2024-09-16 15:32:50.135000,415.9793412371661,1005
2024-09-16 15:32:50.221000,416.0266217739409,96
2024-09-16 15:32:50.372000,415.99676924259774,11
2024-09-16 15:32:50.480000,415.9976664728628,1003
2024-09-16 15:32:50.513000,415.984042387046,96
2024-09-16 15:32:50.516000,415.9604161108122,997
2024-09-16 15:32:50.556000,416.02077381392655,5
2024-09-16 15:32:50.582000,415.954651694297,1001
2024-09-16 15:32:50.642000,415.9554602890156,102
2024-09-16 15:32:50.730000,416.00412716996186,100
2024-09-16 15:32:50.771000,416.0141278377253,1002
2024-09-16 15:32:50.779000,415.98030945123855,101
2024-09-16 15:32:50.782000,415.9733456183512,101
2024-09-16 15:32:50.814000,415.99977122935496,14
2024-09-16 15:32:50.864000,415.9861132065358,11
2024-09-16 15:32:50.888000,415.9816009194284,7
2024-09-16 15:32:50.907000,415.9743158463703,1002
2024-09-16 15:32:50.911000,415.93812808684817,13
2024-09-16 15:32:50.967000,416.0035644522293,1002
2024-09-16 15:32:50.979000,415.9772284541488,995
2024-09-16 15:32:50.998000,415.9872594690098,5
2024-09-16 15:32:51.028000,415.9830410104376,103
2024-09-16 15:32:51.048000,415.9836343445165,13
2024-09-16 15:32:51.069000,415.9735966176369,1003
2024-09-16 15:32:51.117000,415.96542561714097,13
2024-09-16 15:32:51.283000,416.0048267607618,7
2024-09-16 15:32:51.311000,415.977466340189,996
2024-09-16 15:32:51.313000,415.94437920933655,999
2024-09-16 15:32:51.337000,415.98457141702966,103
2024-09-16 15:32:51.350000,415.96750136652577,12
2024-09-16 15:32:51.401000,415.98358525100167,1000
2024-09-16 15:32:51.453000,415.9565575056328,997
2024-09-16 15:32:51.482000,415.9691735737048,6
2024-09-16 15:32:51.537000,415.970131555567,996
2024-09-16 15:32:51.581000,415.9570346076461,999
2024-09-16 15:32:51.596000,415.9526700092572,997
2024-09-16 15:32:51.709000,415.9871276167983,98
2024-09-16 15:32:51.735000,415.98416805346864,98
2024-09-16 15:32:51.742000,415.9767794792653,5
2024-09-16 15:32:51.793000,415.9689580176461,96
2024-09-16 15:32:51.837000,415.9579907759995,997
2024-09-16 15:32:51.838000,415.9604716898663,12
2024-09-16 15:32:51.888000,416.0027399950033,13
2024-09-16 15:32:51.911000,415.9966135975738,104
2024-09-16 15:32:51.916000,415.9770592866462,1005
2024-09-16 15:32:51.928000,415.9783484642552,8
2024-09-16 15:32:52.024000,416.0808723783131,6
2024-09-16 15:32:52.024000,416.0004839671811,1005
2024-09-16 15:32:52.294000,416.03854056045554,1004
2024-09-16 15:32:52.398000,416.05542392080525,11
2024-09-16 15:32:52.548000,416.08836364374525,11
2024-09-16 15:32:52.608000,416.0820520294087,11
2024-09-16 15:32:52.626000,416.0574627458364,14
2024-09-16 15:32:52.715000,415.9837334922425,1001
2024-09-16 15:32:52.723000,416.07665594946576,98
2024-09-16 15:32:52.724000,415.978922826435,5
2024-09-16 15:32:52.845000,416.0021585124444,6
2024-09-16 15:32:52.852000,417.2221378646776,6
2024-09-16 15:32:52.881000,416.06026819464415,104
2024-09-16 15:32:53.538000,416.0999057556114,12
2024-09-16 15:32:53.920000,416.0975297073613,998
2024-09-16 15:32:54.036000,416.1137364496444,13
2024-09-16 15:32:54.087000,416.13880122122265,1005
2024-09-16 15:32:54.105000,416.1293210053829,996
2024-09-16 15:32:54.109000,416.1257520363812,996
2024-09-16 15:32:54.113000,416.10952881528846,11
2024-09-16 15:32:54.308000,416.1255317031671,999
2024-09-16 15:32:54.309000,416.1315149891751,102
2024-09-16 15:32:54.344000,416.1265064464072,98
2024-09-16 15:32:54.384000,416.1152642875944,97
2024-09-16 15:32:54.631000,416.1281237633944,8
2024-09-16 15:32:54.649000,416.1301307830389,7
2024-09-16 15:32:54.660000,416.11248731214994,1004
2024-09-16 15:32:54.688000,416.11525934502913,998
2024-09-16 15:32:54.732000,416.1150430985714,6
2024-09-16 15:32:54.765000,416.12105247956674,103
2024-09-16 15:32:54.767000,416.1274984314368,104
2024-09-16 15:32:54.802000,416.1148056568419,1002
2024-09-16 15:32:54.921000,416.1275955839921,95
2024-09-16 15:32:55.026000,416.1508139416716,9
2024-09-16 15:32:55.052000,416.139835449457,997
2024-09-16 15:32:55.067000,416.1615136215869,1003
2024-09-16 15:32:55.199000,416.123478202256,100
2024-09-16 15:32:55.259000,416.12317074319895,7
2024-09-16 15:32:55.296000,416.1108675852291,998
2024-09-16 15:32:55.303000,417.30645829646863,12
2024-09-16 15:32:55.359000,416.11903410449935,100
2024-09-16 15:32:55.443000,416.1465261629847,105
2024-09-16 15:32:55.503000,416.11336833518857,96
2024-09-16 15:32:55.529000,416.1086474451455,100
2024-09-16 15:32:55.724000,416.14692471340135,15
2024-09-16 15:32:55.741000,416.1501758340455,1000
2024-09-16 15:32:55.751000,416.1651829776172,1001
2024-09-16 15:32:55.811000,417.2833974157127,101
2024-09-16 15:32:55.942000,416.095378751161,9
2024-09-16 15:32:56.164000,416.1404767685853,5
2024-09-16 15:32:56.316000,416.1135572140536,99
2024-09-16 15:32:56.652000,416.1062085424426,999
2024-09-16 15:32:56.753000,416.12895944878,100
2024-09-16 15:32:57.046000,416.1715941172368,1003
2024-09-16 15:32:57.049000,416.0772501841167,15
2024-09-16 15:32:57.070000,416.0744884928062,5
2024-09-16 15:32:57.079000,416.0785421783263,98
2024-09-16 15:32:57.086000,416.1262258354576,1001
2024-09-16 15:32:57.103000,416.1396551007664,6
2024-09-16 15:32:57.117000,416.08723607814505,996
2024-09-16 15:32:57.134000,416.1407648473249,997
2024-09-16 15:32:57.167000,416.1051072063139,6
2024-09-16 15:32:57.190000,416.1098409799136,101
2024-09-16 15:32:57.194000,416.0772817037148,995
2024-09-16 15:32:57.218000,416.13222416662165,99
2024-09-16 15:32:57.311000,416.107488490005,15
2024-09-16 15:32:57.354000,416.0933395844036,6
2024-09-16 15:32:57.404000,416.12619197766656,1000
2024-09-16 15:32:57.572000,416.1144748785643,8
2024-09-16 15:32:57.640000,416.1350101429488,1000
2024-09-16 15:32:57.644000,416.1497066214415,1002
2024-09-16 15:32:57.650000,416.1630799287592,1002
2024-09-16 15:32:57.666000,416.12639971090346,98
2024-09-16 15:32:57.681000,416.11914606759245,100
2024-09-16 15:32:57.684000,416.1170738694817,12
2024-09-16 15:32:57.684000,416.0644848299326,97
2024-09-16 15:32:57.720000,416.1401601684977,1000
2024-09-16 15:32:57.821000,416.1241070978518,12
2024-09-16 15:32:57.854000,416.0706290485893,7
2024-09-16 15:32:57.854000,416.1302353346851,10
2024-09-16 15:32:57.892000,416.0719218450328,996
2024-09-16 15:32:57.946000,416.0821464364503,8
2024-09-16 15:32:58.074000,416.1467268438568,10
2024-09-16 15:32:58.227000,416.1202995446017,9
2024-09-16 15:32:58.412000,416.1138693151518,98
2024-09-16 15:32:58.508000,416.1221493291524,999
2024-09-16 15:32:58.721000,416.1247299740707,1005
2024-09-16 15:32:58.767000,416.1196436377634,99
2024-09-16 15:32:58.879000,416.1261581992083,104
2024-09-16 15:32:58.931000,416.1286538126792,10
2024-09-16 15:32:58.934000,416.12051232484106,95
2024-09-16 15:32:59.007000,416.153945881576,10
2024-09-16 15:32:59.045000,416.21263075730445,11
2024-09-16 15:32:59.057000,416.1895514929007,1002
2024-09-16 15:32:59.058000,416.140769223871,95
2024-09-16 15:32:59.182000,416.1492572189412,103
2024-09-16 15:32:59.269000,416.1915254568247,97
2024-09-16 15:32:59.320000,416.18263740625525,13
2024-09-16 15:32:59.343000,416.21605730916303,13
2024-09-16 15:32:59.380000,416.1948937964445,995
2024-09-16 15:32:59.494000,416.19007339595447,999
2024-09-16 15:32:59.553000,416.21372837352976,103
2024-09-16 15:32:59.569000,416.1936489858828,1003
2024-09-16 15:32:59.609000,416.1922327285175,13
2024-09-16 15:32:59.618000,416.1932871467525,103
2024-09-16 15:32:59.693000,416.1989531703544,13
2024-09-16 15:32:59.701000,416.1837233279717,96
2024-09-16 15:32:59.756000,416.2188640220912,104
2024-09-16 15:32:59.784000,416.2113372264108,96
2024-09-16 15:32:59.901000,416.18506199174135,13
2024-09-16 15:32:59.984000,416.2095563126663,104
2024-09-16 15:32:59.997000,416.14787278892766,1000
