Timestamp,Price,Size
2024-09-20 11:17:00.033000,425.5682114899229,15
2024-09-20 11:17:00.066000,425.5631716100569,997
2024-09-20 11:17:00.103000,425.5668379028117,95
2024-09-20 11:17:00.105000,425.5610541995314,10
2024-09-20 11:17:00.140000,425.5520563362527,9
2024-09-20 11:17:00.290000,425.5726451294694,99
2024-09-20 11:17:00.384000,425.5798155249825,1004
2024-09-20 11:17:00.422000,425.55266095526383,105
2024-09-20 11:17:00.440000,425.5839566701581,101
2024-09-20 11:17:00.446000,425.5656260639738,997
2024-09-20 11:17:00.485000,425.56781036586096,101
2024-09-20 11:17:00.487000,425.5705528471994,996
2024-09-20 11:17:00.522000,425.5665962440012,15
2024-09-20 11:17:00.573000,425.5665098764827,1005
2024-09-20 11:17:00.597000,425.5560623847701,1003
2024-09-20 11:17:00.654000,425.574029077797,1005
2024-09-20 11:17:00.705000,425.553769110677,7
2024-09-20 11:17:00.771000,425.5676377065652,11
2024-09-20 11:17:00.871000,425.56959971428296,96
2024-09-20 11:17:00.913000,425.5506039038752,995
2024-09-20 11:17:00.950000,425.57393693843983,102
2024-09-20 11:17:00.986000,425.5634891129495,1004
2024-09-20 11:17:01.009000,425.5884905288895,101
2024-09-20 11:17:01.060000,425.5606069085147,14
2024-09-20 11:17:01.144000,425.6144997884354,8
2024-09-20 11:17:01.155000,425.5789343843744,1004
2024-09-20 11:17:01.203000,425.6044828039402,7
2024-09-20 11:17:01.236000,425.6124868005624,101
2024-09-20 11:17:01.252000,425.62538810069685,1005
2024-09-20 11:17:01.368000,425.5794598230717,95
2024-09-20 11:17:01.408000,425.5720447726786,7
2024-09-20 11:17:01.466000,425.57026233124446,99
2024-09-20 11:17:01.541000,425.5743254592688,6
2024-09-20 11:17:01.617000,425.6030299339261,1002
2024-09-20 11:17:01.741000,425.6272721531876,103
2024-09-20 11:17:01.791000,425.5853633111985,103
2024-09-20 11:17:01.823000,425.6284078218853,11
2024-09-20 11:17:01.825000,425.6181903629675,11
2024-09-20 11:17:01.902000,425.6171853785512,102
2024-09-20 11:17:01.955000,425.61431111718827,5
2024-09-20 11:17:01.963000,425.6079792894183,13
2024-09-20 11:17:02.027000,425.6156679920514,98
2024-09-20 11:17:02.051000,425.61759946450405,995
2024-09-20 11:17:02.101000,425.6256483440449,1000
2024-09-20 11:17:02.167000,425.6373152130425,6
2024-09-20 11:17:02.389000,425.5988685286905,1005
2024-09-20 11:17:02.401000,425.6203686766413,11
2024-09-20 11:17:02.529000,425.6321069845278,13
2024-09-20 11:17:02.530000,425.6391505912553,7
2024-09-20 11:17:02.626000,425.6330830276552,5
2024-09-20 11:17:02.674000,425.6142300286171,98
2024-09-20 11:17:02.822000,425.6116232924773,998
2024-09-20 11:17:02.849000,425.62864303303934,8
2024-09-20 11:17:02.862000,425.6257032211773,997
2024-09-20 11:17:02.875000,425.6346460375,103
2024-09-20 11:17:02.889000,425.62273116086,1002
2024-09-20 11:17:02.893000,425.6156897444692,8
2024-09-20 11:17:02.944000,425.62270056649913,995
2024-09-20 11:17:02.958000,425.64385525198094,102
2024-09-20 11:17:02.977000,425.6162261151149,9
2024-09-20 11:17:02.995000,425.6248831437966,996
2024-09-20 11:17:03.084000,425.6050668112278,15
2024-09-20 11:17:03.206000,425.6061575339885,997
2024-09-20 11:17:03.242000,425.5786682016884,96
2024-09-20 11:17:03.303000,425.5829358302154,12
2024-09-20 11:17:03.414000,425.5997325178749,1004
2024-09-20 11:17:03.845000,425.6042895899608,104
2024-09-20 11:17:03.956000,425.5929903850329,100
2024-09-20 11:17:03.971000,425.6264085551266,1000
2024-09-20 11:17:04.551000,425.5548750204767,105
2024-09-20 11:17:04.688000,425.5568117239093,11
2024-09-20 11:17:04.706000,425.553061649065,7
2024-09-20 11:17:04.827000,425.5322999244808,105
2024-09-20 11:17:04.853000,425.5434175820195,995
2024-09-20 11:17:04.960000,425.55342037513054,5
2024-09-20 11:17:04.995000,425.5334182936133,95
2024-09-20 11:17:05.326000,425.5333115444861,1001
2024-09-20 11:17:06.106000,425.5061096908465,13
2024-09-20 11:17:06.288000,425.47581610392734,6
2024-09-20 11:17:06.299000,425.5225431134612,98
2024-09-20 11:17:06.319000,425.4812296727196,101
2024-09-20 11:17:06.684000,425.485402696832,8
2024-09-20 11:17:06.825000,425.4718136562458,105
2024-09-20 11:17:07.024000,425.5084967157818,997
2024-09-20 11:17:07.048000,425.5192516674101,999
2024-09-20 11:17:07.057000,425.5196447522971,97
2024-09-20 11:17:07.093000,425.49175764320034,95
2024-09-20 11:17:07.122000,425.4759052382351,103
2024-09-20 11:17:07.147000,425.4770077617473,997
2024-09-20 11:17:07.211000,425.5007613480952,105
2024-09-20 11:17:07.218000,425.5198944704349,1001
2024-09-20 11:17:07.269000,425.48560368913775,13
2024-09-20 11:17:07.311000,425.490007974954,1002
2024-09-20 11:17:07.338000,425.5060883991897,10
2024-09-20 11:17:07.418000,425.5083308969496,11
2024-09-20 11:17:07.453000,425.4916228192505,9
2024-09-20 11:17:07.513000,425.4917946499097,98
2024-09-20 11:17:07.560000,425.5099925838624,11
2024-09-20 11:17:07.599000,425.4908848900428,97
2024-09-20 11:17:07.604000,425.51269409606186,9
2024-09-20 11:17:07.606000,425.48232748320936,98
2024-09-20 11:17:07.626000,425.53275824685375,1005
2024-09-20 11:17:07.715000,425.5303918878806,995
2024-09-20 11:17:07.748000,425.49511198054927,1002
2024-09-20 11:17:07.777000,425.4885486039859,96
2024-09-20 11:17:07.839000,425.5017362976786,1005
2024-09-20 11:17:07.840000,425.5061511606156,6
2024-09-20 11:17:07.840000,425.47359567194894,98
2024-09-20 11:17:07.937000,425.5224079785703,96
2024-09-20 11:17:08.011000,425.46282114179553,105
2024-09-20 11:17:08.056000,425.44681782431365,1005
2024-09-20 11:17:08.070000,425.439224900976,104
2024-09-20 11:17:08.139000,425.4798132971642,1002
2024-09-20 11:17:08.141000,425.4716487713958,14
2024-09-20 11:17:08.151000,425.42746414713145,101
2024-09-20 11:17:08.202000,425.436338241661,5
2024-09-20 11:17:08.214000,425.4562366371191,105
2024-09-20 11:17:08.402000,425.4807391436479,1002
2024-09-20 11:17:08.415000,425.43273743161166,14
2024-09-20 11:17:08.461000,425.4414477329736,1004
2024-09-20 11:17:08.461000,425.4536470238397,10
2024-09-20 11:17:08.549000,425.4601090203339,1001
2024-09-20 11:17:08.848000,425.4654587144592,99
2024-09-20 11:17:08.854000,425.467256186259,999
2024-09-20 11:17:08.973000,425.4626271994187,7
2024-09-20 11:17:09.278000,425.4439972249882,9
2024-09-20 11:17:09.405000,425.382953141034,99
2024-09-20 11:17:09.519000,425.3733722544905,95
2024-09-20 11:17:09.707000,425.3718365166415,98
2024-09-20 11:17:09.828000,425.4167036649851,1003
2024-09-20 11:17:09.899000,425.36026570138085,999
2024-09-20 11:17:09.949000,425.3711737525377,7
2024-09-20 11:17:09.956000,425.376040573356,1005
2024-09-20 11:17:10.375000,425.36422936149705,9
2024-09-20 11:17:10.531000,425.3730488169864,103
2024-09-20 11:17:11.030000,425.4434426990036,102
2024-09-20 11:17:11.147000,425.3862960582091,97
2024-09-20 11:17:11.257000,425.4363848868109,999
2024-09-20 11:17:11.269000,425.4210000957797,6
2024-09-20 11:17:11.341000,425.4508287813483,1005
2024-09-20 11:17:11.393000,425.4280507195119,95
2024-09-20 11:17:11.416000,425.392683972124,1005
2024-09-20 11:17:11.417000,425.43469781821136,103
2024-09-20 11:17:11.479000,425.4408447974735,1002
2024-09-20 11:17:11.483000,425.3992306325486,104
2024-09-20 11:17:11.549000,425.3902036985589,13
2024-09-20 11:17:11.700000,425.3813750774468,5
2024-09-20 11:17:11.841000,425.370068141664,96
2024-09-20 11:17:11.956000,425.430624250428,11
2024-09-20 11:17:11.965000,425.385764809206,101
2024-09-20 11:17:12.826000,425.4179585030338,100
2024-09-20 11:17:13.686000,425.4360273901053,8
2024-09-20 11:17:14.128000,425.43763091946334,1004
2024-09-20 11:17:14.307000,425.4346903604573,8
2024-09-20 11:17:14.347000,425.4507103562141,98
2024-09-20 11:17:14.709000,425.42832370091935,95
2024-09-20 11:17:15.006000,425.50943045672994,10
2024-09-20 11:17:15.104000,425.4776513553829,15
2024-09-20 11:17:15.174000,425.4882913887491,10
2024-09-20 11:17:15.189000,425.4792736596429,98
2024-09-20 11:17:15.239000,425.5215040311573,10
2024-09-20 11:17:15.350000,425.5065042717095,10
2024-09-20 11:17:15.400000,425.4990672716693,5
2024-09-20 11:17:15.475000,425.5122160309031,1004
2024-09-20 11:17:15.634000,425.4477525989816,995
2024-09-20 11:17:15.739000,425.5209291747205,14
2024-09-20 11:17:15.750000,425.5044262613883,997
2024-09-20 11:17:15.806000,425.4622695278493,95
2024-09-20 11:17:16.009000,425.52497417480345,12
2024-09-20 11:17:16.072000,425.5357388165626,15
2024-09-20 11:17:16.116000,425.51704897494056,1001
2024-09-20 11:17:16.132000,425.527914515533,8
2024-09-20 11:17:16.152000,425.521971826868,998
2024-09-20 11:17:16.200000,425.5428080757816,11
2024-09-20 11:17:16.236000,425.5283205990026,9
2024-09-20 11:17:16.254000,425.51933037850034,96
2024-09-20 11:17:16.291000,425.5063112268229,98
2024-09-20 11:17:16.311000,425.5431329425109,103
2024-09-20 11:17:16.497000,425.5263035884765,97
2024-09-20 11:17:16.981000,425.5027998671267,7
2024-09-20 11:17:17.024000,425.497753447516,105
2024-09-20 11:17:17.293000,425.5240489641172,13
2024-09-20 11:17:17.601000,425.5231591784772,11
2024-09-20 11:17:17.809000,425.4815367856198,99
2024-09-20 11:17:17.892000,425.4835162978922,1002
2024-09-20 11:17:18.020000,425.5360041775238,1005
2024-09-20 11:17:18.074000,425.497177116775,10
2024-09-20 11:17:18.258000,425.4989927317299,11
2024-09-20 11:17:18.299000,425.48835460985856,15
2024-09-20 11:17:18.326000,425.4902328988445,1001
2024-09-20 11:17:18.473000,425.5278395878239,100
2024-09-20 11:17:18.599000,425.4761714765131,7
2024-09-20 11:17:18.675000,425.533037821072,7
2024-09-20 11:17:18.741000,425.56505745412505,96
2024-09-20 11:17:18.781000,425.52546475369945,103
2024-09-20 11:17:18.828000,425.4882324122162,5
2024-09-20 11:17:18.860000,425.54660241708336,995
2024-09-20 11:17:18.875000,425.5156492007992,14
2024-09-20 11:17:19.019000,425.5734784155199,99
2024-09-20 11:17:19.052000,425.5445131934797,996
2024-09-20 11:17:19.092000,425.5532547193788,6
2024-09-20 11:17:19.092000,425.556723506621,5
2024-09-20 11:17:19.129000,425.5999167233662,1001
2024-09-20 11:17:19.150000,425.537868908594,13
2024-09-20 11:17:19.170000,425.5451749046712,105
2024-09-20 11:17:19.185000,425.5464037386501,997
2024-09-20 11:17:19.283000,425.6008208085261,995
2024-09-20 11:17:19.303000,425.5411111192141,12
2024-09-20 11:17:19.320000,425.535930178746,10
2024-09-20 11:17:19.380000,425.5877647526573,5
2024-09-20 11:17:19.516000,425.5548612615829,99
2024-09-20 11:17:19.536000,425.5364933452179,1001
2024-09-20 11:17:19.553000,425.5850183277324,100
2024-09-20 11:17:19.628000,425.56364601659527,6
2024-09-20 11:17:19.638000,425.56123914857005,8
2024-09-20 11:17:19.664000,425.5807459310428,100
2024-09-20 11:17:19.715000,425.5511395699088,1003
2024-09-20 11:17:19.739000,425.554285995188,104
2024-09-20 11:17:19.875000,425.57391894240345,1004
2024-09-20 11:17:19.968000,425.5820984942285,1005
2024-09-20 11:17:20.411000,425.5474364381833,1000
2024-09-20 11:17:20.780000,425.5774195467794,1005
2024-09-20 11:17:20.791000,425.5561932221242,103
2024-09-20 11:17:20.859000,425.5801565130768,104
2024-09-20 11:17:21.030000,425.5092502951037,1005
2024-09-20 11:17:21.051000,425.5319411701696,6
2024-09-20 11:17:21.057000,425.5194358619222,101
2024-09-20 11:17:21.147000,425.5373059107169,1004
2024-09-20 11:17:21.215000,425.52706073505874,14
2024-09-20 11:17:21.407000,425.497107480817,15
2024-09-20 11:17:21.473000,425.5248343888098,102
2024-09-20 11:17:21.559000,425.4896216944084,997
2024-09-20 11:17:21.591000,425.4644301887939,1003
2024-09-20 11:17:21.597000,425.5107078059598,103
2024-09-20 11:17:21.632000,425.48029683194767,999
2024-09-20 11:17:21.658000,425.5016566038438,13
2024-09-20 11:17:21.678000,425.5147469046356,13
2024-09-20 11:17:21.693000,425.4810970469063,100
2024-09-20 11:17:21.741000,425.53419407754086,99
2024-09-20 11:17:21.747000,425.4938555044264,6
2024-09-20 11:17:21.757000,425.4906322564568,98
2024-09-20 11:17:21.914000,425.4700348695682,1004
2024-09-20 11:17:21.928000,425.5118470792305,105
2024-09-20 11:17:21.948000,425.522766784754,996
2024-09-20 11:17:22.054000,425.3431978997487,1003
2024-09-20 11:17:22.088000,425.3610661144487,104
2024-09-20 11:17:22.131000,425.325772215424,99
2024-09-20 11:17:22.183000,425.4408499492691,104
2024-09-20 11:17:22.190000,425.4869141363018,995
2024-09-20 11:17:22.216000,425.3717684164307,101
2024-09-20 11:17:22.219000,425.3862714746964,103
2024-09-20 11:17:22.241000,425.35430426552136,95
2024-09-20 11:17:22.242000,425.4631173423839,97
2024-09-20 11:17:22.258000,425.3256558758733,14
2024-09-20 11:17:22.258000,425.3344300035093,997
2024-09-20 11:17:22.272000,425.48513600789846,15
2024-09-20 11:17:22.303000,425.4284749624726,995
2024-09-20 11:17:22.306000,425.3355484467856,999
2024-09-20 11:17:22.375000,425.405610752868,10
2024-09-20 11:17:22.391000,425.3452528229415,1003
2024-09-20 11:17:22.522000,425.476600440388,995
2024-09-20 11:17:22.542000,425.33845476114,7
2024-09-20 11:17:22.626000,425.35167717373446,14
2024-09-20 11:17:22.678000,425.3617706979091,10
2024-09-20 11:17:22.680000,425.4712459067481,1005
2024-09-20 11:17:22.780000,425.47838186652416,104
2024-09-20 11:17:22.854000,425.4163104799511,105
2024-09-20 11:17:22.875000,425.4783320798804,101
2024-09-20 11:17:22.882000,425.4186991359706,998
2024-09-20 11:17:22.889000,425.474609288139,6
2024-09-20 11:17:23.073000,425.36047392986063,1000
2024-09-20 11:17:23.096000,425.3961717645896,996
2024-09-20 11:17:23.159000,425.3644338646926,103
2024-09-20 11:17:23.172000,425.33307701482494,99
2024-09-20 11:17:23.256000,425.3517131216708,14
2024-09-20 11:17:23.257000,425.3799271119865,997
2024-09-20 11:17:23.287000,425.3630112386432,998
2024-09-20 11:17:23.352000,425.3588681636056,101
2024-09-20 11:17:23.372000,425.3905139917685,14
2024-09-20 11:17:23.529000,425.3533745099387,101
2024-09-20 11:17:23.536000,425.3619359565725,1005
2024-09-20 11:17:23.565000,425.3292043786197,104
2024-09-20 11:17:23.590000,425.33921512276805,15
2024-09-20 11:17:23.612000,425.3610194587415,5
2024-09-20 11:17:23.646000,425.3629876214706,101
2024-09-20 11:17:23.822000,425.3704412240478,102
2024-09-20 11:17:23.833000,425.3557259958024,9
2024-09-20 11:17:23.918000,425.3648736705875,8
2024-09-20 11:17:23.928000,425.3384292367277,103
2024-09-20 11:17:23.978000,425.3604429740507,9
2024-09-20 11:17:23.986000,425.3882577330764,7
2024-09-20 11:17:25.233000,425.3799970670402,1005
2024-09-20 11:17:25.377000,425.38235786672817,7
2024-09-20 11:17:25.708000,425.4028721086531,1002
2024-09-20 11:17:25.733000,425.39491568236616,101
2024-09-20 11:17:25.754000,425.3673664646404,101
2024-09-20 11:17:25.756000,425.3866685395376,1005
2024-09-20 11:17:25.907000,425.373932761912,5
2024-09-20 11:17:25.966000,425.37894614315127,999
2024-09-20 11:17:26.212000,425.39509612318335,6
2024-09-20 11:17:26.695000,425.3844109366645,6
2024-09-20 11:17:27.049000,425.5212295086978,997
2024-09-20 11:17:27.154000,425.435341989389,6
2024-09-20 11:17:27.188000,425.4636535168684,998
2024-09-20 11:17:27.199000,425.4416801732114,1003
2024-09-20 11:17:27.206000,425.526577180266,104
2024-09-20 11:17:27.231000,425.4811440756595,103
2024-09-20 11:17:27.240000,425.49361865631255,1004
2024-09-20 11:17:27.297000,425.4370126155624,99
2024-09-20 11:17:27.332000,425.5013756988971,1003
2024-09-20 11:17:27.334000,425.5216632314472,999
2024-09-20 11:17:27.377000,425.5301309026374,95
2024-09-20 11:17:27.379000,425.4523424038404,1003
2024-09-20 11:17:27.397000,425.5390760321518,98
2024-09-20 11:17:27.514000,425.44859234023295,104
2024-09-20 11:17:27.536000,425.5249451054782,98
2024-09-20 11:17:27.558000,425.3930653480798,9
2024-09-20 11:17:27.654000,425.5176570575704,12
2024-09-20 11:17:27.655000,425.4219078305349,1005
2024-09-20 11:17:27.671000,425.46316750838565,1004
2024-09-20 11:17:27.723000,425.5184503685532,1004
2024-09-20 11:17:27.767000,425.4762718600036,996
2024-09-20 11:17:27.847000,425.4656523137116,995
2024-09-20 11:17:27.853000,425.4429447085725,1003
2024-09-20 11:17:27.866000,425.4662250519752,1003
2024-09-20 11:17:27.984000,425.51591787097016,13
2024-09-20 11:17:27.994000,425.5150592914763,1001
2024-09-20 11:17:28.079000,425.41774816956223,998
2024-09-20 11:17:28.095000,425.385537952203,7
2024-09-20 11:17:28.327000,425.4399317068658,96
2024-09-20 11:17:28.364000,425.3889105423853,999
2024-09-20 11:17:28.736000,425.4012420207636,7
2024-09-20 11:17:29.162000,425.39474516895154,15
2024-09-20 11:17:29.298000,425.38819040753725,101
2024-09-20 11:17:29.879000,425.39866519728537,14
2024-09-20 11:17:30.522000,425.3892537311482,104
2024-09-20 11:17:31.003000,425.3917622079776,1000
2024-09-20 11:17:31.068000,425.42525704619055,97
2024-09-20 11:17:31.083000,425.38290509779296,12
2024-09-20 11:17:31.092000,425.4201944860577,97
2024-09-20 11:17:31.143000,425.3924259836031,6
2024-09-20 11:17:31.184000,425.3978372688017,15
2024-09-20 11:17:31.204000,425.3849999818637,95
2024-09-20 11:17:31.207000,425.3921818265446,95
2024-09-20 11:17:31.326000,425.3335613453871,996
2024-09-20 11:17:31.341000,425.42951816295925,12
2024-09-20 11:17:31.362000,425.3988063012952,1002
2024-09-20 11:17:31.418000,425.4423105041472,11
2024-09-20 11:17:31.423000,425.38001594714825,12
2024-09-20 11:17:31.472000,425.3489419188002,100
2024-09-20 11:17:31.489000,425.4151277886988,103
2024-09-20 11:17:31.498000,425.4100102148535,1004
2024-09-20 11:17:31.553000,425.3752422543729,11
2024-09-20 11:17:31.582000,425.41194794275606,997
2024-09-20 11:17:31.585000,425.3842071775697,1005
2024-09-20 11:17:31.684000,425.3642266448541,95
2024-09-20 11:17:31.783000,425.380278015577,12
2024-09-20 11:17:31.788000,425.3408997921144,97
2024-09-20 11:17:31.791000,425.4024309650069,9
2024-09-20 11:17:31.812000,425.3598599945041,1002
2024-09-20 11:17:31.853000,425.3396670723732,96
2024-09-20 11:17:31.906000,425.3743347386516,1005
2024-09-20 11:17:31.925000,425.3956598174484,95
2024-09-20 11:17:31.931000,425.4078507344719,1005
2024-09-20 11:17:31.974000,425.30398558216575,6
2024-09-20 11:17:32.019000,425.3022147434799,1002
2024-09-20 11:17:32.049000,425.2981194930912,1005
2024-09-20 11:17:32.060000,425.2671519610177,1000
2024-09-20 11:17:32.094000,425.2898518187145,103
2024-09-20 11:17:32.119000,425.29305243404906,1005
2024-09-20 11:17:32.135000,425.24427916129423,105
2024-09-20 11:17:32.203000,425.3133921182573,105
2024-09-20 11:17:32.212000,425.2363067138953,97
2024-09-20 11:17:32.213000,425.2830838971704,13
2024-09-20 11:17:32.249000,425.2493407853576,101
2024-09-20 11:17:32.305000,425.26807908241926,105
2024-09-20 11:17:32.353000,425.3146747173515,1002
2024-09-20 11:17:32.393000,425.2712042566045,7
2024-09-20 11:17:32.499000,425.2993808430959,996
2024-09-20 11:17:32.514000,425.2430265777001,95
2024-09-20 11:17:32.518000,425.30793718453424,1004
2024-09-20 11:17:32.587000,425.3088773882218,1005
2024-09-20 11:17:32.634000,425.2803866676941,104
2024-09-20 11:17:32.747000,425.2598725532824,98
2024-09-20 11:17:32.766000,425.2946253745484,997
2024-09-20 11:17:32.799000,425.30310047956414,105
2024-09-20 11:17:32.841000,425.2458147959327,1004
2024-09-20 11:17:32.865000,425.2940579909509,11
2024-09-20 11:17:32.881000,425.2581755389468,996
2024-09-20 11:17:32.883000,425.2673663583014,14
2024-09-20 11:17:32.973000,425.22734920031417,11
2024-09-20 11:17:32.985000,425.27411644135685,97
2024-09-20 11:17:32.998000,425.28173094977546,996
2024-09-20 11:17:33.068000,425.2477230374582,11
2024-09-20 11:17:33.079000,425.2413613218538,1000
2024-09-20 11:17:33.117000,425.2902833505815,995
2024-09-20 11:17:33.123000,425.2958125015461,998
2024-09-20 11:17:33.213000,425.2488317557325,99
2024-09-20 11:17:33.258000,425.3161542661268,1001
2024-09-20 11:17:33.259000,425.2466049245152,6
2024-09-20 11:17:33.259000,425.2887902554136,104
2024-09-20 11:17:33.370000,425.2876169743881,98
2024-09-20 11:17:33.410000,425.35010927683993,11
2024-09-20 11:17:33.458000,425.2809948352453,7
2024-09-20 11:17:33.464000,425.2575524104199,99
2024-09-20 11:17:33.476000,425.3136085456394,998
2024-09-20 11:17:33.497000,425.32223225296747,11
2024-09-20 11:17:33.512000,425.2987071027536,995
2024-09-20 11:17:33.532000,425.3046134700653,5
2024-09-20 11:17:33.587000,425.27485226563846,98
2024-09-20 11:17:33.634000,425.302593237798,999
2024-09-20 11:17:33.655000,425.3097916363994,9
2024-09-20 11:17:33.682000,425.2860606363356,999
2024-09-20 11:17:33.704000,425.3338570743684,996
2024-09-20 11:17:33.826000,425.2827230082534,98
2024-09-20 11:17:33.848000,425.25989991674567,997
2024-09-20 11:17:33.862000,425.2778022481941,1003
2024-09-20 11:17:33.866000,425.3193349996845,1004
2024-09-20 11:17:33.868000,425.3357207324667,98
2024-09-20 11:17:33.881000,425.2330411893572,101
2024-09-20 11:17:33.910000,425.2524093745598,95
2024-09-20 11:17:33.974000,425.2313992651119,15
2024-09-20 11:17:34.302000,425.3404470148992,5
2024-09-20 11:17:34.421000,425.3488352635701,998
2024-09-20 11:17:34.428000,425.3514517903158,1000
2024-09-20 11:17:34.470000,425.3152214749005,97
2024-09-20 11:17:34.506000,425.3245196570997,98
2024-09-20 11:17:34.525000,425.3371209290489,996
2024-09-20 11:17:34.529000,425.3134022232455,100
2024-09-20 11:17:34.542000,425.33110036151993,10
2024-09-20 11:17:34.581000,425.3391295283079,8
2024-09-20 11:17:34.787000,425.3407543950695,101
2024-09-20 11:17:34.833000,425.33244875396434,999
2024-09-20 11:17:34.919000,425.3391061715483,5
2024-09-20 11:17:34.929000,425.32737217770506,998
2024-09-20 11:17:34.942000,425.3649752175423,1001
2024-09-20 11:17:35.002000,425.4230743958853,1001
2024-09-20 11:17:35.029000,425.4267644827885,11
2024-09-20 11:17:35.058000,425.3924341693532,997
2024-09-20 11:17:35.067000,425.3920714631744,996
2024-09-20 11:17:35.098000,425.4240747787608,101
2024-09-20 11:17:35.121000,425.3661488974645,995
2024-09-20 11:17:35.152000,425.40054978728,9
2024-09-20 11:17:35.182000,425.3711055170914,105
2024-09-20 11:17:35.200000,425.3844985119829,101
2024-09-20 11:17:35.249000,425.4166408863526,1002
2024-09-20 11:17:35.269000,425.4374545406973,995
2024-09-20 11:17:35.292000,425.38535019765146,103
2024-09-20 11:17:35.354000,425.4165641875466,98
2024-09-20 11:17:35.354000,425.4030197523177,103
2024-09-20 11:17:35.452000,425.45028939118856,100
2024-09-20 11:17:35.476000,425.4100524918569,7
2024-09-20 11:17:35.508000,425.3712030994887,995
2024-09-20 11:17:35.613000,425.40470229145205,6
2024-09-20 11:17:35.714000,425.4220503033517,6
2024-09-20 11:17:35.733000,425.3991212929737,97
2024-09-20 11:17:35.803000,425.3559123399045,8
2024-09-20 11:17:35.870000,425.4076627267588,95
2024-09-20 11:17:35.872000,425.36003770400487,96
2024-09-20 11:17:35.872000,425.4473270839143,5
2024-09-20 11:17:35.886000,425.4274616155667,6
2024-09-20 11:17:35.889000,425.40233184477984,10
2024-09-20 11:17:36.066000,425.37882366741775,100
2024-09-20 11:17:36.275000,425.38922868854615,100
2024-09-20 11:17:36.433000,425.3813989839669,9
2024-09-20 11:17:36.460000,425.38656684665705,5
2024-09-20 11:17:36.543000,425.3783531962444,11
2024-09-20 11:17:37.036000,425.455050181264,99
2024-09-20 11:17:37.089000,425.412349158741,1003
2024-09-20 11:17:37.116000,425.4457444237013,99
2024-09-20 11:17:37.158000,425.4154009502117,996
2024-09-20 11:17:37.269000,425.3896327953376,10
2024-09-20 11:17:37.285000,425.3890401031984,7
2024-09-20 11:17:37.322000,425.3887516974387,103
2024-09-20 11:17:37.330000,425.4329924620772,103
2024-09-20 11:17:37.429000,425.4115442849607,1000
2024-09-20 11:17:37.690000,425.411474292784,1000
2024-09-20 11:17:37.832000,425.3754401711521,105
2024-09-20 11:17:37.855000,425.4532213980344,995
2024-09-20 11:17:37.936000,425.3796689949388,96
2024-09-20 11:17:38.044000,425.3864118954011,1002
2024-09-20 11:17:38.560000,425.4381074407302,15
2024-09-20 11:17:38.699000,425.40329407802966,14
2024-09-20 11:17:38.742000,425.4020221946708,10
2024-09-20 11:17:38.818000,425.387995962677,11
2024-09-20 11:17:38.886000,425.4376441505108,101
2024-09-20 11:17:38.895000,425.404227168772,96
2024-09-20 11:17:38.897000,425.4140237633695,100
2024-09-20 11:17:38.927000,425.4504641075491,999
2024-09-20 11:17:39.012000,425.3940559560458,13
2024-09-20 11:17:39.020000,425.407676424577,11
2024-09-20 11:17:39.058000,425.4084864215152,1001
2024-09-20 11:17:39.147000,425.3994748776311,10
2024-09-20 11:17:39.158000,425.3935902593386,102
2024-09-20 11:17:39.178000,425.41447609416485,11
2024-09-20 11:17:39.190000,425.41383551310224,98
2024-09-20 11:17:39.207000,425.3768078869881,1004
2024-09-20 11:17:39.222000,425.4423660182768,95
2024-09-20 11:17:39.229000,425.3869698513639,1004
2024-09-20 11:17:39.244000,425.4153792029024,95
2024-09-20 11:17:39.319000,425.4184330376456,1001
2024-09-20 11:17:39.457000,425.4302533108453,1002
2024-09-20 11:17:39.497000,425.4166111098424,997
2024-09-20 11:17:39.497000,425.4152516753824,104
2024-09-20 11:17:39.676000,425.4094647561561,7
2024-09-20 11:17:39.763000,425.414780545528,11
2024-09-20 11:17:39.809000,425.3798507742893,10
2024-09-20 11:17:39.818000,425.4000084312207,105
2024-09-20 11:17:39.841000,425.3829995137485,15
2024-09-20 11:17:39.984000,425.4235900049816,1003
2024-09-20 11:17:39.995000,425.38335982908353,995
2024-09-20 11:17:40.230000,425.4152267265181,12
2024-09-20 11:17:40.303000,425.41742463154566,15
2024-09-20 11:17:40.797000,425.4122554332588,100
2024-09-20 11:17:41.091000,425.3397687953122,96
2024-09-20 11:17:41.101000,425.3609672420637,1001
2024-09-20 11:17:41.183000,425.36112668787325,13
2024-09-20 11:17:41.185000,425.3493880873961,1001
2024-09-20 11:17:41.215000,425.3339961006397,12
2024-09-20 11:17:41.262000,425.380102003416,998
2024-09-20 11:17:41.337000,425.4066186399417,1003
2024-09-20 11:17:41.355000,425.3353055218777,998
2024-09-20 11:17:41.360000,425.38109941366713,95
2024-09-20 11:17:41.432000,425.35983423456014,996
2024-09-20 11:17:41.453000,425.36413499753735,11
2024-09-20 11:17:41.464000,425.4183206559569,1001
2024-09-20 11:17:41.495000,425.3409307644743,1001
2024-09-20 11:17:41.538000,425.3382457774172,102
2024-09-20 11:17:41.591000,425.355419513293,1001
2024-09-20 11:17:41.622000,425.3403454748316,100
2024-09-20 11:17:41.660000,425.3787101096269,11
2024-09-20 11:17:41.738000,425.3475668262996,96
2024-09-20 11:17:41.768000,425.3227616220506,98
2024-09-20 11:17:41.792000,425.3219315812672,999
2024-09-20 11:17:41.811000,425.3712226883332,998
2024-09-20 11:17:41.856000,425.3691851312495,1004
2024-09-20 11:17:41.978000,425.3642698163232,97
2024-09-20 11:17:42.059000,425.3989230515475,996
2024-09-20 11:17:42.204000,425.3776633709471,1002
2024-09-20 11:17:42.279000,425.372548629472,1005
2024-09-20 11:17:42.351000,425.39841776583535,12
2024-09-20 11:17:42.478000,425.3824729592407,102
2024-09-20 11:17:42.812000,425.3776129037892,99
2024-09-20 11:17:43.054000,425.2928735762764,13
2024-09-20 11:17:43.092000,425.2988790320242,8
2024-09-20 11:17:43.126000,425.3274302526231,100
2024-09-20 11:17:43.240000,425.3176687957514,6
2024-09-20 11:17:43.302000,425.358853387797,101
2024-09-20 11:17:43.429000,425.3366508206833,12
2024-09-20 11:17:43.461000,425.3003941120492,11
2024-09-20 11:17:43.469000,425.31959441474817,996
2024-09-20 11:17:43.490000,425.3288131387523,11
2024-09-20 11:17:43.606000,425.3125769458384,7
2024-09-20 11:17:43.611000,425.3538170453614,101
2024-09-20 11:17:43.632000,425.3683450128386,997
2024-09-20 11:17:43.783000,425.314358413547,99
2024-09-20 11:17:43.909000,425.37097898755314,102
2024-09-20 11:17:43.955000,425.3726377156668,996
2024-09-20 11:17:43.966000,425.3356811998101,1005
2024-09-20 11:17:44.012000,425.3795960076258,6
2024-09-20 11:17:44.086000,425.3799522513518,101
2024-09-20 11:17:44.088000,425.3614175424759,97
2024-09-20 11:17:44.149000,425.3922211162776,15
2024-09-20 11:17:44.164000,425.3996531647589,1002
2024-09-20 11:17:44.314000,425.404072855212,9
2024-09-20 11:17:44.347000,425.3841219957418,12
2024-09-20 11:17:44.358000,425.3393771454995,6
2024-09-20 11:17:44.399000,425.3368564978456,1004
2024-09-20 11:17:44.417000,425.3775871017877,1004
2024-09-20 11:17:44.477000,425.41047748425416,99
2024-09-20 11:17:44.480000,425.3741602962807,95
2024-09-20 11:17:44.499000,425.37761575149983,96
2024-09-20 11:17:44.582000,425.3893527014821,7
2024-09-20 11:17:44.587000,425.3503834758772,98
2024-09-20 11:17:44.605000,425.3759774054507,103
2024-09-20 11:17:44.635000,425.3770142434957,6
2024-09-20 11:17:44.653000,425.3812078422705,1003
2024-09-20 11:17:44.694000,425.38211316473024,15
2024-09-20 11:17:44.716000,425.38990471240464,103
2024-09-20 11:17:44.720000,425.36694724797553,5
2024-09-20 11:17:44.732000,425.3737590357493,995
2024-09-20 11:17:44.766000,425.388324065128,105
2024-09-20 11:17:44.777000,425.3731792977935,10
2024-09-20 11:17:44.855000,425.3636823863766,98
2024-09-20 11:17:44.860000,425.3864360529645,95
2024-09-20 11:17:44.880000,425.37143626867805,6
2024-09-20 11:17:44.963000,425.3961854935354,996
2024-09-20 11:17:44.993000,425.3733993281924,997
2024-09-20 11:17:45.087000,425.3847387551282,12
2024-09-20 11:17:45.418000,425.3662137866064,104
2024-09-20 11:17:45.583000,425.3818217938034,1002
2024-09-20 11:17:45.768000,425.3817962793919,103
2024-09-20 11:17:46.011000,425.3537996469205,13
2024-09-20 11:17:46.096000,425.3762759168173,995
2024-09-20 11:17:46.266000,425.3509169228827,98
2024-09-20 11:17:46.338000,425.345807601681,1001
2024-09-20 11:17:46.399000,425.34674108024126,12
2024-09-20 11:17:46.450000,425.3537806867308,1003
2024-09-20 11:17:46.451000,425.3721722185927,13
2024-09-20 11:17:46.462000,425.3489955647933,104
2024-09-20 11:17:46.568000,425.364059693983,15
2024-09-20 11:17:46.729000,425.3655012438989,12
2024-09-20 11:17:46.746000,425.3697212105355,1001
2024-09-20 11:17:46.858000,425.3504402915383,97
2024-09-20 11:17:46.866000,425.3567654979874,1004
2024-09-20 11:17:47.045000,425.3908045142706,5
2024-09-20 11:17:47.113000,425.35239188130447,13
2024-09-20 11:17:47.186000,425.3897905378739,13
2024-09-20 11:17:47.205000,425.3634422442268,1000
2024-09-20 11:17:47.251000,425.3574564997928,7
2024-09-20 11:17:47.261000,425.3677422230547,103
2024-09-20 11:17:47.305000,425.3736577172761,997
2024-09-20 11:17:47.407000,425.3606589842892,14
2024-09-20 11:17:47.515000,425.3479774881645,5
2024-09-20 11:17:47.574000,425.3573230457155,98
2024-09-20 11:17:47.596000,425.3840858766325,99
2024-09-20 11:17:47.693000,425.3621990212519,12
2024-09-20 11:17:47.742000,425.3643630338913,1001
2024-09-20 11:17:47.773000,425.3710808116269,105
2024-09-20 11:17:47.842000,425.3734351293605,996
2024-09-20 11:17:48.304000,425.3629526101983,8
2024-09-20 11:17:48.324000,425.3619931196424,102
2024-09-20 11:17:48.372000,425.3541280023759,12
2024-09-20 11:17:48.471000,425.3502040740519,100
2024-09-20 11:17:48.499000,425.3376871019325,5
2024-09-20 11:17:48.522000,425.3599227057424,13
2024-09-20 11:17:48.822000,425.3570782200663,5
2024-09-20 11:17:49.011000,425.3516491508088,101
2024-09-20 11:17:49.092000,425.3474113835642,7
2024-09-20 11:17:49.202000,425.3239871848092,1004
2024-09-20 11:17:49.342000,425.3518217676246,1002
2024-09-20 11:17:49.358000,425.3402862541725,103
2024-09-20 11:17:49.462000,425.34105439445216,1005
2024-09-20 11:17:49.479000,425.3461729641833,6
2024-09-20 11:17:49.515000,425.3403511434188,105
2024-09-20 11:17:49.662000,425.3390072651373,8
2024-09-20 11:17:49.712000,425.3551977512949,96
2024-09-20 11:17:49.719000,425.34911774449,996
2024-09-20 11:17:49.724000,425.34243576026216,1002
2024-09-20 11:17:49.806000,425.34256292884544,1004
2024-09-20 11:17:49.953000,425.34279360730505,14
2024-09-20 11:17:50.459000,425.3224839668718,1001
2024-09-20 11:17:50.462000,425.3248980544121,1004
2024-09-20 11:17:50.639000,425.3127769668866,999
2024-09-20 11:17:50.657000,425.3327627680901,104
2024-09-20 11:17:51.013000,425.3227557353826,100
2024-09-20 11:17:51.113000,425.3810283117426,1002
2024-09-20 11:17:51.161000,425.3709161720445,95
2024-09-20 11:17:51.174000,425.3059001781297,1004
2024-09-20 11:17:51.175000,425.3672391303347,101
2024-09-20 11:17:51.265000,425.3049290048781,997
2024-09-20 11:17:51.328000,425.3622557096558,1002
2024-09-20 11:17:51.328000,425.3758904559797,98
2024-09-20 11:17:51.409000,425.3407742770365,998
2024-09-20 11:17:51.423000,425.3249622200948,96
2024-09-20 11:17:51.447000,425.3432928306033,98
2024-09-20 11:17:51.492000,425.3343909933903,1004
2024-09-20 11:17:51.567000,425.35551211058737,104
2024-09-20 11:17:51.582000,425.36528821725983,6
2024-09-20 11:17:51.588000,425.3732716791261,1002
2024-09-20 11:17:51.647000,425.3003623490314,105
2024-09-20 11:17:51.751000,425.3954207010066,14
2024-09-20 11:17:51.808000,425.3298412674391,1002
2024-09-20 11:17:51.808000,425.3243916104631,995
2024-09-20 11:17:51.828000,425.3399354623656,995
2024-09-20 11:17:51.839000,425.3602632537784,101
2024-09-20 11:17:51.968000,425.3232976776981,14
2024-09-20 11:17:51.989000,425.327456960071,96
2024-09-20 11:17:52.424000,425.3488020329107,1002
2024-09-20 11:17:52.516000,425.33858165508417,102
2024-09-20 11:17:52.653000,425.34955038865496,8
2024-09-20 11:17:52.683000,425.34285322571816,1004
2024-09-20 11:17:52.730000,425.3386278204023,6
2024-09-20 11:17:52.783000,425.3581841094712,1002
2024-09-20 11:17:52.790000,425.3551757509992,104
2024-09-20 11:17:52.863000,425.3424866060717,102
2024-09-20 11:17:52.881000,425.35661564166656,1005
2024-09-20 11:17:52.985000,425.34601388523487,104
2024-09-20 11:17:53.041000,425.40442877858897,1005
2024-09-20 11:17:53.048000,425.3810574212218,1004
2024-09-20 11:17:53.106000,425.3828927102367,100
2024-09-20 11:17:53.125000,425.39925004722215,1001
2024-09-20 11:17:53.126000,425.4019441426288,11
2024-09-20 11:17:53.141000,425.34513619932255,995
2024-09-20 11:17:53.256000,425.4020420501212,15
2024-09-20 11:17:53.256000,425.4390032362056,12
2024-09-20 11:17:53.270000,425.39223565740514,102
2024-09-20 11:17:53.297000,425.4317674158613,14
2024-09-20 11:17:53.300000,425.38214809205857,9
2024-09-20 11:17:53.365000,425.4058642343648,1005
2024-09-20 11:17:53.440000,425.38171698722925,996
2024-09-20 11:17:53.519000,425.4234098538014,5
2024-09-20 11:17:53.660000,425.4105320341909,5
2024-09-20 11:17:53.771000,425.4195339160956,6
2024-09-20 11:17:53.801000,425.3731077157465,103
2024-09-20 11:17:53.835000,425.4160324714483,100
2024-09-20 11:17:53.884000,425.4237569264629,1001
2024-09-20 11:17:53.922000,425.4081895514111,13
2024-09-20 11:17:53.929000,425.4153608390454,8
2024-09-20 11:17:54.612000,425.4179535663772,996
2024-09-20 11:17:56.021000,425.3676288887093,15
2024-09-20 11:17:56.030000,425.42238638534536,9
2024-09-20 11:17:56.039000,425.4066062349486,100
2024-09-20 11:17:56.091000,425.3435074954164,103
2024-09-20 11:17:56.205000,425.3472329495567,99
2024-09-20 11:17:56.297000,425.3947740014318,998
2024-09-20 11:17:56.303000,425.4035800893896,1002
2024-09-20 11:17:56.327000,425.3649777961114,96
2024-09-20 11:17:56.350000,425.3377839117649,999
2024-09-20 11:17:56.374000,425.38833676254734,1005
2024-09-20 11:17:56.392000,425.3438795952503,1001
2024-09-20 11:17:56.402000,425.3818545600485,96
2024-09-20 11:17:56.474000,425.3355630109587,100
2024-09-20 11:17:56.487000,425.42157486846696,997
2024-09-20 11:17:56.518000,425.3686703249567,99
2024-09-20 11:17:56.558000,425.3321650490623,99
2024-09-20 11:17:56.565000,425.3687140429798,1000
2024-09-20 11:17:56.592000,425.3718677731848,997
2024-09-20 11:17:56.608000,425.4064559701781,1001
2024-09-20 11:17:56.734000,425.3595586953754,102
2024-09-20 11:17:56.755000,425.389707140394,1004
2024-09-20 11:17:56.756000,425.374476713062,1003
2024-09-20 11:17:56.783000,425.3540116398773,101
2024-09-20 11:17:56.877000,425.3503991490082,1003
2024-09-20 11:17:56.900000,425.3485440991661,10
2024-09-20 11:17:56.905000,425.3780915441251,6
2024-09-20 11:17:57.059000,425.3551561818197,1003
2024-09-20 11:17:57.123000,425.3732646290399,995
2024-09-20 11:17:57.212000,425.3612294085854,104
2024-09-20 11:17:57.249000,425.3499124049608,8
2024-09-20 11:17:57.257000,425.3690908746789,97
2024-09-20 11:17:57.346000,425.3702898889605,14
2024-09-20 11:17:57.634000,425.34044913524826,101
2024-09-20 11:17:57.901000,425.3698617586131,95
2024-09-20 11:17:58.008000,425.3517952070106,102
2024-09-20 11:17:58.051000,425.3478902350419,104
2024-09-20 11:17:58.062000,425.3760901210215,95
2024-09-20 11:17:58.073000,425.3724682877612,15
2024-09-20 11:17:58.195000,425.3720252947088,8
2024-09-20 11:17:58.210000,425.3785106966328,15
2024-09-20 11:17:58.218000,425.37863011709663,997
2024-09-20 11:17:58.219000,425.362752624697,7
2024-09-20 11:17:58.242000,425.3530260662608,1004
2024-09-20 11:17:58.299000,425.37109193008826,13
2024-09-20 11:17:58.299000,425.3597514339654,9
2024-09-20 11:17:58.312000,425.3750074634031,105
2024-09-20 11:17:58.353000,425.3527966980391,6
2024-09-20 11:17:58.375000,425.3623659096193,8
2024-09-20 11:17:58.398000,425.3295121428746,12
2024-09-20 11:17:58.462000,425.3514639527291,7
2024-09-20 11:17:58.511000,425.36745716716,100
2024-09-20 11:17:58.674000,425.36473008542185,9
2024-09-20 11:17:58.684000,425.3305490409096,997
2024-09-20 11:17:58.691000,425.3477197926027,100
2024-09-20 11:17:58.784000,425.3804632044392,1000
2024-09-20 11:17:58.862000,425.3457404864344,997
2024-09-20 11:17:58.864000,425.3338807153238,6
2024-09-20 11:17:58.913000,425.3764145328418,995
2024-09-20 11:17:58.946000,425.3247911172242,7
2024-09-20 11:17:58.954000,425.3567110579076,6
2024-09-20 11:17:58.965000,425.3427930271039,995
2024-09-20 11:17:59.064000,425.366315870928,6
2024-09-20 11:17:59.078000,425.3789400399401,101
2024-09-20 11:17:59.672000,425.3587363473757,1004
2024-09-20 11:17:59.811000,425.374808345562,996
