Timestamp,Price,Size
2024-09-17 09:50:00.209000,415.6321659330255,8
2024-09-17 09:50:00.408000,415.6395195369186,5
2024-09-17 09:50:00.513000,415.63153793027465,1004
2024-09-17 09:50:00.585000,415.64576388084816,999
2024-09-17 09:50:00.663000,415.62830587616247,12
2024-09-17 09:50:01.003000,415.6233274706863,11
2024-09-17 09:50:01.021000,415.6469818302692,999
2024-09-17 09:50:01.067000,415.6564738946781,996
2024-09-17 09:50:01.068000,415.63700615807545,14
2024-09-17 09:50:01.092000,415.6366779916392,96
2024-09-17 09:50:01.135000,415.6415209763368,1001
2024-09-17 09:50:01.146000,415.671964854553,104
2024-09-17 09:50:01.203000,415.6499554462805,8
2024-09-17 09:50:01.252000,415.6219263690088,10
2024-09-17 09:50:01.260000,415.6306565357973,995
2024-09-17 09:50:01.295000,415.6256933505682,997
2024-09-17 09:50:01.363000,415.63510864000347,11
2024-09-17 09:50:01.376000,415.6665144873924,105
2024-09-17 09:50:01.519000,415.60662146729584,1001
2024-09-17 09:50:01.560000,415.6329584329512,97
2024-09-17 09:50:01.567000,415.6544397715783,10
2024-09-17 09:50:01.600000,415.6365510114784,9
2024-09-17 09:50:01.604000,415.6485731611766,1005
2024-09-17 09:50:01.631000,415.6252796502001,7
2024-09-17 09:50:01.730000,415.63023384901646,95
2024-09-17 09:50:01.800000,415.6140348025773,13
2024-09-17 09:50:01.875000,415.6800138606346,13
2024-09-17 09:50:01.876000,415.6403228895734,10
2024-09-17 09:50:01.945000,415.6300840593994,995
2024-09-17 09:50:02.021000,415.6401554683528,1005
2024-09-17 09:50:02.088000,415.65226444671606,13
2024-09-17 09:50:02.214000,415.65117438106944,996
2024-09-17 09:50:02.230000,415.6623062610792,102
2024-09-17 09:50:02.230000,415.6437561705391,6
2024-09-17 09:50:02.282000,415.6411403591986,995
2024-09-17 09:50:02.316000,415.6613853360465,13
2024-09-17 09:50:02.320000,415.6604022937603,7
2024-09-17 09:50:02.358000,415.63510657862594,1005
2024-09-17 09:50:02.420000,415.6270191875406,1003
2024-09-17 09:50:02.429000,415.6537842941727,1005
2024-09-17 09:50:02.554000,415.6551040877801,95
2024-09-17 09:50:02.584000,415.6416843402841,101
2024-09-17 09:50:02.630000,415.6433704889884,97
2024-09-17 09:50:02.722000,415.6696344055396,101
2024-09-17 09:50:02.744000,415.65275452454415,1001
2024-09-17 09:50:02.753000,415.6452761679033,15
2024-09-17 09:50:02.768000,415.6514735918742,8
2024-09-17 09:50:02.810000,415.6180208078989,998
2024-09-17 09:50:02.900000,415.6335701774118,99
2024-09-17 09:50:02.926000,415.6629720433999,10
2024-09-17 09:50:02.950000,415.6648981256788,8
2024-09-17 09:50:02.988000,415.65457471208646,105
2024-09-17 09:50:03.308000,415.65906176662776,8
2024-09-17 09:50:03.324000,415.6932460565196,98
2024-09-17 09:50:03.466000,415.6807387606522,13
2024-09-17 09:50:03.614000,415.679124866707,105
2024-09-17 09:50:03.638000,415.6742066009461,997
2024-09-17 09:50:03.681000,415.6828432091305,15
2024-09-17 09:50:03.843000,415.6725863550871,1005
2024-09-17 09:50:04.253000,415.6712408559667,1000
2024-09-17 09:50:05.165000,415.6519760945422,13
2024-09-17 09:50:05.239000,415.65998124431576,99
2024-09-17 09:50:05.538000,415.6397325911509,997
2024-09-17 09:50:06.035000,415.6185752418608,102
2024-09-17 09:50:06.257000,415.5863137402146,1004
2024-09-17 09:50:06.285000,415.6309132430438,104
2024-09-17 09:50:06.497000,415.6370384445992,103
2024-09-17 09:50:06.632000,415.6450642506357,15
2024-09-17 09:50:06.640000,415.6012838304261,14
2024-09-17 09:50:06.752000,415.6548208897405,12
2024-09-17 09:50:06.928000,415.582229093388,996
2024-09-17 09:50:07.062000,415.5932088616709,105
2024-09-17 09:50:07.155000,415.59886789523705,102
2024-09-17 09:50:07.174000,415.5601344108232,1005
2024-09-17 09:50:07.221000,415.5578944969035,1000
2024-09-17 09:50:07.338000,415.57710164052367,13
2024-09-17 09:50:07.456000,415.5796671538395,104
2024-09-17 09:50:07.573000,415.5553462272496,5
2024-09-17 09:50:07.596000,415.5978682990955,5
2024-09-17 09:50:07.670000,415.6020692979636,995
2024-09-17 09:50:07.735000,415.5882467619825,9
2024-09-17 09:50:07.824000,415.5701079381548,101
2024-09-17 09:50:07.857000,415.5969204355238,103
2024-09-17 09:50:07.922000,415.5836126263032,98
2024-09-17 09:50:08.001000,415.6210450556025,1001
2024-09-17 09:50:08.023000,415.72455242334496,8
2024-09-17 09:50:08.066000,415.6539736607404,102
2024-09-17 09:50:08.094000,415.6820695099353,1000
2024-09-17 09:50:08.101000,415.6773253925743,95
2024-09-17 09:50:08.119000,415.68952447033473,996
2024-09-17 09:50:08.170000,415.73994435193526,98
2024-09-17 09:50:08.188000,415.614973598931,10
2024-09-17 09:50:08.225000,415.7095558964028,1000
2024-09-17 09:50:08.263000,415.6936263729122,999
2024-09-17 09:50:08.350000,415.7191276836893,1005
2024-09-17 09:50:08.402000,415.68715509258953,14
2024-09-17 09:50:08.451000,415.6963375206628,100
2024-09-17 09:50:08.461000,415.70282651869087,98
2024-09-17 09:50:08.472000,415.6853287050356,15
2024-09-17 09:50:08.487000,415.7093937462527,14
2024-09-17 09:50:08.503000,415.740463027256,96
2024-09-17 09:50:08.531000,415.7350598215049,14
2024-09-17 09:50:08.622000,415.655648668922,1003
2024-09-17 09:50:08.627000,415.5952954225347,11
2024-09-17 09:50:08.706000,415.7063236987592,15
2024-09-17 09:50:08.715000,415.6271591022856,103
2024-09-17 09:50:08.748000,415.72610847659365,6
2024-09-17 09:50:08.766000,415.6774201620313,102
2024-09-17 09:50:08.799000,415.6119389112744,7
2024-09-17 09:50:08.810000,415.614112310804,1003
2024-09-17 09:50:08.814000,415.6899452731263,98
2024-09-17 09:50:08.880000,415.69677116011,998
2024-09-17 09:50:08.881000,415.7182321730156,98
2024-09-17 09:50:09.038000,415.6535250642951,100
2024-09-17 09:50:09.077000,415.70118756688873,12
2024-09-17 09:50:09.347000,415.6607858908095,5
2024-09-17 09:50:09.361000,415.67911728628303,998
2024-09-17 09:50:09.383000,415.675028780892,1004
2024-09-17 09:50:09.411000,415.6614690790792,95
2024-09-17 09:50:09.519000,415.6631563841495,13
2024-09-17 09:50:09.679000,415.6684117496864,105
2024-09-17 09:50:09.692000,415.6784444562642,11
2024-09-17 09:50:09.873000,415.72620645318847,101
2024-09-17 09:50:09.930000,415.73475864524,6
2024-09-17 09:50:09.967000,415.6526762930022,9
2024-09-17 09:50:10.026000,415.6697882566642,997
2024-09-17 09:50:10.157000,415.65629916545015,6
2024-09-17 09:50:10.192000,415.6964412970103,999
2024-09-17 09:50:10.242000,415.64444233394624,996
2024-09-17 09:50:10.312000,415.6503791752585,97
2024-09-17 09:50:10.344000,415.6876303263935,10
2024-09-17 09:50:10.380000,415.6493078004918,7
2024-09-17 09:50:10.515000,415.69224206552775,1001
2024-09-17 09:50:10.576000,415.7154067247533,1002
2024-09-17 09:50:10.736000,415.647642165382,9
2024-09-17 09:50:10.768000,415.66616552137504,6
2024-09-17 09:50:10.770000,415.648068762374,103
2024-09-17 09:50:10.771000,415.69884503791366,1000
2024-09-17 09:50:10.837000,415.6618847759314,1003
2024-09-17 09:50:10.841000,415.7129219621641,997
2024-09-17 09:50:10.862000,415.70800542972125,999
2024-09-17 09:50:10.899000,415.72460956035616,105
2024-09-17 09:50:10.901000,415.63875916527786,1000
2024-09-17 09:50:10.926000,415.6516645025419,95
2024-09-17 09:50:11.107000,415.71274609693,12
2024-09-17 09:50:11.216000,415.6717946124155,12
2024-09-17 09:50:11.262000,415.6861116849457,1002
2024-09-17 09:50:11.344000,415.7078780521905,1003
2024-09-17 09:50:11.737000,415.6982748742223,1005
2024-09-17 09:50:11.827000,415.7057283778527,103
2024-09-17 09:50:11.976000,415.7106415007454,7
2024-09-17 09:50:12.058000,415.6055865937565,105
2024-09-17 09:50:12.059000,415.6552823660277,13
2024-09-17 09:50:12.087000,415.67480886454337,13
2024-09-17 09:50:12.094000,415.6125880370315,7
2024-09-17 09:50:12.100000,415.66423319525234,95
2024-09-17 09:50:12.128000,415.6619474274746,8
2024-09-17 09:50:12.193000,415.6643082475289,105
2024-09-17 09:50:12.259000,415.6689678066827,5
2024-09-17 09:50:12.316000,415.67249295836416,11
2024-09-17 09:50:12.324000,415.6813200846848,95
2024-09-17 09:50:12.357000,415.6157516171261,6
2024-09-17 09:50:12.377000,415.6433158360968,1004
2024-09-17 09:50:12.412000,415.6026270329072,1003
2024-09-17 09:50:12.522000,415.6465641593963,100
2024-09-17 09:50:12.537000,415.6447908377036,103
2024-09-17 09:50:12.630000,415.62044467404206,5
2024-09-17 09:50:12.670000,415.6251625196352,100
2024-09-17 09:50:12.719000,415.66813537524223,1001
2024-09-17 09:50:12.720000,415.60874658837713,997
2024-09-17 09:50:12.735000,415.66341109097687,996
2024-09-17 09:50:12.771000,415.6456616161157,99
2024-09-17 09:50:12.820000,415.6422903188079,105
2024-09-17 09:50:12.837000,415.6423884755641,97
2024-09-17 09:50:12.874000,415.6145077159317,998
2024-09-17 09:50:13.024000,415.6682777816726,99
2024-09-17 09:50:13.031000,415.6666821433738,101
2024-09-17 09:50:13.032000,415.6464121008378,12
2024-09-17 09:50:13.128000,415.7024852422672,98
2024-09-17 09:50:13.136000,415.6687711191759,996
2024-09-17 09:50:13.143000,415.7133419548801,105
2024-09-17 09:50:13.260000,415.634883842756,99
2024-09-17 09:50:13.271000,415.711560825302,100
2024-09-17 09:50:13.283000,415.6348178258895,14
2024-09-17 09:50:13.287000,415.6581147148941,6
2024-09-17 09:50:13.346000,415.6585323936136,999
2024-09-17 09:50:13.364000,415.6982913658682,15
2024-09-17 09:50:13.435000,415.6557381618785,12
2024-09-17 09:50:13.466000,415.6523907282162,1002
2024-09-17 09:50:13.525000,415.6992382014011,7
2024-09-17 09:50:13.643000,415.7069689759595,13
2024-09-17 09:50:13.686000,415.6796982813351,1001
2024-09-17 09:50:13.692000,415.65973290582906,95
2024-09-17 09:50:13.694000,415.7000764454974,13
2024-09-17 09:50:13.719000,415.6734225709559,995
2024-09-17 09:50:13.749000,415.6593473576496,105
2024-09-17 09:50:13.801000,415.6695236527742,104
2024-09-17 09:50:13.810000,415.641855211149,102
2024-09-17 09:50:13.825000,415.6548148601584,100
2024-09-17 09:50:13.878000,415.6487811922085,998
2024-09-17 09:50:13.973000,415.6588886276365,996
2024-09-17 09:50:14.043000,415.6722479387466,97
2024-09-17 09:50:14.046000,415.6368832840988,13
2024-09-17 09:50:14.129000,415.62377504146434,6
2024-09-17 09:50:14.343000,415.591423319568,13
2024-09-17 09:50:14.436000,415.6424912226853,103
2024-09-17 09:50:14.459000,415.5701026203395,999
2024-09-17 09:50:14.481000,415.6231821975964,104
2024-09-17 09:50:14.503000,415.58410687075656,104
2024-09-17 09:50:14.578000,415.58466361795496,997
2024-09-17 09:50:14.662000,415.5940096122888,13
2024-09-17 09:50:14.725000,415.6300886143071,105
2024-09-17 09:50:14.814000,415.6139613777676,96
2024-09-17 09:50:14.841000,415.6297690960234,1004
2024-09-17 09:50:14.841000,415.6228528556089,8
2024-09-17 09:50:14.914000,415.6630638178846,995
2024-09-17 09:50:14.927000,415.6526548839202,97
2024-09-17 09:50:15.038000,415.6578352921328,1000
2024-09-17 09:50:15.114000,415.6687540873138,1000
2024-09-17 09:50:15.141000,415.6830575675905,1001
2024-09-17 09:50:15.281000,415.60135848187554,999
2024-09-17 09:50:15.336000,415.6561089956311,12
2024-09-17 09:50:15.348000,415.6422545746353,1005
2024-09-17 09:50:15.379000,415.7048099480336,996
2024-09-17 09:50:15.431000,415.6644226765061,97
2024-09-17 09:50:15.517000,415.5954844540571,98
2024-09-17 09:50:15.527000,415.6622053163374,97
2024-09-17 09:50:15.538000,415.6679208933903,15
2024-09-17 09:50:15.554000,415.61594359179526,1005
2024-09-17 09:50:15.583000,415.5796429102794,1002
2024-09-17 09:50:15.599000,415.646186433916,996
2024-09-17 09:50:15.772000,415.66226953817375,105
2024-09-17 09:50:15.851000,415.6076121344348,11
2024-09-17 09:50:15.892000,415.6981909242444,1002
2024-09-17 09:50:15.914000,415.6703369378982,8
2024-09-17 09:50:16.038000,415.7299113420645,997
2024-09-17 09:50:16.105000,415.7813257642494,101
2024-09-17 09:50:16.185000,415.7041420454088,98
2024-09-17 09:50:16.254000,415.75673498972594,5
2024-09-17 09:50:16.265000,415.763824865586,997
2024-09-17 09:50:16.394000,415.7013317216424,9
2024-09-17 09:50:16.483000,415.7201661519978,6
2024-09-17 09:50:16.502000,415.7114955784628,1003
2024-09-17 09:50:16.545000,415.7080647453741,14
2024-09-17 09:50:16.684000,415.69227016686455,96
2024-09-17 09:50:16.687000,415.724503845993,13
2024-09-17 09:50:16.753000,415.7053699978614,14
2024-09-17 09:50:16.755000,415.6953877258347,11
2024-09-17 09:50:16.778000,415.7472981957573,997
2024-09-17 09:50:16.805000,415.761830215725,1003
2024-09-17 09:50:16.811000,415.71151761960107,5
2024-09-17 09:50:16.821000,415.7100736303752,97
2024-09-17 09:50:16.858000,415.713241949174,7
2024-09-17 09:50:16.866000,415.7114326951432,1002
2024-09-17 09:50:16.877000,415.71364118331735,996
2024-09-17 09:50:16.903000,415.696686665969,105
2024-09-17 09:50:16.918000,415.7886161223565,101
2024-09-17 09:50:16.963000,415.74102414781936,12
2024-09-17 09:50:16.981000,415.7545541437665,10
2024-09-17 09:50:17.019000,415.71668845658434,996
2024-09-17 09:50:17.054000,415.7175395717636,1003
2024-09-17 09:50:17.233000,415.73339917279975,102
2024-09-17 09:50:17.263000,415.7529242922545,11
2024-09-17 09:50:17.292000,415.750039866029,10
2024-09-17 09:50:17.310000,415.7591529657223,10
2024-09-17 09:50:17.369000,415.7477406321058,95
2024-09-17 09:50:17.504000,415.7346326997568,14
2024-09-17 09:50:17.570000,415.7852386335844,102
2024-09-17 09:50:17.577000,415.7407265599864,1000
2024-09-17 09:50:17.823000,415.73765449809287,1002
2024-09-17 09:50:17.837000,415.77277870577655,102
2024-09-17 09:50:17.929000,415.7191939264161,1001
2024-09-17 09:50:17.948000,415.72548368398753,98
2024-09-17 09:50:17.970000,415.7653093915049,7
2024-09-17 09:50:18.124000,415.7471767188965,1000
2024-09-17 09:50:18.310000,415.7672674089131,13
2024-09-17 09:50:18.384000,415.7980315293212,1003
2024-09-17 09:50:18.430000,415.7538151363868,997
2024-09-17 09:50:18.761000,415.7674488570484,998
2024-09-17 09:50:18.764000,415.7722843363816,97
2024-09-17 09:50:18.856000,415.7627640498954,100
2024-09-17 09:50:18.941000,415.7824563425996,996
2024-09-17 09:50:18.954000,415.7913399474937,101
2024-09-17 09:50:18.958000,415.7760060296008,5
2024-09-17 09:50:19.061000,415.75780000068113,97
2024-09-17 09:50:19.264000,415.7651059292213,13
2024-09-17 09:50:19.372000,415.7430946068436,999
2024-09-17 09:50:19.465000,415.755109505914,104
2024-09-17 09:50:19.571000,415.7629973829029,1001
2024-09-17 09:50:19.665000,415.7642882779791,14
2024-09-17 09:50:19.666000,415.7732956458179,995
2024-09-17 09:50:19.685000,415.7760275241848,95
2024-09-17 09:50:19.915000,415.7412767486697,1002
2024-09-17 09:50:20.173000,415.77411416374855,8
2024-09-17 09:50:20.293000,415.7605892251077,7
2024-09-17 09:50:20.314000,415.7606777369282,996
2024-09-17 09:50:20.424000,415.78433402503487,101
2024-09-17 09:50:20.625000,415.7594342459395,12
2024-09-17 09:50:20.730000,415.74392005448,1004
2024-09-17 09:50:20.911000,415.7524123148064,103
2024-09-17 09:50:22.281000,415.73651346703735,102
2024-09-17 09:50:22.300000,415.73101755193295,12
2024-09-17 09:50:22.341000,415.7730875280296,11
2024-09-17 09:50:22.476000,415.7646665642177,1001
2024-09-17 09:50:22.528000,415.7692309059559,999
2024-09-17 09:50:22.581000,415.74884027349583,95
2024-09-17 09:50:22.658000,415.7295859027872,1002
2024-09-17 09:50:22.804000,415.7219813738777,999
2024-09-17 09:50:22.859000,415.73140665683934,12
2024-09-17 09:50:23,415.7669765036175,996
2024-09-17 09:50:23.023000,415.8062961801366,98
2024-09-17 09:50:23.105000,415.7911429234671,9
2024-09-17 09:50:23.128000,415.7773865855289,999
2024-09-17 09:50:23.166000,415.8348291870645,14
2024-09-17 09:50:23.286000,415.8345079753025,105
2024-09-17 09:50:23.320000,415.8487455807351,14
2024-09-17 09:50:23.340000,415.8562031725057,9
2024-09-17 09:50:23.342000,415.7982550859241,1002
2024-09-17 09:50:23.350000,415.7858518490383,98
2024-09-17 09:50:23.354000,415.8230316100979,995
2024-09-17 09:50:23.367000,415.86401061116607,11
2024-09-17 09:50:23.420000,415.8383293948672,995
2024-09-17 09:50:23.432000,415.8393562968767,8
2024-09-17 09:50:23.455000,415.8553522981154,13
2024-09-17 09:50:23.471000,415.86659275029376,1005
2024-09-17 09:50:23.478000,415.8291031949,1004
2024-09-17 09:50:23.500000,415.7799135654558,100
2024-09-17 09:50:23.580000,415.790202787985,97
2024-09-17 09:50:23.623000,415.8324180603176,1001
2024-09-17 09:50:23.631000,415.8422556411567,6
2024-09-17 09:50:23.642000,415.83612188888367,13
2024-09-17 09:50:23.665000,415.7852946455952,102
2024-09-17 09:50:23.677000,415.8515081145629,99
2024-09-17 09:50:23.718000,415.7698190842748,1002
2024-09-17 09:50:23.813000,415.7621564258046,105
2024-09-17 09:50:23.825000,415.7531389645079,99
2024-09-17 09:50:23.829000,415.79367186852176,12
2024-09-17 09:50:23.843000,415.85089163706334,12
2024-09-17 09:50:24.027000,415.8633285426228,14
2024-09-17 09:50:24.255000,415.89087096688667,96
2024-09-17 09:50:24.318000,415.91868368522034,995
2024-09-17 09:50:24.424000,415.9174210984613,14
2024-09-17 09:50:24.474000,415.89872320462354,12
2024-09-17 09:50:24.529000,415.8583672649888,8
2024-09-17 09:50:24.554000,415.8659800980434,15
2024-09-17 09:50:24.619000,415.8722412009407,101
2024-09-17 09:50:24.631000,415.8786538535575,999
2024-09-17 09:50:24.692000,415.891839513862,1000
2024-09-17 09:50:24.706000,415.9068304448432,998
2024-09-17 09:50:24.732000,415.9132254345405,1005
2024-09-17 09:50:24.750000,415.8797950434965,98
2024-09-17 09:50:24.797000,415.90898809503454,102
2024-09-17 09:50:24.799000,415.89507849937297,1005
2024-09-17 09:50:24.860000,415.8897255184264,9
2024-09-17 09:50:24.942000,415.894404656155,6
2024-09-17 09:50:25.308000,415.8785811130434,95
2024-09-17 09:50:25.716000,415.873442730509,6
2024-09-17 09:50:26.168000,415.9144815102399,14
2024-09-17 09:50:26.208000,415.9259979826221,1003
2024-09-17 09:50:26.236000,415.9090815711651,1003
2024-09-17 09:50:26.293000,415.9162942999239,95
2024-09-17 09:50:26.336000,415.8744220519228,104
2024-09-17 09:50:26.350000,415.87391699365554,5
2024-09-17 09:50:26.374000,415.8616415700912,100
2024-09-17 09:50:26.402000,415.8826694462402,10
2024-09-17 09:50:26.420000,415.8756707522184,8
2024-09-17 09:50:26.437000,415.9039811264956,1005
2024-09-17 09:50:26.552000,415.8663798889334,104
2024-09-17 09:50:26.561000,415.8922573542538,995
2024-09-17 09:50:26.565000,415.8772501869117,1004
2024-09-17 09:50:26.587000,415.869133433605,999
2024-09-17 09:50:26.630000,415.8755575994042,11
2024-09-17 09:50:26.647000,415.90395442872045,100
2024-09-17 09:50:26.652000,415.8810561144809,95
2024-09-17 09:50:26.672000,415.8594546770888,9
2024-09-17 09:50:26.682000,415.8860945314494,101
2024-09-17 09:50:26.699000,415.9209205379805,6
2024-09-17 09:50:26.719000,415.88535834117727,10
2024-09-17 09:50:26.736000,415.8872388105613,7
2024-09-17 09:50:26.763000,415.8933188340575,100
2024-09-17 09:50:26.808000,415.8933906499223,101
2024-09-17 09:50:26.878000,415.9065452293579,101
2024-09-17 09:50:26.937000,415.9046429446994,1000
2024-09-17 09:50:26.946000,415.889453980006,15
2024-09-17 09:50:27.102000,415.8602243250848,13
2024-09-17 09:50:27.103000,415.8997747466116,998
2024-09-17 09:50:27.225000,415.908885135138,995
2024-09-17 09:50:27.231000,415.878164137149,12
2024-09-17 09:50:27.290000,415.8690285392007,6
2024-09-17 09:50:27.570000,415.8911081426838,103
2024-09-17 09:50:27.637000,415.8871271864069,15
2024-09-17 09:50:27.651000,415.896096480744,105
2024-09-17 09:50:27.713000,415.8981407983696,7
2024-09-17 09:50:27.827000,415.88457380544986,97
2024-09-17 09:50:28.093000,415.8296917729427,998
2024-09-17 09:50:28.184000,415.8659589561343,104
2024-09-17 09:50:28.229000,415.8789985409051,10
2024-09-17 09:50:28.246000,415.8729305437859,995
2024-09-17 09:50:28.337000,415.8656202925169,101
2024-09-17 09:50:28.375000,415.8779478907804,98
2024-09-17 09:50:28.441000,415.856000860496,1005
2024-09-17 09:50:28.555000,415.89320759416455,997
2024-09-17 09:50:28.575000,415.8387578112196,98
2024-09-17 09:50:28.624000,415.8585428983736,5
2024-09-17 09:50:28.706000,415.8740068820158,100
2024-09-17 09:50:28.748000,415.87341671532846,101
2024-09-17 09:50:28.775000,415.9132485970045,8
2024-09-17 09:50:28.793000,415.8473559601951,996
2024-09-17 09:50:28.825000,415.8921551682996,95
2024-09-17 09:50:28.870000,415.8951685126927,103
2024-09-17 09:50:28.888000,415.8714412375959,98
2024-09-17 09:50:29.294000,415.8406316482472,14
2024-09-17 09:50:29.611000,415.8566803737876,102
2024-09-17 09:50:30.399000,415.8790767745184,101
2024-09-17 09:50:30.437000,415.85176861213967,1002
2024-09-17 09:50:30.455000,415.8768429365506,12
2024-09-17 09:50:30.504000,415.8850457125815,98
2024-09-17 09:50:30.868000,415.8867125166565,105
2024-09-17 09:50:30.899000,415.8569108518781,1000
2024-09-17 09:50:31.006000,415.9041281044287,1003
2024-09-17 09:50:31.069000,415.8839376009024,7
2024-09-17 09:50:31.096000,415.8823332299512,999
2024-09-17 09:50:31.099000,415.8833921756889,6
2024-09-17 09:50:31.129000,415.8786917788185,1001
2024-09-17 09:50:31.137000,415.9055416033765,15
2024-09-17 09:50:31.160000,415.86155524933,11
2024-09-17 09:50:31.160000,415.8984410339689,1000
2024-09-17 09:50:31.167000,415.8780732472081,6
2024-09-17 09:50:31.246000,415.87129978114297,102
2024-09-17 09:50:31.286000,415.9015614944556,7
2024-09-17 09:50:31.389000,415.8657950064341,95
2024-09-17 09:50:31.533000,415.8603717593368,103
2024-09-17 09:50:31.546000,415.8963001328536,97
2024-09-17 09:50:31.555000,415.890080573632,1002
2024-09-17 09:50:31.563000,415.8877271881513,95
2024-09-17 09:50:31.563000,415.91120706341337,95
2024-09-17 09:50:31.586000,415.8684789498808,999
2024-09-17 09:50:31.670000,415.88249119531673,998
2024-09-17 09:50:31.712000,415.8570034397871,9
2024-09-17 09:50:31.789000,415.9029857750512,96
2024-09-17 09:50:31.821000,415.9005759849844,1000
2024-09-17 09:50:31.866000,415.8564721649454,5
2024-09-17 09:50:31.936000,415.8776983960653,104
2024-09-17 09:50:31.951000,415.8553136847381,6
2024-09-17 09:50:31.980000,415.8575918416536,100
2024-09-17 09:50:32.006000,415.8207721333524,99
2024-09-17 09:50:32.026000,415.8142223795496,7
2024-09-17 09:50:32.062000,415.81090209565394,1002
2024-09-17 09:50:32.151000,415.8495317004221,99
2024-09-17 09:50:32.177000,415.7911662245468,6
2024-09-17 09:50:32.224000,415.78594012739177,101
2024-09-17 09:50:32.360000,415.8269967853086,14
2024-09-17 09:50:32.381000,415.8081527422577,999
2024-09-17 09:50:32.417000,415.84634661375367,104
2024-09-17 09:50:32.456000,415.8348712280605,997
2024-09-17 09:50:32.468000,415.8235925006169,100
2024-09-17 09:50:32.475000,415.8108135402623,101
2024-09-17 09:50:32.484000,415.8329203684824,103
2024-09-17 09:50:32.493000,415.8372838305023,105
2024-09-17 09:50:32.566000,415.7895206995044,103
2024-09-17 09:50:32.662000,415.8026747191117,1002
2024-09-17 09:50:32.710000,415.80673842373466,97
2024-09-17 09:50:32.760000,415.8119262017755,99
2024-09-17 09:50:32.798000,415.8144704200233,997
2024-09-17 09:50:32.814000,415.8141598744199,1000
2024-09-17 09:50:32.822000,415.814712854043,96
2024-09-17 09:50:32.829000,415.8474624283161,102
2024-09-17 09:50:32.834000,415.80135114451934,15
2024-09-17 09:50:32.983000,415.8228723177876,15
2024-09-17 09:50:33.007000,415.7959068262372,5
2024-09-17 09:50:33.077000,415.7931635550547,104
2024-09-17 09:50:33.114000,415.7897812898647,104
2024-09-17 09:50:33.153000,415.7887358134821,998
2024-09-17 09:50:33.174000,415.7996825242504,5
2024-09-17 09:50:33.235000,415.7951553627195,9
2024-09-17 09:50:33.302000,415.7986429426379,13
2024-09-17 09:50:33.355000,415.7648291734754,998
2024-09-17 09:50:33.478000,415.7778760729929,104
2024-09-17 09:50:33.483000,415.77623226659694,14
2024-09-17 09:50:33.516000,415.7941561346101,1001
2024-09-17 09:50:33.659000,415.7840888595309,8
2024-09-17 09:50:33.718000,415.78748360324914,1005
2024-09-17 09:50:33.739000,415.7856613095952,99
2024-09-17 09:50:33.739000,415.8056107508455,103
2024-09-17 09:50:33.752000,415.816859347094,13
2024-09-17 09:50:33.807000,415.77792752990126,96
2024-09-17 09:50:33.811000,415.8080747018117,100
2024-09-17 09:50:33.815000,415.8154640064072,997
2024-09-17 09:50:33.836000,415.7554540591196,1002
2024-09-17 09:50:33.849000,415.7855628315551,104
2024-09-17 09:50:33.854000,415.80695254729,15
2024-09-17 09:50:33.855000,415.81091037848086,996
2024-09-17 09:50:33.880000,415.7925297811906,103
2024-09-17 09:50:33.883000,415.7640661464559,1001
2024-09-17 09:50:33.920000,415.7683404140636,7
2024-09-17 09:50:33.966000,415.7930101816553,104
2024-09-17 09:50:34.057000,415.80239659420994,995
2024-09-17 09:50:34.157000,415.8044283686392,15
2024-09-17 09:50:34.219000,415.806361849027,11
2024-09-17 09:50:34.241000,415.7861792522745,99
2024-09-17 09:50:34.254000,415.8043637711232,96
2024-09-17 09:50:34.324000,415.8133928066671,11
2024-09-17 09:50:34.383000,415.80720819647854,1005
2024-09-17 09:50:34.383000,415.8054574007983,998
2024-09-17 09:50:34.539000,415.7781865146462,6
2024-09-17 09:50:34.766000,415.79956997384295,999
2024-09-17 09:50:34.767000,415.8173676108222,103
2024-09-17 09:50:34.901000,415.7892676879695,1000
2024-09-17 09:50:34.903000,415.7936388306567,15
2024-09-17 09:50:35.073000,415.80399116380255,1000
2024-09-17 09:50:35.130000,415.8101148989565,103
2024-09-17 09:50:35.190000,415.828904675734,6
2024-09-17 09:50:35.713000,415.8002520326816,1002
2024-09-17 09:50:35.880000,415.803094689918,8
2024-09-17 09:50:36.051000,415.80543787738674,1005
2024-09-17 09:50:36.086000,415.7833112731937,99
2024-09-17 09:50:36.212000,415.80972481716975,97
2024-09-17 09:50:36.218000,415.7838824365744,15
2024-09-17 09:50:36.279000,415.7816375964555,100
2024-09-17 09:50:36.455000,415.7943119000719,13
2024-09-17 09:50:36.469000,415.8015635649741,9
2024-09-17 09:50:36.529000,415.7943811693413,100
2024-09-17 09:50:36.563000,415.7896090998796,995
2024-09-17 09:50:36.598000,415.8102387436849,13
2024-09-17 09:50:36.721000,415.7852173543279,100
2024-09-17 09:50:36.823000,415.7895776374157,10
2024-09-17 09:50:36.862000,415.79284396890944,8
2024-09-17 09:50:36.876000,415.7816610932367,103
2024-09-17 09:50:37.181000,415.8069337486588,9
2024-09-17 09:50:37.187000,415.8310824561839,102
2024-09-17 09:50:37.271000,415.82437747588335,7
2024-09-17 09:50:37.363000,415.8002242087827,6
2024-09-17 09:50:37.441000,415.8241945597608,98
2024-09-17 09:50:37.542000,415.8191751232801,10
2024-09-17 09:50:37.749000,415.815005195876,13
2024-09-17 09:50:37.773000,415.816611363441,9
2024-09-17 09:50:37.818000,415.78754944127286,5
2024-09-17 09:50:37.822000,415.8374843210761,995
2024-09-17 09:50:37.872000,415.8369684181434,14
2024-09-17 09:50:37.958000,415.81188963060816,103
2024-09-17 09:50:37.966000,415.8062898888308,7
2024-09-17 09:50:38.177000,415.8365947013618,13
2024-09-17 09:50:38.457000,415.8291170183873,102
2024-09-17 09:50:38.678000,415.8567289835917,102
2024-09-17 09:50:38.679000,415.8372416024191,1004
2024-09-17 09:50:38.872000,415.8829975179454,104
2024-09-17 09:50:38.938000,415.8370070460086,99
2024-09-17 09:50:39.159000,415.8165606329116,1004
2024-09-17 09:50:39.605000,415.8151637666316,102
2024-09-17 09:50:39.670000,415.8365242545305,14
2024-09-17 09:50:39.677000,415.83235772627125,105
2024-09-17 09:50:39.788000,415.8315248419819,7
2024-09-17 09:50:39.871000,415.82632123383166,8
2024-09-17 09:50:39.901000,415.84424558917766,6
2024-09-17 09:50:39.934000,415.84110536564015,1001
2024-09-17 09:50:39.937000,415.8351959225454,105
2024-09-17 09:50:40.073000,415.8584235681152,997
2024-09-17 09:50:40.132000,415.8398193256546,999
2024-09-17 09:50:40.216000,415.8415452519811,1002
2024-09-17 09:50:40.296000,415.8430086878859,12
2024-09-17 09:50:40.299000,415.8867688793261,997
2024-09-17 09:50:40.424000,415.8759570309231,9
2024-09-17 09:50:40.450000,415.8358900331426,103
2024-09-17 09:50:40.482000,415.84980008582346,101
2024-09-17 09:50:40.576000,415.8651050075537,9
2024-09-17 09:50:40.649000,415.8819111985434,11
2024-09-17 09:50:40.796000,415.8175881515635,1003
2024-09-17 09:50:40.929000,415.8787968715456,14
2024-09-17 09:50:40.946000,415.7992684529455,6
2024-09-17 09:50:41.016000,415.8359734982204,996
2024-09-17 09:50:41.052000,415.78463527359753,14
2024-09-17 09:50:41.136000,415.7975171521071,1003
2024-09-17 09:50:41.138000,415.79280103534506,1002
2024-09-17 09:50:41.140000,415.8111323477259,995
2024-09-17 09:50:41.184000,415.8317484773126,105
2024-09-17 09:50:41.239000,415.8041182422475,101
2024-09-17 09:50:41.255000,415.81242477439866,1000
2024-09-17 09:50:41.271000,415.8086527655103,99
2024-09-17 09:50:41.272000,415.8060923267199,1003
2024-09-17 09:50:41.343000,415.8066024218077,14
2024-09-17 09:50:41.378000,415.7876432767293,7
2024-09-17 09:50:41.388000,415.7923657552815,10
2024-09-17 09:50:41.411000,415.8252817298602,9
2024-09-17 09:50:41.442000,415.7890013871006,1002
2024-09-17 09:50:41.465000,415.8302827685736,15
2024-09-17 09:50:41.511000,415.8434308540368,6
2024-09-17 09:50:41.529000,415.8073953221781,12
2024-09-17 09:50:41.543000,415.7763594166953,995
2024-09-17 09:50:41.561000,415.8167346183248,1000
2024-09-17 09:50:41.580000,415.8216707840715,1000
2024-09-17 09:50:41.642000,415.7939971559596,1001
2024-09-17 09:50:41.683000,415.8237303741002,998
2024-09-17 09:50:41.800000,415.807967397979,997
2024-09-17 09:50:41.808000,415.7981886321697,13
2024-09-17 09:50:41.857000,415.8105793969418,9
2024-09-17 09:50:41.864000,415.785262906317,1000
2024-09-17 09:50:41.878000,415.8270272960719,1000
2024-09-17 09:50:41.932000,415.79559080992567,1005
2024-09-17 09:50:41.948000,415.8111813314644,13
2024-09-17 09:50:42.014000,415.7080719955446,6
2024-09-17 09:50:42.045000,415.65382835852336,5
2024-09-17 09:50:42.051000,415.6454107344731,1001
2024-09-17 09:50:42.212000,415.7963562309746,1003
2024-09-17 09:50:42.221000,415.76891873905015,995
2024-09-17 09:50:42.222000,415.6440090183952,10
2024-09-17 09:50:42.246000,415.7561816030505,10
2024-09-17 09:50:42.252000,415.7368066506449,1001
2024-09-17 09:50:42.310000,415.7069046151621,995
2024-09-17 09:50:42.367000,415.7117782573378,103
2024-09-17 09:50:42.377000,415.7766299218045,7
2024-09-17 09:50:42.378000,415.76049993055386,95
2024-09-17 09:50:42.379000,415.6631903134827,14
2024-09-17 09:50:42.419000,415.6665445804777,97
2024-09-17 09:50:42.421000,415.6486675953324,1005
2024-09-17 09:50:42.479000,415.66483133416114,104
2024-09-17 09:50:42.488000,415.74770567976407,13
2024-09-17 09:50:42.588000,415.660738653986,102
2024-09-17 09:50:42.626000,415.7596356922974,103
2024-09-17 09:50:42.747000,415.6786438682177,101
2024-09-17 09:50:42.797000,415.6888599390051,105
2024-09-17 09:50:42.821000,415.714993205612,97
2024-09-17 09:50:42.824000,415.6954557158165,12
2024-09-17 09:50:42.850000,415.6512700084584,1000
2024-09-17 09:50:42.870000,415.7175836401353,13
2024-09-17 09:50:42.879000,415.7239555315052,104
2024-09-17 09:50:42.948000,415.65931979750775,998
2024-09-17 09:50:43.106000,415.67925696539606,13
2024-09-17 09:50:43.138000,415.6565210973104,9
2024-09-17 09:50:43.206000,415.693033083516,15
2024-09-17 09:50:43.376000,415.65345967667264,15
2024-09-17 09:50:43.508000,415.66438791593646,11
2024-09-17 09:50:43.637000,415.6642029029759,102
2024-09-17 09:50:43.682000,415.6558094354357,101
2024-09-17 09:50:43.817000,415.6565195513974,1000
2024-09-17 09:50:43.920000,415.65281656936816,7
2024-09-17 09:50:44.003000,415.72577595883314,1002
2024-09-17 09:50:44.060000,415.812746824153,1003
2024-09-17 09:50:44.096000,415.73969929611616,13
2024-09-17 09:50:44.144000,415.7079222692848,1004
2024-09-17 09:50:44.173000,415.79550859286303,1005
2024-09-17 09:50:44.185000,415.8211945181267,10
2024-09-17 09:50:44.188000,415.7080363725974,6
2024-09-17 09:50:44.261000,415.7842180470879,96
2024-09-17 09:50:44.277000,415.7267273802394,1001
2024-09-17 09:50:44.282000,415.7921155299366,99
2024-09-17 09:50:44.306000,415.795339419884,105
2024-09-17 09:50:44.377000,415.7973458419224,11
2024-09-17 09:50:44.610000,415.8165571073408,1000
2024-09-17 09:50:44.632000,415.7600114898631,8
2024-09-17 09:50:44.676000,415.7169704517271,999
2024-09-17 09:50:44.717000,415.80940556929227,1003
2024-09-17 09:50:44.794000,415.8218428354511,998
2024-09-17 09:50:44.794000,415.8107386443129,100
2024-09-17 09:50:44.903000,415.79423801572153,15
2024-09-17 09:50:44.938000,415.82184224418535,104
2024-09-17 09:50:44.957000,415.71565889351416,997
2024-09-17 09:50:45.003000,415.82351842585166,96
2024-09-17 09:50:45.044000,415.8205991190868,5
2024-09-17 09:50:45.084000,415.81874139492857,103
2024-09-17 09:50:45.158000,415.77061154554576,13
2024-09-17 09:50:45.215000,415.8044367961696,1001
2024-09-17 09:50:45.244000,415.76797998237697,96
2024-09-17 09:50:45.266000,415.8194148487348,104
2024-09-17 09:50:45.392000,415.8026209249703,97
2024-09-17 09:50:45.434000,415.8121564705867,102
2024-09-17 09:50:45.744000,415.8217931785472,997
2024-09-17 09:50:45.750000,415.8048708508291,15
2024-09-17 09:50:45.789000,415.8032055776574,1001
2024-09-17 09:50:45.837000,415.808056208937,104
2024-09-17 09:50:45.894000,415.7926778083432,999
2024-09-17 09:50:45.949000,415.7830700517804,99
2024-09-17 09:50:45.987000,415.79442488697657,10
2024-09-17 09:50:46.018000,415.8269038140744,11
2024-09-17 09:50:46.024000,415.7735078971075,105
2024-09-17 09:50:46.036000,415.7585502192333,12
2024-09-17 09:50:46.037000,415.776434295756,997
2024-09-17 09:50:46.165000,415.75123665199305,15
2024-09-17 09:50:46.172000,415.7733185422088,1004
2024-09-17 09:50:46.174000,415.7717146464256,996
2024-09-17 09:50:46.289000,415.7743577267421,997
2024-09-17 09:50:46.313000,415.7767236179373,8
2024-09-17 09:50:46.325000,415.8408882676708,95
2024-09-17 09:50:46.364000,415.76472683082426,96
2024-09-17 09:50:46.542000,415.7465108143657,95
2024-09-17 09:50:46.641000,415.7568848444739,1001
2024-09-17 09:50:46.693000,415.77559683239866,99
2024-09-17 09:50:46.693000,415.7555535148387,10
2024-09-17 09:50:46.719000,415.7616047031216,996
2024-09-17 09:50:46.757000,415.7897648413654,15
2024-09-17 09:50:46.792000,415.8710229707077,7
2024-09-17 09:50:46.796000,415.75454564781546,96
2024-09-17 09:50:46.798000,415.79611101016326,1005
2024-09-17 09:50:46.819000,415.8005360865756,13
2024-09-17 09:50:46.879000,415.8688406398719,999
2024-09-17 09:50:46.883000,415.7673908060491,8
2024-09-17 09:50:46.910000,415.7524018407517,14
2024-09-17 09:50:46.955000,415.7483983933337,1000
2024-09-17 09:50:47.042000,415.8782774998537,105
2024-09-17 09:50:47.045000,415.86657597269993,8
2024-09-17 09:50:47.194000,415.8061838139372,999
2024-09-17 09:50:47.200000,415.7936787558882,12
2024-09-17 09:50:47.242000,415.8576791259491,5
2024-09-17 09:50:47.320000,415.8361411151503,996
2024-09-17 09:50:47.333000,415.8616322698046,102
2024-09-17 09:50:47.448000,415.82081998434336,1003
2024-09-17 09:50:47.464000,415.84042710235394,97
2024-09-17 09:50:47.566000,415.8710145145919,1005
2024-09-17 09:50:47.571000,415.82527022347904,1000
2024-09-17 09:50:47.709000,415.8715826797881,97
2024-09-17 09:50:47.781000,415.8637822135942,996
2024-09-17 09:50:47.888000,415.8609258383824,8
2024-09-17 09:50:47.911000,415.81269085728513,98
2024-09-17 09:50:47.953000,415.89448002064137,1001
2024-09-17 09:50:47.960000,415.82244610043074,100
2024-09-17 09:50:48.007000,415.7843639718745,1004
2024-09-17 09:50:48.018000,415.7194347704469,9
2024-09-17 09:50:48.029000,415.7285686341018,997
2024-09-17 09:50:48.040000,415.798705104872,1003
2024-09-17 09:50:48.131000,415.7292930586064,101
2024-09-17 09:50:48.248000,415.7135952949943,1001
2024-09-17 09:50:48.289000,415.78237608128734,999
2024-09-17 09:50:48.343000,415.75798542783554,98
2024-09-17 09:50:48.364000,415.7963644989345,100
2024-09-17 09:50:48.368000,415.7356267384607,997
2024-09-17 09:50:48.373000,415.716034466418,1004
2024-09-17 09:50:48.464000,415.7381450724943,13
2024-09-17 09:50:48.488000,415.789019042354,996
2024-09-17 09:50:48.529000,415.7960078990547,8
2024-09-17 09:50:48.563000,415.8109950133592,997
2024-09-17 09:50:48.565000,415.75064625389217,102
2024-09-17 09:50:48.569000,415.72104181446,1000
2024-09-17 09:50:48.606000,415.7806911205063,7
2024-09-17 09:50:48.643000,415.7717503297428,7
2024-09-17 09:50:48.647000,415.76803462538,97
2024-09-17 09:50:48.682000,415.7495239490421,95
2024-09-17 09:50:48.707000,415.72336662059615,104
2024-09-17 09:50:48.765000,415.7891041190512,14
2024-09-17 09:50:48.798000,415.7326561329842,103
2024-09-17 09:50:48.960000,415.7168119189888,103
2024-09-17 09:50:48.997000,415.782711352551,9
2024-09-17 09:50:49.032000,415.8348812917724,14
2024-09-17 09:50:49.121000,415.9047425725885,99
2024-09-17 09:50:49.133000,415.89017752494016,104
2024-09-17 09:50:49.167000,415.90656519579846,996
2024-09-17 09:50:49.360000,415.8239638362279,1001
2024-09-17 09:50:49.365000,415.9094322017448,14
2024-09-17 09:50:49.419000,415.86757306761865,95
2024-09-17 09:50:49.498000,415.848529745587,105
2024-09-17 09:50:49.529000,415.9026048880042,995
2024-09-17 09:50:49.625000,415.91478676631095,6
2024-09-17 09:50:49.701000,415.8419414069028,14
2024-09-17 09:50:49.712000,415.90377246055,101
2024-09-17 09:50:49.721000,415.8652969029241,1003
2024-09-17 09:50:49.841000,415.8356984888251,1001
2024-09-17 09:50:49.882000,415.91084862763256,1001
2024-09-17 09:50:49.932000,415.90991583779055,101
2024-09-17 09:50:50.028000,415.9504829574794,1005
2024-09-17 09:50:50.042000,415.9744312639025,12
2024-09-17 09:50:50.068000,415.9188447768158,1000
2024-09-17 09:50:50.103000,415.9562089298017,10
2024-09-17 09:50:50.130000,415.9706248643294,97
2024-09-17 09:50:50.190000,415.9901749830489,101
2024-09-17 09:50:50.227000,415.9755194189193,101
2024-09-17 09:50:50.316000,415.9961394437204,1003
2024-09-17 09:50:50.542000,415.9716069856048,1000
2024-09-17 09:50:50.635000,415.9765099040849,95
2024-09-17 09:50:51.032000,415.9460239011788,995
2024-09-17 09:50:51.139000,415.9347705644542,14
2024-09-17 09:50:51.219000,415.94805065120187,999
2024-09-17 09:50:51.288000,415.94415612729216,998
2024-09-17 09:50:51.468000,415.94134331854144,100
2024-09-17 09:50:51.553000,415.9440647271944,98
2024-09-17 09:50:51.568000,415.95032258307486,1003
2024-09-17 09:50:51.607000,415.946864668689,96
2024-09-17 09:50:51.709000,415.9531244828474,95
2024-09-17 09:50:51.710000,415.9294519652948,97
2024-09-17 09:50:51.770000,415.94158852564186,98
2024-09-17 09:50:51.823000,415.9575506781317,11
2024-09-17 09:50:51.876000,415.9474827986304,1001
2024-09-17 09:50:51.911000,415.9472353697502,1002
2024-09-17 09:50:52.025000,415.9462764017413,14
2024-09-17 09:50:52.049000,415.9875745977853,96
2024-09-17 09:50:52.072000,415.9529929240896,95
2024-09-17 09:50:52.137000,415.9752440214955,8
2024-09-17 09:50:52.152000,415.9362191009782,1004
2024-09-17 09:50:52.173000,415.9313917093735,14
2024-09-17 09:50:52.192000,415.994698178709,6
2024-09-17 09:50:52.232000,415.9929082790599,95
2024-09-17 09:50:52.339000,415.92777279404896,104
2024-09-17 09:50:52.399000,415.92154597704,105
2024-09-17 09:50:52.479000,416.0015586687135,103
2024-09-17 09:50:52.503000,415.96848992166287,8
2024-09-17 09:50:52.538000,415.9703423262796,96
2024-09-17 09:50:52.591000,415.9327409573128,1001
2024-09-17 09:50:52.593000,416.0029106340029,95
2024-09-17 09:50:52.631000,415.9760546091916,96
2024-09-17 09:50:52.667000,415.95514511395874,1003
2024-09-17 09:50:52.673000,415.95776937791135,11
2024-09-17 09:50:52.792000,415.9475831999416,996
2024-09-17 09:50:52.819000,415.9441013971126,1001
2024-09-17 09:50:52.821000,415.9482182797892,1000
2024-09-17 09:50:52.884000,416.003490911172,13
2024-09-17 09:50:52.929000,415.9686696374247,8
2024-09-17 09:50:52.973000,415.9941347411921,14
2024-09-17 09:50:52.976000,415.9283753929597,104
2024-09-17 09:50:53.014000,415.962676945642,996
2024-09-17 09:50:53.114000,415.9396167796057,104
2024-09-17 09:50:53.153000,415.9751406387609,103
2024-09-17 09:50:53.191000,415.9391503634346,97
2024-09-17 09:50:53.336000,415.94015514163846,13
2024-09-17 09:50:53.430000,415.97280262183887,995
2024-09-17 09:50:53.663000,415.951738245581,97
2024-09-17 09:50:53.822000,415.96642209870765,1003
2024-09-17 09:50:53.848000,415.9584528185559,995
2024-09-17 09:50:53.959000,415.9610691421359,998
2024-09-17 09:50:54,415.97265500196414,10
2024-09-17 09:50:54.002000,416.0034159573133,10
2024-09-17 09:50:54.019000,415.992187738897,13
2024-09-17 09:50:54.170000,415.965278075322,104
2024-09-17 09:50:54.178000,415.9989375740455,8
2024-09-17 09:50:54.233000,415.9890478297338,1001
2024-09-17 09:50:54.264000,415.9806803385681,996
2024-09-17 09:50:54.316000,416.0049503255167,998
2024-09-17 09:50:54.328000,415.9783317375293,104
2024-09-17 09:50:54.400000,415.99230357908107,5
2024-09-17 09:50:54.404000,415.9870971608492,97
2024-09-17 09:50:54.433000,415.9865779389595,96
2024-09-17 09:50:54.436000,416.0218199925021,998
2024-09-17 09:50:54.503000,416.0025041083858,995
2024-09-17 09:50:54.561000,416.01348916674425,1004
2024-09-17 09:50:54.571000,415.9937982613918,9
2024-09-17 09:50:54.631000,415.9687002664703,996
2024-09-17 09:50:54.685000,416.0069025975876,97
2024-09-17 09:50:54.780000,416.0213241443616,103
2024-09-17 09:50:54.855000,416.0325981608285,13
2024-09-17 09:50:54.903000,415.9983032879592,105
2024-09-17 09:50:54.907000,415.97385051278206,13
2024-09-17 09:50:55.031000,416.0341444073472,998
2024-09-17 09:50:55.085000,416.07879795077935,1000
2024-09-17 09:50:55.087000,416.06427977000857,96
2024-09-17 09:50:55.121000,416.0694129607227,1005
2024-09-17 09:50:55.138000,416.0410253534221,95
2024-09-17 09:50:55.151000,416.0605866791499,1005
2024-09-17 09:50:55.157000,416.0455145137114,997
2024-09-17 09:50:55.257000,416.0631566057058,6
2024-09-17 09:50:55.308000,416.0697568049704,11
2024-09-17 09:50:55.420000,416.0459040416655,97
2024-09-17 09:50:55.443000,416.0142994822478,996
2024-09-17 09:50:55.502000,416.06215485645777,103
2024-09-17 09:50:55.540000,416.02953120461103,13
2024-09-17 09:50:55.565000,416.07340174940526,14
2024-09-17 09:50:55.568000,416.0500293942262,99
2024-09-17 09:50:55.642000,416.0510957234689,1002
2024-09-17 09:50:55.673000,416.0428862724162,104
2024-09-17 09:50:55.728000,416.0940110053363,102
2024-09-17 09:50:55.736000,416.031737988147,15
2024-09-17 09:50:55.737000,416.051286752103,100
2024-09-17 09:50:55.853000,416.0585602937166,13
2024-09-17 09:50:55.873000,416.0425401497553,5
2024-09-17 09:50:55.906000,416.0499018812532,1002
2024-09-17 09:50:55.920000,416.0348617612809,14
2024-09-17 09:50:55.951000,416.06296122642914,10
2024-09-17 09:50:55.992000,416.094716067991,8
2024-09-17 09:50:55.998000,416.0416326655167,5
2024-09-17 09:50:56.177000,416.1029918904771,9
2024-09-17 09:50:56.258000,416.06833560158105,5
2024-09-17 09:50:56.390000,416.0744258318818,999
2024-09-17 09:50:56.598000,416.1066573522481,104
2024-09-17 09:50:56.699000,416.07901167946585,1005
2024-09-17 09:50:56.724000,416.0744807415028,997
2024-09-17 09:50:56.802000,416.0587125215581,104
2024-09-17 09:50:56.887000,416.09929990784445,995
2024-09-17 09:50:57.079000,416.1506721591976,1001
2024-09-17 09:50:57.534000,416.1185400941545,105
2024-09-17 09:50:57.646000,416.13775366493553,95
2024-09-17 09:50:57.991000,416.1054326359232,10
2024-09-17 09:50:58.200000,416.1375590453179,105
2024-09-17 09:50:58.202000,416.1352729800252,995
2024-09-17 09:50:58.552000,416.1272754341831,101
2024-09-17 09:50:59.092000,416.1252211505053,103
2024-09-17 09:50:59.168000,416.11749888224017,12
2024-09-17 09:50:59.226000,416.09124670126937,96
2024-09-17 09:50:59.313000,416.098117911595,97
2024-09-17 09:50:59.402000,416.1053209491768,1002
2024-09-17 09:50:59.489000,416.1314653078547,1004
2024-09-17 09:50:59.674000,416.1236755373851,9
2024-09-17 09:50:59.683000,416.10178996886776,97
2024-09-17 09:50:59.748000,416.1242126202828,7
2024-09-17 09:50:59.780000,416.128922307108,1002
2024-09-17 09:50:59.869000,416.1252092956132,14
