Timestamp,Price,Size
2024-09-20 11:43:00.900000,428.4417370250396,98
2024-09-20 11:43:01.014000,428.4065370116409,11
2024-09-20 11:43:01.024000,428.4852197012568,104
2024-09-20 11:43:01.076000,428.49285286209977,1000
2024-09-20 11:43:01.113000,428.47835932853536,11
2024-09-20 11:43:01.162000,428.45794046221886,103
2024-09-20 11:43:01.169000,428.4780610687679,1003
2024-09-20 11:43:01.173000,428.4762278246485,5
2024-09-20 11:43:01.227000,428.4721657071968,95
2024-09-20 11:43:01.253000,428.5103103670418,1001
2024-09-20 11:43:01.270000,428.4937410469107,98
2024-09-20 11:43:01.323000,428.51503959217575,10
2024-09-20 11:43:01.347000,428.41098190263057,99
2024-09-20 11:43:01.354000,428.4632733045627,100
2024-09-20 11:43:01.431000,428.4737221971568,97
2024-09-20 11:43:01.450000,428.4704859751248,1003
2024-09-20 11:43:01.595000,428.4308517395386,102
2024-09-20 11:43:01.643000,428.4952584648252,9
2024-09-20 11:43:01.710000,428.495347256162,12
2024-09-20 11:43:01.741000,428.4678062137165,11
2024-09-20 11:43:01.886000,428.4138273838514,96
2024-09-20 11:43:01.919000,428.4525523015336,14
2024-09-20 11:43:01.933000,428.4562607405917,97
2024-09-20 11:43:02.020000,428.5358849688787,105
2024-09-20 11:43:02.094000,428.4620046926328,996
2024-09-20 11:43:02.115000,428.4957576843468,8
2024-09-20 11:43:02.129000,428.53270813511216,98
2024-09-20 11:43:02.235000,428.53935743408135,96
2024-09-20 11:43:02.243000,428.5164341313125,103
2024-09-20 11:43:02.356000,428.4897625168199,7
2024-09-20 11:43:02.384000,428.508393164061,1004
2024-09-20 11:43:02.398000,428.5124175435215,998
2024-09-20 11:43:02.409000,428.5271995456592,1001
2024-09-20 11:43:02.431000,428.5198478243293,100
2024-09-20 11:43:02.488000,428.48769404484153,5
2024-09-20 11:43:02.570000,428.5275712557197,12
2024-09-20 11:43:02.621000,428.5261148456276,95
2024-09-20 11:43:02.800000,428.5392957390197,12
2024-09-20 11:43:02.841000,428.4984292270361,11
2024-09-20 11:43:03.006000,428.5166963825623,9
2024-09-20 11:43:03.035000,428.5362409717277,100
2024-09-20 11:43:03.069000,428.4941019759616,102
2024-09-20 11:43:03.189000,428.5368729589839,999
2024-09-20 11:43:03.219000,428.4925437531816,6
2024-09-20 11:43:03.265000,428.53699064353606,104
2024-09-20 11:43:03.277000,428.5207551908832,15
2024-09-20 11:43:03.381000,428.4897596143252,1001
2024-09-20 11:43:03.442000,428.4888021093582,9
2024-09-20 11:43:03.557000,428.4936391347624,105
2024-09-20 11:43:03.647000,428.5225284229713,99
2024-09-20 11:43:03.676000,428.5191661862936,10
2024-09-20 11:43:03.679000,428.5036325288015,11
2024-09-20 11:43:03.815000,428.5154574088698,102
2024-09-20 11:43:03.825000,428.4997239598622,1001
2024-09-20 11:43:03.893000,428.49184197635685,99
2024-09-20 11:43:03.894000,428.5288471420657,105
2024-09-20 11:43:03.993000,428.4900616024883,9
2024-09-20 11:43:04.313000,428.53237910420864,98
2024-09-20 11:43:04.347000,428.52180263383264,6
2024-09-20 11:43:04.434000,428.5348270783593,6
2024-09-20 11:43:04.444000,428.541993981223,1000
2024-09-20 11:43:04.764000,428.5430541983137,96
2024-09-20 11:43:04.799000,428.5265904869088,8
2024-09-20 11:43:04.817000,428.53197260338976,11
2024-09-20 11:43:04.854000,428.5264809813158,1000
2024-09-20 11:43:04.897000,428.5285994836257,10
2024-09-20 11:43:04.937000,428.543672835124,11
2024-09-20 11:43:05.017000,428.63951200405535,101
2024-09-20 11:43:05.071000,428.53283565908674,1002
2024-09-20 11:43:05.250000,428.5583900358912,1003
2024-09-20 11:43:05.303000,428.5750763019975,105
2024-09-20 11:43:05.350000,428.5886435484369,96
2024-09-20 11:43:05.433000,428.5718026759116,105
2024-09-20 11:43:05.532000,428.5905291251625,102
2024-09-20 11:43:05.577000,428.6251097971304,1004
2024-09-20 11:43:05.613000,428.6081325014016,97
2024-09-20 11:43:05.633000,428.6246444775464,1000
2024-09-20 11:43:05.664000,428.6323957602994,8
2024-09-20 11:43:05.685000,428.6098956941009,1003
2024-09-20 11:43:05.700000,428.5909151396292,13
2024-09-20 11:43:05.760000,428.5639259390241,8
2024-09-20 11:43:05.764000,428.5464575793484,10
2024-09-20 11:43:05.791000,428.56359475780096,999
2024-09-20 11:43:05.794000,428.5202205458253,1003
2024-09-20 11:43:05.803000,428.5436231677788,7
2024-09-20 11:43:05.814000,428.58986239611744,104
2024-09-20 11:43:05.825000,428.5759743043262,1001
2024-09-20 11:43:05.838000,428.57460983739264,12
2024-09-20 11:43:05.891000,428.5665549596657,5
2024-09-20 11:43:05.915000,428.5806704763995,1004
2024-09-20 11:43:05.915000,428.59383715903584,98
2024-09-20 11:43:05.996000,428.6611639333948,7
2024-09-20 11:43:05.998000,428.6553091123163,8
2024-09-20 11:43:06.014000,428.645028208728,105
2024-09-20 11:43:06.051000,428.6772726771358,1004
2024-09-20 11:43:06.093000,428.6728126774459,12
2024-09-20 11:43:06.102000,428.7287739604755,102
2024-09-20 11:43:06.104000,428.5840881029637,996
2024-09-20 11:43:06.115000,428.5927142178174,102
2024-09-20 11:43:06.157000,428.6168624142941,1005
2024-09-20 11:43:06.184000,428.66613842973294,13
2024-09-20 11:43:06.187000,428.6033381436509,995
2024-09-20 11:43:06.212000,428.64891825900713,8
2024-09-20 11:43:06.219000,428.5763674880261,100
2024-09-20 11:43:06.263000,428.71487957399177,102
2024-09-20 11:43:06.306000,428.58180671231565,7
2024-09-20 11:43:06.314000,428.6001843897818,100
2024-09-20 11:43:06.331000,428.6128534638839,998
2024-09-20 11:43:06.477000,428.5885984512937,1004
2024-09-20 11:43:06.479000,428.6920317797876,5
2024-09-20 11:43:06.638000,428.5595337273697,103
2024-09-20 11:43:06.641000,428.5786295274775,1004
2024-09-20 11:43:06.653000,428.6311341330738,6
2024-09-20 11:43:06.656000,428.7258076116129,96
2024-09-20 11:43:06.690000,428.5856121728724,95
2024-09-20 11:43:06.715000,428.6071042067304,9
2024-09-20 11:43:06.758000,428.5682691884237,998
2024-09-20 11:43:06.770000,428.5615294098116,95
2024-09-20 11:43:06.802000,428.5998870632063,96
2024-09-20 11:43:06.836000,428.58658293846025,97
2024-09-20 11:43:06.982000,428.5667572660134,7
2024-09-20 11:43:06.995000,428.5800306013476,1005
2024-09-20 11:43:07.054000,428.7248974827143,101
2024-09-20 11:43:07.146000,428.7278655947508,102
2024-09-20 11:43:07.419000,428.723854498548,5
2024-09-20 11:43:07.420000,428.7580626913866,9
2024-09-20 11:43:07.534000,428.7471542693759,105
2024-09-20 11:43:07.600000,428.74612754433247,8
2024-09-20 11:43:07.688000,428.7375340388461,1002
2024-09-20 11:43:08.017000,428.78657840936864,15
2024-09-20 11:43:08.057000,428.7884090130164,5
2024-09-20 11:43:08.222000,428.7942120441773,1001
2024-09-20 11:43:08.269000,428.7884332936586,14
2024-09-20 11:43:08.393000,428.7742437848694,11
2024-09-20 11:43:08.457000,428.7680915325812,6
2024-09-20 11:43:08.510000,428.778511486655,96
2024-09-20 11:43:08.581000,428.7764195859532,10
2024-09-20 11:43:08.647000,428.7758595093266,11
2024-09-20 11:43:08.652000,428.7883820535809,96
2024-09-20 11:43:08.692000,428.7616962885516,6
2024-09-20 11:43:08.701000,428.76920425939824,1004
2024-09-20 11:43:08.751000,428.770183824901,5
2024-09-20 11:43:08.829000,428.7825696810514,1002
2024-09-20 11:43:08.895000,428.7707628353534,95
2024-09-20 11:43:09.293000,428.8083066679841,9
2024-09-20 11:43:09.475000,428.8004860212184,1001
2024-09-20 11:43:09.772000,428.7931857090059,6
2024-09-20 11:43:09.859000,428.7793032423859,96
2024-09-20 11:43:10.119000,428.8376092546424,8
2024-09-20 11:43:10.795000,428.83686580272354,1002
2024-09-20 11:43:10.939000,428.8102508256868,8
2024-09-20 11:43:11.005000,428.8623414254152,104
2024-09-20 11:43:11.103000,428.9015849032349,11
2024-09-20 11:43:11.114000,428.8265824616078,1005
2024-09-20 11:43:11.271000,428.829525234895,1003
2024-09-20 11:43:11.339000,428.9335381436431,6
2024-09-20 11:43:11.353000,428.8182204548916,995
2024-09-20 11:43:11.416000,428.82289616043215,96
2024-09-20 11:43:11.458000,428.9311401628722,1000
2024-09-20 11:43:11.519000,428.8147648040502,96
2024-09-20 11:43:11.599000,428.82762185167024,103
2024-09-20 11:43:11.715000,428.81159513200106,14
2024-09-20 11:43:11.967000,428.8314635613288,997
2024-09-20 11:43:11.996000,428.9230016752789,104
2024-09-20 11:43:12.012000,428.971909904648,103
2024-09-20 11:43:12.049000,428.92254877348864,995
2024-09-20 11:43:12.050000,428.93794824146937,1004
2024-09-20 11:43:12.089000,428.9136866334625,997
2024-09-20 11:43:12.109000,428.9535360788168,101
2024-09-20 11:43:12.126000,428.9221725906335,95
2024-09-20 11:43:12.148000,428.9300706362991,14
2024-09-20 11:43:12.162000,428.8810464820082,1004
2024-09-20 11:43:12.177000,428.95051453076456,1003
2024-09-20 11:43:12.262000,428.9687492605629,6
2024-09-20 11:43:12.267000,428.9756464915897,1003
2024-09-20 11:43:12.275000,428.9469898429954,1005
2024-09-20 11:43:12.422000,428.9130999069386,999
2024-09-20 11:43:12.434000,428.9494712963114,6
2024-09-20 11:43:12.444000,428.85143310989554,7
2024-09-20 11:43:12.552000,428.96807892051567,997
2024-09-20 11:43:12.652000,428.93009337346354,1000
2024-09-20 11:43:12.675000,428.946746405925,997
2024-09-20 11:43:12.679000,428.8777421278168,995
2024-09-20 11:43:12.736000,428.9474958855693,96
2024-09-20 11:43:12.775000,428.922831119492,100
2024-09-20 11:43:12.786000,428.8656008561316,1001
2024-09-20 11:43:12.810000,428.9464301523505,6
2024-09-20 11:43:12.825000,428.8764734100442,100
2024-09-20 11:43:12.844000,428.9072872424284,100
2024-09-20 11:43:12.908000,428.9770569733016,10
2024-09-20 11:43:13.040000,428.8662678499345,8
2024-09-20 11:43:13.115000,428.8411794189562,15
2024-09-20 11:43:13.180000,428.8780122473102,98
2024-09-20 11:43:13.221000,428.8423354421444,996
2024-09-20 11:43:13.254000,428.8516201198906,997
2024-09-20 11:43:13.293000,428.8424119048472,6
2024-09-20 11:43:13.301000,428.83771823555776,13
2024-09-20 11:43:13.392000,428.8809415951181,98
2024-09-20 11:43:13.406000,428.9012430455326,997
2024-09-20 11:43:13.471000,428.8988198143912,1002
2024-09-20 11:43:13.502000,428.8303422901905,102
2024-09-20 11:43:13.533000,428.8571693106818,8
2024-09-20 11:43:13.566000,428.90459739998255,103
2024-09-20 11:43:13.648000,428.8852449379342,1004
2024-09-20 11:43:13.693000,428.8802259942132,998
2024-09-20 11:43:13.757000,428.8493292688452,6
2024-09-20 11:43:13.847000,428.837804745646,1002
2024-09-20 11:43:13.872000,428.8530977785555,995
2024-09-20 11:43:13.995000,428.8726096006537,5
2024-09-20 11:43:14.003000,428.8786800020791,12
2024-09-20 11:43:14.076000,428.8794127069141,95
2024-09-20 11:43:14.111000,428.8801003603989,995
2024-09-20 11:43:14.168000,428.8703747367405,9
2024-09-20 11:43:14.229000,428.87546719027614,999
2024-09-20 11:43:14.231000,428.8811863288132,999
2024-09-20 11:43:14.392000,428.8996679448208,1000
2024-09-20 11:43:14.400000,428.8541920441064,1003
2024-09-20 11:43:14.471000,428.8695383299919,1001
2024-09-20 11:43:14.571000,428.8831164597035,103
2024-09-20 11:43:14.623000,428.847733039634,1002
2024-09-20 11:43:14.691000,428.8699424352035,98
2024-09-20 11:43:14.767000,428.8689220333811,102
2024-09-20 11:43:14.781000,428.8663459768889,15
2024-09-20 11:43:14.850000,428.87554693140726,96
2024-09-20 11:43:14.856000,428.8790312064826,13
2024-09-20 11:43:14.862000,428.88547561058505,1005
2024-09-20 11:43:14.879000,428.8540574364848,101
2024-09-20 11:43:14.917000,428.8536723953718,5
2024-09-20 11:43:14.954000,428.8606790040576,1000
2024-09-20 11:43:14.956000,428.8644816205113,12
2024-09-20 11:43:15.044000,428.9110842744864,14
2024-09-20 11:43:15.204000,428.9352736665857,1004
2024-09-20 11:43:15.280000,428.9029403717877,96
2024-09-20 11:43:15.512000,428.9502883038655,999
2024-09-20 11:43:15.519000,428.8949119015028,995
2024-09-20 11:43:15.588000,428.8749607100593,101
2024-09-20 11:43:15.647000,428.9141410315408,14
2024-09-20 11:43:15.916000,428.91620535745767,102
2024-09-20 11:43:15.951000,428.93555524552056,1004
2024-09-20 11:43:16.005000,428.9151208348147,6
2024-09-20 11:43:16.048000,428.9287940727263,5
2024-09-20 11:43:16.097000,428.9404527830545,997
2024-09-20 11:43:16.106000,428.9072672419825,99
2024-09-20 11:43:16.151000,428.9042653955095,999
2024-09-20 11:43:16.227000,428.9545974497182,1003
2024-09-20 11:43:16.244000,428.9710867201039,10
2024-09-20 11:43:16.259000,428.9225644385001,101
2024-09-20 11:43:16.268000,428.9603576170728,12
2024-09-20 11:43:16.366000,428.9502800187144,1002
2024-09-20 11:43:16.402000,428.97380240799777,995
2024-09-20 11:43:16.460000,428.9444112527415,10
2024-09-20 11:43:16.469000,428.94707000824246,7
2024-09-20 11:43:16.483000,428.9668870135049,101
2024-09-20 11:43:16.572000,428.933916089186,5
2024-09-20 11:43:16.718000,428.9495788818215,1005
2024-09-20 11:43:16.742000,428.9495657624678,96
2024-09-20 11:43:16.779000,428.90231665431895,10
2024-09-20 11:43:16.781000,428.9738877299164,1000
2024-09-20 11:43:16.825000,428.96497794553255,6
2024-09-20 11:43:16.835000,428.9202808236877,996
2024-09-20 11:43:16.858000,428.92311508644366,996
2024-09-20 11:43:16.858000,428.9510294346468,1005
2024-09-20 11:43:16.860000,428.89410677065086,1004
2024-09-20 11:43:16.864000,428.89235540567256,98
2024-09-20 11:43:16.880000,428.9272415074303,102
2024-09-20 11:43:16.951000,428.9140108331226,99
2024-09-20 11:43:17.607000,428.9568977805691,103
2024-09-20 11:43:17.736000,428.9720166822156,97
2024-09-20 11:43:17.835000,428.9655100893252,14
2024-09-20 11:43:18.010000,428.8583778542212,8
2024-09-20 11:43:18.018000,428.8536906233825,7
2024-09-20 11:43:18.039000,428.84407571473815,1004
2024-09-20 11:43:18.107000,428.9635831642741,13
2024-09-20 11:43:18.211000,428.9049687784082,7
2024-09-20 11:43:18.238000,428.8758095075472,99
2024-09-20 11:43:18.406000,428.861664553615,999
2024-09-20 11:43:18.448000,428.9079809793824,103
2024-09-20 11:43:18.588000,428.93933732084935,7
2024-09-20 11:43:18.683000,428.94514895537407,9
2024-09-20 11:43:18.723000,428.8335176421455,6
2024-09-20 11:43:18.818000,428.8981013289711,8
2024-09-20 11:43:18.950000,428.9370897811096,1004
2024-09-20 11:43:18.985000,428.9111514592733,98
2024-09-20 11:43:19.175000,428.8894752469285,1001
2024-09-20 11:43:19.198000,428.88283634491927,15
2024-09-20 11:43:19.220000,428.8876941509666,15
2024-09-20 11:43:19.307000,428.8659979343099,99
2024-09-20 11:43:19.347000,428.8720246054071,995
2024-09-20 11:43:19.400000,428.8401719507646,104
2024-09-20 11:43:19.564000,428.8854339306193,5
2024-09-20 11:43:19.859000,428.86186093319816,103
2024-09-20 11:43:20.017000,428.7908884205826,103
2024-09-20 11:43:20.020000,428.842677295284,1000
2024-09-20 11:43:20.055000,428.78667722486944,1002
2024-09-20 11:43:20.317000,428.8522142744725,97
2024-09-20 11:43:20.346000,428.79054121964623,95
2024-09-20 11:43:20.422000,428.8140863241584,99
2024-09-20 11:43:20.548000,428.8083375921461,97
2024-09-20 11:43:20.569000,428.8776415381005,1001
2024-09-20 11:43:20.593000,428.7953695184992,12
2024-09-20 11:43:20.717000,428.8146706858866,998
2024-09-20 11:43:20.772000,428.8086244816309,11
2024-09-20 11:43:21.092000,428.7754897441626,98
2024-09-20 11:43:21.132000,428.79351806191534,999
2024-09-20 11:43:21.187000,428.7820287691368,99
2024-09-20 11:43:21.227000,428.76566314455687,8
2024-09-20 11:43:21.258000,428.813601076188,95
2024-09-20 11:43:21.270000,428.7882865714455,1001
2024-09-20 11:43:21.281000,428.80111509234456,1001
2024-09-20 11:43:21.295000,428.8037000876416,15
2024-09-20 11:43:21.317000,428.79044328061184,101
2024-09-20 11:43:21.333000,428.80512579113537,998
2024-09-20 11:43:21.364000,428.8188949296949,1001
2024-09-20 11:43:21.371000,428.81076411909993,13
2024-09-20 11:43:21.377000,428.78396213126416,97
2024-09-20 11:43:21.394000,428.7790115261599,1005
2024-09-20 11:43:21.438000,428.8189835044273,5
2024-09-20 11:43:21.466000,428.81665735642287,97
2024-09-20 11:43:21.473000,428.8311327793944,999
2024-09-20 11:43:21.530000,428.7946780186933,995
2024-09-20 11:43:21.543000,428.78827161716106,15
2024-09-20 11:43:21.595000,428.8136594179953,6
2024-09-20 11:43:21.614000,428.8051101389154,100
2024-09-20 11:43:21.663000,428.8133729013692,5
2024-09-20 11:43:21.710000,428.7875385219255,96
2024-09-20 11:43:21.771000,428.7820835557262,998
2024-09-20 11:43:21.779000,428.8096929959878,102
2024-09-20 11:43:21.900000,428.8263556254258,97
2024-09-20 11:43:21.956000,428.78691330409714,100
2024-09-20 11:43:22.058000,428.81733679162255,1000
2024-09-20 11:43:22.218000,428.8364133034691,13
2024-09-20 11:43:22.360000,428.8399383131334,999
2024-09-20 11:43:22.389000,428.8364458845234,100
2024-09-20 11:43:22.527000,428.8490774327364,998
2024-09-20 11:43:22.690000,428.8480445087043,100
2024-09-20 11:43:22.974000,428.86316099523657,101
2024-09-20 11:43:23.044000,428.81586626757473,997
2024-09-20 11:43:23.078000,428.85843375111295,102
2024-09-20 11:43:23.147000,428.8575924674233,5
2024-09-20 11:43:23.182000,428.808362793804,14
2024-09-20 11:43:23.201000,428.8375307670008,10
2024-09-20 11:43:23.253000,428.8359614418542,999
2024-09-20 11:43:23.259000,428.857851704958,8
2024-09-20 11:43:23.299000,428.83942896466897,101
2024-09-20 11:43:23.304000,428.8331227735636,997
2024-09-20 11:43:23.345000,428.8195440506643,997
2024-09-20 11:43:23.361000,428.8339830617758,12
2024-09-20 11:43:23.401000,428.8372608295553,5
2024-09-20 11:43:23.420000,428.82775113144777,12
2024-09-20 11:43:23.424000,428.8179098004262,1005
2024-09-20 11:43:23.583000,428.84225891723946,104
2024-09-20 11:43:23.601000,428.8445047357795,5
2024-09-20 11:43:23.654000,428.8619719048148,1001
2024-09-20 11:43:23.672000,428.8192287720818,98
2024-09-20 11:43:23.716000,428.8508731059604,100
2024-09-20 11:43:23.774000,428.85297077341664,13
2024-09-20 11:43:23.797000,428.863375260731,997
2024-09-20 11:43:23.837000,428.85438991178296,1004
2024-09-20 11:43:24.200000,428.8311460203616,12
2024-09-20 11:43:24.232000,428.8488189988105,104
2024-09-20 11:43:24.621000,428.83810597217087,11
2024-09-20 11:43:24.648000,428.8567003806062,105
2024-09-20 11:43:25.052000,428.8733071724213,15
2024-09-20 11:43:25.157000,428.85394372146,5
2024-09-20 11:43:25.235000,428.85000536837777,100
2024-09-20 11:43:25.238000,428.84960533843326,1000
2024-09-20 11:43:25.285000,428.8293432755216,7
2024-09-20 11:43:25.289000,428.8503215707296,104
2024-09-20 11:43:25.322000,428.8538606495585,1001
2024-09-20 11:43:25.350000,428.8750710849907,8
2024-09-20 11:43:25.364000,428.8561834863881,14
2024-09-20 11:43:25.418000,428.8555708586719,14
2024-09-20 11:43:25.474000,428.8482662168906,99
2024-09-20 11:43:25.513000,428.8554159984721,97
2024-09-20 11:43:25.741000,428.8582050683805,100
2024-09-20 11:43:25.757000,428.85268978329685,101
2024-09-20 11:43:25.807000,428.8406360072734,996
2024-09-20 11:43:26.004000,428.8352041541796,99
2024-09-20 11:43:26.051000,428.8398227272869,96
2024-09-20 11:43:26.131000,428.8400959153736,96
2024-09-20 11:43:26.136000,428.8415744371646,13
2024-09-20 11:43:26.161000,428.8370626585004,12
2024-09-20 11:43:26.188000,428.8041395786089,14
2024-09-20 11:43:26.220000,428.86234076465337,102
2024-09-20 11:43:26.272000,428.8066725731769,1002
2024-09-20 11:43:26.278000,428.8181522049669,12
2024-09-20 11:43:26.380000,428.8442889784631,1001
2024-09-20 11:43:26.441000,428.8301291756605,15
2024-09-20 11:43:26.526000,428.8423989589953,102
2024-09-20 11:43:26.648000,428.835536476057,105
2024-09-20 11:43:26.698000,428.8557665159588,98
2024-09-20 11:43:26.780000,428.8346067020325,99
2024-09-20 11:43:26.829000,428.8539526370288,102
2024-09-20 11:43:26.839000,428.8355870909141,8
2024-09-20 11:43:26.839000,428.84580406418,101
2024-09-20 11:43:26.971000,428.8414691084276,5
2024-09-20 11:43:27.030000,428.76600917658567,1002
2024-09-20 11:43:27.031000,428.7840857928429,95
2024-09-20 11:43:27.084000,428.7765489927916,95
2024-09-20 11:43:27.103000,428.7514961155179,1001
2024-09-20 11:43:27.284000,428.7820651196715,101
2024-09-20 11:43:27.436000,428.7825743006133,102
2024-09-20 11:43:27.482000,428.7848803796861,10
2024-09-20 11:43:27.512000,428.7650490753437,995
2024-09-20 11:43:27.617000,428.7645321066421,96
2024-09-20 11:43:27.663000,428.8034190431529,97
2024-09-20 11:43:27.698000,428.80537811660366,98
2024-09-20 11:43:27.861000,428.76297392168,10
2024-09-20 11:43:27.865000,428.80112648071406,97
2024-09-20 11:43:27.958000,428.798405545849,15
2024-09-20 11:43:28.006000,428.7851733866804,1003
2024-09-20 11:43:28.107000,428.7833834184172,997
2024-09-20 11:43:28.115000,428.78585981956223,95
2024-09-20 11:43:28.156000,428.7894202202949,8
2024-09-20 11:43:28.209000,428.7886433496061,1001
2024-09-20 11:43:28.368000,428.7947134460873,11
2024-09-20 11:43:28.374000,428.79781082005456,96
2024-09-20 11:43:28.422000,428.789628306418,103
2024-09-20 11:43:28.563000,428.7989781610278,998
2024-09-20 11:43:28.595000,428.7931094299558,100
2024-09-20 11:43:28.704000,428.77655440378425,6
2024-09-20 11:43:28.820000,428.7953980530104,995
2024-09-20 11:43:28.890000,428.7772293046219,104
2024-09-20 11:43:28.948000,428.7706960529667,1002
2024-09-20 11:43:30.006000,428.7161704704559,103
2024-09-20 11:43:30.027000,428.75173408440514,6
2024-09-20 11:43:30.036000,428.74355507621647,7
2024-09-20 11:43:30.073000,428.6939615942331,998
2024-09-20 11:43:30.086000,428.746945594954,1000
2024-09-20 11:43:30.126000,428.6920810179141,96
2024-09-20 11:43:30.202000,428.737976772246,96
2024-09-20 11:43:30.218000,428.6833614946146,1000
2024-09-20 11:43:30.294000,428.6904976734488,8
2024-09-20 11:43:30.357000,428.6951022166909,999
2024-09-20 11:43:30.462000,428.7160869166914,9
2024-09-20 11:43:30.485000,428.7414752781584,1002
2024-09-20 11:43:30.486000,428.72766830543645,98
2024-09-20 11:43:30.487000,428.7136680199815,1005
2024-09-20 11:43:30.530000,428.7394185444501,11
2024-09-20 11:43:30.536000,428.7431309295674,104
2024-09-20 11:43:30.549000,428.7451588717,10
2024-09-20 11:43:30.556000,428.7424173123397,100
2024-09-20 11:43:30.565000,428.7296471042857,995
2024-09-20 11:43:30.580000,428.7575917189013,11
2024-09-20 11:43:30.666000,428.74189182795465,7
2024-09-20 11:43:30.666000,428.6807727131867,98
2024-09-20 11:43:30.688000,428.7013222240277,14
2024-09-20 11:43:30.689000,428.6896584087681,15
2024-09-20 11:43:30.722000,428.7502231294013,999
2024-09-20 11:43:30.760000,428.706495183458,9
2024-09-20 11:43:30.795000,428.6938648400905,13
2024-09-20 11:43:30.838000,428.70000882294136,7
2024-09-20 11:43:30.867000,428.6790014121634,12
2024-09-20 11:43:30.891000,428.7215688992118,5
2024-09-20 11:43:31.039000,428.7230859761945,11
2024-09-20 11:43:31.138000,428.7156325008712,995
2024-09-20 11:43:31.157000,428.74797955420433,997
2024-09-20 11:43:31.184000,428.7521910012002,95
2024-09-20 11:43:31.229000,428.7500738754042,99
2024-09-20 11:43:31.296000,428.7377409952251,1003
2024-09-20 11:43:31.319000,428.7413392874005,999
2024-09-20 11:43:31.390000,428.7579255210452,15
2024-09-20 11:43:31.476000,428.7413334897483,1000
2024-09-20 11:43:31.498000,428.7648966147576,99
2024-09-20 11:43:31.553000,428.7423979542421,96
2024-09-20 11:43:31.585000,428.7287064226885,98
2024-09-20 11:43:31.648000,428.72399743669087,104
2024-09-20 11:43:31.655000,428.7158637146087,13
2024-09-20 11:43:31.767000,428.7476677765044,1003
2024-09-20 11:43:31.858000,428.7313709905861,99
2024-09-20 11:43:31.897000,428.7277071330135,102
2024-09-20 11:43:31.901000,428.734786793192,103
2024-09-20 11:43:31.906000,428.70103823984647,6
2024-09-20 11:43:31.914000,428.7415349320498,996
2024-09-20 11:43:31.952000,428.7462440440873,95
2024-09-20 11:43:31.977000,428.76645718543296,6
2024-09-20 11:43:32.244000,428.6530619573291,1004
2024-09-20 11:43:32.380000,428.66673082866566,11
2024-09-20 11:43:32.448000,428.6953573856746,997
2024-09-20 11:43:32.511000,428.65275246341474,11
2024-09-20 11:43:32.616000,428.6649892591741,5
2024-09-20 11:43:32.697000,428.6608045638076,1002
2024-09-20 11:43:32.698000,428.6553749184998,10
2024-09-20 11:43:32.715000,428.6689565682804,103
2024-09-20 11:43:32.758000,428.66106861821817,104
2024-09-20 11:43:32.764000,428.6635339759844,10
2024-09-20 11:43:32.865000,428.6928832990902,1002
2024-09-20 11:43:33.102000,428.68275738668,96
2024-09-20 11:43:33.112000,428.6437341552741,995
2024-09-20 11:43:33.136000,428.65388944926747,15
2024-09-20 11:43:33.292000,428.6573100075988,15
2024-09-20 11:43:33.328000,428.6489171060624,998
2024-09-20 11:43:33.397000,428.6161526585385,998
2024-09-20 11:43:33.533000,428.63770375564206,97
2024-09-20 11:43:33.540000,428.6640926438059,995
2024-09-20 11:43:33.577000,428.62586305118543,98
2024-09-20 11:43:33.585000,428.63678834475394,1004
2024-09-20 11:43:33.636000,428.67743914962864,95
2024-09-20 11:43:33.648000,428.6910695530189,5
2024-09-20 11:43:33.704000,428.6939576134106,95
2024-09-20 11:43:33.714000,428.6648433892344,105
2024-09-20 11:43:33.778000,428.62299156322433,1005
2024-09-20 11:43:33.878000,428.6646281163343,102
2024-09-20 11:43:33.954000,428.65508340016487,6
2024-09-20 11:43:33.981000,428.6441936650072,1001
2024-09-20 11:43:34.041000,428.5842570990917,95
2024-09-20 11:43:34.048000,428.589168587037,10
2024-09-20 11:43:34.091000,428.6038138662825,6
2024-09-20 11:43:34.108000,428.5863235367448,997
2024-09-20 11:43:34.357000,428.60734910988725,105
2024-09-20 11:43:34.397000,428.6020149765381,1003
2024-09-20 11:43:34.399000,428.5640596794767,1001
2024-09-20 11:43:34.427000,428.5896932267252,97
2024-09-20 11:43:34.488000,428.587454542388,1000
2024-09-20 11:43:34.538000,428.5887053657747,102
2024-09-20 11:43:34.592000,428.5959472478442,104
2024-09-20 11:43:34.646000,428.61751673717407,12
2024-09-20 11:43:34.819000,428.6032652495615,5
2024-09-20 11:43:34.853000,428.61419720795607,1002
2024-09-20 11:43:34.881000,428.62013083779055,12
2024-09-20 11:43:34.891000,428.6106666884121,102
2024-09-20 11:43:34.961000,428.5855112451709,997
2024-09-20 11:43:35.255000,428.5442722166757,8
2024-09-20 11:43:35.575000,428.5560782317453,12
2024-09-20 11:43:35.763000,428.54764070610014,11
2024-09-20 11:43:35.973000,428.531579932491,11
2024-09-20 11:43:36.013000,428.5326630711911,10
2024-09-20 11:43:36.033000,428.5281212340847,99
2024-09-20 11:43:36.083000,428.5483922954372,103
2024-09-20 11:43:36.102000,428.5114413984018,997
2024-09-20 11:43:36.103000,428.54741921770017,13
2024-09-20 11:43:36.201000,428.54132901879166,997
2024-09-20 11:43:36.202000,428.5557255340026,1000
2024-09-20 11:43:36.244000,428.5405352334708,95
2024-09-20 11:43:36.273000,428.5464712595642,96
2024-09-20 11:43:36.285000,428.53850840843137,99
2024-09-20 11:43:36.291000,428.5466343826344,96
2024-09-20 11:43:36.297000,428.5378941202142,95
2024-09-20 11:43:36.312000,428.53124892127664,95
2024-09-20 11:43:36.347000,428.582256875092,5
2024-09-20 11:43:36.350000,428.5486687577749,13
2024-09-20 11:43:36.408000,428.539153891905,998
2024-09-20 11:43:36.505000,428.544181044833,15
2024-09-20 11:43:36.621000,428.5145709659415,99
2024-09-20 11:43:36.633000,428.53862615573735,8
2024-09-20 11:43:36.662000,428.5319654978994,11
2024-09-20 11:43:36.729000,428.55948135136015,1005
2024-09-20 11:43:36.736000,428.5371495032172,98
2024-09-20 11:43:36.745000,428.5588962135232,1002
2024-09-20 11:43:36.790000,428.5226359760133,102
2024-09-20 11:43:36.868000,428.5429231692091,105
2024-09-20 11:43:36.884000,428.549908254094,13
2024-09-20 11:43:36.897000,428.5127562561012,1005
2024-09-20 11:43:36.904000,428.5423552850679,996
2024-09-20 11:43:36.921000,428.54104886399847,997
2024-09-20 11:43:37.007000,428.5544406141138,1002
2024-09-20 11:43:37.083000,428.5366360143151,1003
2024-09-20 11:43:37.133000,428.5325978203055,996
2024-09-20 11:43:37.201000,428.5401460411688,1004
2024-09-20 11:43:37.282000,428.5336923710836,6
2024-09-20 11:43:37.282000,428.5659876905528,1005
2024-09-20 11:43:37.401000,428.5535366926622,101
2024-09-20 11:43:37.864000,428.5706837532654,105
2024-09-20 11:43:37.876000,428.5457777965222,13
2024-09-20 11:43:37.932000,428.5442416984447,10
2024-09-20 11:43:37.938000,428.556843160706,105
2024-09-20 11:43:37.943000,428.5393769051192,104
2024-09-20 11:43:37.959000,428.5525736510823,95
2024-09-20 11:43:37.995000,428.5461790370359,13
2024-09-20 11:43:38.001000,428.5330433253739,15
2024-09-20 11:43:38.045000,428.5483496628021,1005
2024-09-20 11:43:38.202000,428.532558104596,105
2024-09-20 11:43:38.264000,428.5334954034397,996
2024-09-20 11:43:38.290000,428.5518854726585,996
2024-09-20 11:43:38.789000,428.5472350985444,95
2024-09-20 11:43:38.840000,428.543979457618,103
2024-09-20 11:43:38.939000,428.52323552218166,10
2024-09-20 11:43:39.013000,428.5046818144947,96
2024-09-20 11:43:39.041000,428.5259340188322,998
2024-09-20 11:43:39.068000,428.53813610674473,995
2024-09-20 11:43:39.150000,428.5557620382151,98
2024-09-20 11:43:39.158000,428.546107171114,11
2024-09-20 11:43:39.212000,428.5552715626339,1000
2024-09-20 11:43:39.256000,428.5213678969497,105
2024-09-20 11:43:39.267000,428.5523604590524,13
2024-09-20 11:43:39.373000,428.552648998818,13
2024-09-20 11:43:39.399000,428.5423814426536,9
2024-09-20 11:43:39.409000,428.5310483291197,14
2024-09-20 11:43:39.432000,428.5451407792299,995
2024-09-20 11:43:39.433000,428.550598776689,98
2024-09-20 11:43:39.451000,428.55334214204817,101
2024-09-20 11:43:39.503000,428.5311725682193,98
2024-09-20 11:43:39.522000,428.5366062231727,96
2024-09-20 11:43:39.581000,428.557094687692,7
2024-09-20 11:43:39.623000,428.5266872291429,1001
2024-09-20 11:43:39.647000,428.508197676096,10
2024-09-20 11:43:39.688000,428.5397752883571,100
2024-09-20 11:43:39.791000,428.5206882234423,96
2024-09-20 11:43:39.856000,428.5018672224674,9
2024-09-20 11:43:39.908000,428.5381699275787,1003
2024-09-20 11:43:39.963000,428.5297442098391,995
2024-09-20 11:43:40.506000,428.49766679645353,1002
2024-09-20 11:43:40.848000,428.4846230075369,996
2024-09-20 11:43:41.010000,428.4817545109863,8
2024-09-20 11:43:41.342000,428.4904165057433,15
2024-09-20 11:43:41.378000,428.4970649401869,999
2024-09-20 11:43:41.426000,428.4697805538984,13
2024-09-20 11:43:41.475000,428.4961899080975,1001
2024-09-20 11:43:41.568000,428.493934546312,99
2024-09-20 11:43:41.718000,428.4951940987342,995
2024-09-20 11:43:41.723000,428.4768138899941,995
2024-09-20 11:43:41.733000,428.49909812827417,998
2024-09-20 11:43:41.827000,428.4925575706295,1003
2024-09-20 11:43:41.977000,428.4630857320026,10
2024-09-20 11:43:42.019000,428.4870231877499,97
2024-09-20 11:43:42.019000,428.4653349121989,13
2024-09-20 11:43:42.032000,428.3841520135656,998
2024-09-20 11:43:42.088000,428.4546931020969,6
2024-09-20 11:43:42.145000,428.3829219985462,5
2024-09-20 11:43:42.305000,428.4317616392154,11
2024-09-20 11:43:42.314000,428.4897282722037,1004
2024-09-20 11:43:42.386000,428.456863026438,104
2024-09-20 11:43:42.429000,428.3969160964872,95
2024-09-20 11:43:42.495000,428.4272487934728,9
2024-09-20 11:43:42.520000,428.4055518110063,101
2024-09-20 11:43:42.581000,428.4523088948956,1004
2024-09-20 11:43:42.613000,428.3924217572848,997
2024-09-20 11:43:42.629000,428.44864895511927,1001
2024-09-20 11:43:42.630000,428.4573919643363,97
2024-09-20 11:43:42.723000,428.3930745602457,96
2024-09-20 11:43:42.783000,428.43833725819616,996
2024-09-20 11:43:42.859000,428.4878579972786,999
2024-09-20 11:43:42.910000,428.406615561478,1003
2024-09-20 11:43:43.017000,428.43529929154585,99
2024-09-20 11:43:43.066000,428.4800043425748,997
2024-09-20 11:43:43.101000,428.419234702272,101
2024-09-20 11:43:43.246000,428.400901921124,9
2024-09-20 11:43:43.254000,428.4595298166991,996
2024-09-20 11:43:43.264000,428.4440020236578,12
2024-09-20 11:43:43.279000,428.47516484301264,15
2024-09-20 11:43:43.287000,428.5080307232693,13
2024-09-20 11:43:43.356000,428.4383123984114,14
2024-09-20 11:43:43.363000,428.4531179810374,7
2024-09-20 11:43:43.391000,428.4880077698618,13
2024-09-20 11:43:43.420000,428.4654193242646,95
2024-09-20 11:43:43.439000,428.407744594142,1003
2024-09-20 11:43:43.446000,428.46478446133295,1005
2024-09-20 11:43:43.486000,428.4295874976224,8
2024-09-20 11:43:43.499000,428.471494339133,10
2024-09-20 11:43:43.587000,428.4715514884233,97
2024-09-20 11:43:43.603000,428.42282888516894,105
2024-09-20 11:43:43.629000,428.4506155182786,100
2024-09-20 11:43:43.646000,428.42996948454936,98
2024-09-20 11:43:43.651000,428.51516006738586,102
2024-09-20 11:43:43.668000,428.48281792090967,1004
2024-09-20 11:43:43.767000,428.49469359659054,103
2024-09-20 11:43:43.795000,428.4561082404099,1004
2024-09-20 11:43:43.813000,428.47604255396095,8
2024-09-20 11:43:43.837000,428.4059199524167,105
2024-09-20 11:43:43.869000,428.4858109195724,99
2024-09-20 11:43:43.909000,428.4603081953816,105
2024-09-20 11:43:43.921000,428.4124363422764,7
2024-09-20 11:43:43.988000,428.4393726464235,104
2024-09-20 11:43:44.056000,428.406275143379,103
2024-09-20 11:43:44.119000,428.45424367346527,102
2024-09-20 11:43:44.136000,428.4359566771271,100
2024-09-20 11:43:44.147000,428.48309440116,11
2024-09-20 11:43:44.361000,428.4050476069916,95
2024-09-20 11:43:44.373000,428.4224406845178,6
2024-09-20 11:43:44.404000,428.48900473494194,104
2024-09-20 11:43:44.516000,428.4260263027155,100
2024-09-20 11:43:44.529000,428.4437120118112,12
2024-09-20 11:43:44.586000,428.46676074246056,7
2024-09-20 11:43:44.637000,428.43694060375856,9
2024-09-20 11:43:44.664000,428.4797323766744,10
2024-09-20 11:43:44.744000,428.3928717375609,995
2024-09-20 11:43:44.756000,428.4752514575851,104
2024-09-20 11:43:44.781000,428.4830802394615,100
2024-09-20 11:43:44.864000,428.45601441203735,103
2024-09-20 11:43:44.874000,428.46808641694565,1004
2024-09-20 11:43:44.997000,428.45601477526174,997
2024-09-20 11:43:45.031000,428.3752450242944,105
2024-09-20 11:43:45.162000,428.3531517281242,104
2024-09-20 11:43:45.277000,428.40809331680686,998
2024-09-20 11:43:45.294000,428.3812378389921,998
2024-09-20 11:43:45.318000,428.4154326086883,1000
2024-09-20 11:43:45.328000,428.3828737599464,6
2024-09-20 11:43:45.450000,428.38452206364354,7
2024-09-20 11:43:45.530000,428.3566999685877,1005
2024-09-20 11:43:45.689000,428.3937397460675,8
2024-09-20 11:43:45.693000,428.36182966820405,105
2024-09-20 11:43:45.735000,428.3919924576086,998
2024-09-20 11:43:45.885000,428.3710768150475,1000
2024-09-20 11:43:45.997000,428.40321514583593,102
2024-09-20 11:43:46.443000,428.3907920577786,1003
2024-09-20 11:43:46.649000,428.4070698804554,999
2024-09-20 11:43:47.104000,428.4236898229934,1000
2024-09-20 11:43:47.124000,428.4285864378422,103
2024-09-20 11:43:47.152000,428.41197032987566,8
2024-09-20 11:43:47.157000,428.4199534913151,1004
2024-09-20 11:43:47.158000,428.4491301400664,15
2024-09-20 11:43:47.191000,428.4297864150511,7
2024-09-20 11:43:47.284000,428.44151903337024,100
2024-09-20 11:43:47.290000,428.4192222535804,8
2024-09-20 11:43:47.296000,428.41145435202895,996
2024-09-20 11:43:47.352000,428.41830452444674,98
2024-09-20 11:43:47.387000,428.4102804397625,998
2024-09-20 11:43:47.403000,428.40479674194586,104
2024-09-20 11:43:47.409000,428.43591136409793,103
2024-09-20 11:43:47.411000,428.42906432272497,995
2024-09-20 11:43:47.479000,428.4197515618472,104
2024-09-20 11:43:47.550000,428.4310349298564,15
2024-09-20 11:43:47.820000,428.43835221581134,103
2024-09-20 11:43:47.901000,428.4016055547904,999
2024-09-20 11:43:47.950000,428.41414292412674,96
2024-09-20 11:43:48.044000,428.430813129155,97
2024-09-20 11:43:48.047000,428.3835466588828,1003
2024-09-20 11:43:48.087000,428.3944448503848,10
2024-09-20 11:43:48.313000,428.40273478905846,105
2024-09-20 11:43:48.325000,428.37255473701913,1003
2024-09-20 11:43:48.481000,428.36708792049313,13
2024-09-20 11:43:48.498000,428.44695108192406,14
2024-09-20 11:43:48.642000,428.36858223650063,98
2024-09-20 11:43:48.671000,428.4258809611735,11
2024-09-20 11:43:48.694000,428.4142379125558,8
2024-09-20 11:43:48.695000,428.40816343044935,100
2024-09-20 11:43:48.697000,428.4043017389653,1005
2024-09-20 11:43:48.705000,428.4139185072594,97
2024-09-20 11:43:48.707000,428.4156989537665,998
2024-09-20 11:43:48.709000,428.4117614258035,996
2024-09-20 11:43:48.713000,428.3782924107366,99
2024-09-20 11:43:48.941000,428.4052677063,15
2024-09-20 11:43:49.037000,428.3474357194128,1005
2024-09-20 11:43:49.057000,428.30796442602457,95
2024-09-20 11:43:49.173000,428.3871160704674,1000
2024-09-20 11:43:49.198000,428.3319952390908,97
2024-09-20 11:43:49.229000,428.3793579726024,9
2024-09-20 11:43:49.305000,428.3579589158272,1000
2024-09-20 11:43:49.315000,428.338376247442,1003
2024-09-20 11:43:49.333000,428.3457808169045,96
2024-09-20 11:43:49.341000,428.3347867804015,7
2024-09-20 11:43:49.489000,428.3476602887439,996
2024-09-20 11:43:49.498000,428.36073917414825,13
2024-09-20 11:43:49.537000,428.2978265890379,101
2024-09-20 11:43:49.657000,428.3467751757767,8
2024-09-20 11:43:49.668000,428.3198797023605,105
2024-09-20 11:43:49.677000,428.3277945237442,15
2024-09-20 11:43:49.722000,428.3510141271485,102
2024-09-20 11:43:49.747000,428.3240267150757,1005
2024-09-20 11:43:49.758000,428.30957064637226,8
2024-09-20 11:43:49.763000,428.3686275663944,7
2024-09-20 11:43:49.771000,428.37257154764495,12
2024-09-20 11:43:49.921000,428.3672454655991,96
2024-09-20 11:43:50.045000,428.3401131832693,7
2024-09-20 11:43:50.072000,428.376351634972,11
2024-09-20 11:43:50.106000,428.3523380370135,99
2024-09-20 11:43:50.389000,428.3430266185787,5
2024-09-20 11:43:50.414000,428.3491297712486,6
2024-09-20 11:43:50.455000,428.3462281542114,97
2024-09-20 11:43:50.495000,428.35253607998686,1001
2024-09-20 11:43:50.513000,428.372264299111,101
2024-09-20 11:43:50.605000,428.3651088860936,995
2024-09-20 11:43:50.723000,428.3224450077588,9
2024-09-20 11:43:50.775000,428.3260349576312,5
2024-09-20 11:43:50.775000,428.3836210879068,14
2024-09-20 11:43:50.849000,428.3551964433812,995
2024-09-20 11:43:50.972000,428.3800153419142,997
2024-09-20 11:43:51.135000,428.3264593836229,96
2024-09-20 11:43:51.232000,428.3598807632324,99
2024-09-20 11:43:51.403000,428.374576765123,95
2024-09-20 11:43:51.478000,428.3614385650686,9
2024-09-20 11:43:51.509000,428.3377028207941,102
2024-09-20 11:43:51.697000,428.36972045997993,995
2024-09-20 11:43:51.716000,428.3190679993009,15
2024-09-20 11:43:51.745000,428.3316563316034,7
2024-09-20 11:43:51.777000,428.35393532717984,12
2024-09-20 11:43:51.861000,428.3465732007345,997
2024-09-20 11:43:51.886000,428.3631082304419,101
2024-09-20 11:43:51.887000,428.3700542144155,998
2024-09-20 11:43:51.931000,428.3477588838298,95
2024-09-20 11:43:52.564000,428.40331793230274,104
2024-09-20 11:43:52.735000,428.3954723969634,102
2024-09-20 11:43:52.841000,428.4123053683623,995
2024-09-20 11:43:52.849000,428.3953846182768,1002
2024-09-20 11:43:53.021000,428.4070115717959,8
2024-09-20 11:43:53.025000,428.4091231380629,13
2024-09-20 11:43:53.122000,428.41607173315816,1002
2024-09-20 11:43:53.324000,428.42444804580936,103
2024-09-20 11:43:53.378000,428.3968664776439,95
2024-09-20 11:43:53.500000,428.4254389435071,104
2024-09-20 11:43:53.579000,428.3857353219922,102
2024-09-20 11:43:53.772000,428.4148740491688,102
2024-09-20 11:43:53.906000,428.4080961132527,995
2024-09-20 11:43:54.065000,428.3175983573947,96
2024-09-20 11:43:54.234000,428.3439461826314,1002
2024-09-20 11:43:54.340000,428.3386895854679,998
2024-09-20 11:43:54.344000,428.3438828218886,8
2024-09-20 11:43:54.394000,428.357070155913,14
2024-09-20 11:43:54.451000,428.3053009763842,1005
2024-09-20 11:43:54.542000,428.31102448586176,98
2024-09-20 11:43:54.585000,428.3580121645347,8
2024-09-20 11:43:54.690000,428.3276781071071,13
2024-09-20 11:43:55.036000,428.3349050172566,101
2024-09-20 11:43:55.050000,428.313731688356,9
2024-09-20 11:43:55.097000,428.2857314425439,998
2024-09-20 11:43:55.127000,428.3407460928498,102
2024-09-20 11:43:55.480000,428.32950276007006,96
2024-09-20 11:43:55.501000,428.33326745261695,1001
2024-09-20 11:43:55.569000,428.3284609819604,1004
2024-09-20 11:43:55.690000,428.2792165713448,96
2024-09-20 11:43:55.828000,428.2982980340488,5
2024-09-20 11:43:55.871000,428.2954303334882,1003
2024-09-20 11:43:55.951000,428.313478603263,97
2024-09-20 11:43:55.955000,428.33599912272047,15
2024-09-20 11:43:56,428.2870861979972,9
2024-09-20 11:43:56.006000,428.2933492111591,1002
2024-09-20 11:43:56.161000,428.2839507141506,995
2024-09-20 11:43:56.228000,428.29404370182,95
2024-09-20 11:43:56.241000,428.30226613398855,99
2024-09-20 11:43:56.315000,428.286512330064,12
2024-09-20 11:43:56.346000,428.290545919344,1005
2024-09-20 11:43:56.358000,428.28640521454014,13
2024-09-20 11:43:56.360000,428.2765376248548,101
2024-09-20 11:43:56.402000,428.2756568966266,101
2024-09-20 11:43:56.503000,428.28695672538026,14
2024-09-20 11:43:56.587000,428.3085388626192,99
2024-09-20 11:43:56.594000,428.3164861634558,10
2024-09-20 11:43:56.596000,428.3123203144583,6
2024-09-20 11:43:56.699000,428.2725320411284,96
2024-09-20 11:43:56.719000,428.2844309361755,996
2024-09-20 11:43:56.906000,428.2777544224376,99
2024-09-20 11:43:57.038000,428.2948903700391,9
2024-09-20 11:43:57.119000,428.2782872184784,9
2024-09-20 11:43:57.129000,428.3344541137626,998
2024-09-20 11:43:57.147000,428.286361037306,104
2024-09-20 11:43:57.175000,428.30513594455664,7
2024-09-20 11:43:57.310000,428.3131473842319,8
2024-09-20 11:43:57.319000,428.3131995360633,8
2024-09-20 11:43:57.331000,428.3092414769656,100
2024-09-20 11:43:57.338000,428.3062068997271,100
2024-09-20 11:43:57.348000,428.3071672413456,5
2024-09-20 11:43:57.396000,428.3476878653594,1002
2024-09-20 11:43:57.398000,428.3090715812016,995
2024-09-20 11:43:57.500000,428.3061327237152,996
2024-09-20 11:43:57.502000,428.3147751516381,6
2024-09-20 11:43:57.509000,428.2598602549545,95
2024-09-20 11:43:57.517000,428.3166725342903,12
2024-09-20 11:43:57.695000,428.29678283165214,1002
2024-09-20 11:43:57.705000,428.3515780595981,8
2024-09-20 11:43:57.769000,428.29441372416784,104
2024-09-20 11:43:57.820000,428.2988054580472,8
2024-09-20 11:43:57.837000,428.2945072745389,1000
2024-09-20 11:43:57.885000,428.2963553040146,99
2024-09-20 11:43:57.944000,428.2975098899984,97
2024-09-20 11:43:57.954000,428.3314809886204,999
2024-09-20 11:43:57.968000,428.3140880096034,95
2024-09-20 11:43:57.974000,428.2968039759639,104
2024-09-20 11:43:58.083000,428.3303103037481,1001
2024-09-20 11:43:58.125000,428.31603964654767,104
2024-09-20 11:43:58.317000,428.3200235329314,14
2024-09-20 11:43:58.352000,428.3045093855874,103
2024-09-20 11:43:58.616000,428.3126842256307,13
2024-09-20 11:43:58.687000,428.3046585081765,998
2024-09-20 11:43:58.774000,428.3041836704106,95
2024-09-20 11:43:58.914000,428.3449089576662,996
2024-09-20 11:43:58.925000,428.3282301755557,996
2024-09-20 11:43:59.155000,428.3546956043811,7
2024-09-20 11:43:59.168000,428.3406723338119,99
2024-09-20 11:43:59.324000,428.3094799421331,103
2024-09-20 11:43:59.337000,428.3110674652355,998
2024-09-20 11:43:59.410000,428.3459051406566,102
2024-09-20 11:43:59.413000,428.3411011356451,999
2024-09-20 11:43:59.470000,428.30754291722366,6
2024-09-20 11:43:59.482000,428.3478576607153,96
2024-09-20 11:43:59.504000,428.3315886505723,7
2024-09-20 11:43:59.594000,428.3408952331766,1005
2024-09-20 11:43:59.702000,428.36203670046007,98
2024-09-20 11:43:59.802000,428.3039151860788,1004
2024-09-20 11:43:59.921000,428.2788288082265,995
2024-09-20 11:43:59.961000,428.3023840329633,1003
