Timestamp,Price,Size
2024-09-20 10:32:00.003000,422.77484696270704,995
2024-09-20 10:32:00.063000,422.7863420215758,1002
2024-09-20 10:32:00.083000,422.7816824715119,998
2024-09-20 10:32:00.109000,422.8015645581458,995
2024-09-20 10:32:00.340000,422.7890572892613,999
2024-09-20 10:32:00.364000,422.7672353910438,997
2024-09-20 10:32:00.391000,422.8050350162192,101
2024-09-20 10:32:00.398000,422.7752368861816,9
2024-09-20 10:32:00.410000,422.7879882359385,13
2024-09-20 10:32:00.421000,422.78254013641833,104
2024-09-20 10:32:00.470000,422.8097104607416,1003
2024-09-20 10:32:00.513000,422.7894875905308,1003
2024-09-20 10:32:00.581000,422.77843591474056,97
2024-09-20 10:32:00.595000,422.78490314044245,6
2024-09-20 10:32:00.622000,422.7707758785982,1002
2024-09-20 10:32:00.864000,422.7689029079775,1003
2024-09-20 10:32:00.887000,422.7592612108389,105
2024-09-20 10:32:00.920000,422.7942252240888,1002
2024-09-20 10:32:01.245000,422.7523294246725,997
2024-09-20 10:32:01.259000,422.7692277927791,8
2024-09-20 10:32:01.445000,422.7706623570132,1003
2024-09-20 10:32:01.740000,422.8032129738905,1003
2024-09-20 10:32:02.131000,422.7245282329455,10
2024-09-20 10:32:02.247000,422.7412029157751,7
2024-09-20 10:32:02.268000,422.7429416933533,98
2024-09-20 10:32:02.304000,422.7428716776732,1002
2024-09-20 10:32:02.347000,422.7695595689884,15
2024-09-20 10:32:02.794000,422.7364352548545,996
2024-09-20 10:32:03.160000,422.708079378664,1005
2024-09-20 10:32:03.229000,422.7302856353657,101
2024-09-20 10:32:03.589000,422.7097638617685,13
2024-09-20 10:32:03.895000,422.7043033393255,100
2024-09-20 10:32:04.022000,422.77063055471086,9
2024-09-20 10:32:04.078000,422.7404986140466,102
2024-09-20 10:32:04.094000,422.78320436113535,1002
2024-09-20 10:32:04.103000,422.7582373750176,103
2024-09-20 10:32:04.195000,422.7559910118837,101
2024-09-20 10:32:04.259000,422.7443685961375,7
2024-09-20 10:32:04.294000,422.778335452711,12
2024-09-20 10:32:04.301000,422.7742304544869,6
2024-09-20 10:32:04.355000,422.7889545995046,14
2024-09-20 10:32:04.375000,422.7396286060479,11
2024-09-20 10:32:04.393000,422.74891298863577,7
2024-09-20 10:32:04.425000,422.77662960291576,1002
2024-09-20 10:32:04.484000,422.7484725494202,12
2024-09-20 10:32:04.612000,422.7478365074437,995
2024-09-20 10:32:04.612000,422.73680619537697,103
2024-09-20 10:32:04.645000,422.7424816408254,102
2024-09-20 10:32:04.716000,422.7861433802319,104
2024-09-20 10:32:04.736000,422.79379842244094,97
2024-09-20 10:32:04.775000,422.7430447860987,1003
2024-09-20 10:32:04.807000,422.7464232359071,9
2024-09-20 10:32:04.808000,422.7892409096947,96
2024-09-20 10:32:04.838000,422.7510795235573,999
2024-09-20 10:32:04.844000,422.7473360172253,9
2024-09-20 10:32:04.861000,422.7699676783391,998
2024-09-20 10:32:04.889000,422.73729683974807,98
2024-09-20 10:32:04.996000,422.7371708183087,7
2024-09-20 10:32:05.028000,422.8082170496082,1000
2024-09-20 10:32:05.502000,422.8033481664892,103
2024-09-20 10:32:05.737000,422.7780634722264,999
2024-09-20 10:32:05.868000,422.7960607670549,96
2024-09-20 10:32:06.372000,422.7448511449608,8
2024-09-20 10:32:06.418000,422.75934315251095,100
2024-09-20 10:32:06.525000,422.7896053773091,13
2024-09-20 10:32:06.531000,422.7700963153096,10
2024-09-20 10:32:07.099000,422.7533052069688,104
2024-09-20 10:32:07.145000,422.7143062442072,96
2024-09-20 10:32:07.179000,422.7480178379454,10
2024-09-20 10:32:07.259000,422.7384534633623,104
2024-09-20 10:32:07.358000,422.7198083546962,1004
2024-09-20 10:32:07.377000,422.7188062623504,102
2024-09-20 10:32:07.687000,422.7487767520303,1002
2024-09-20 10:32:07.843000,422.7255454111474,99
2024-09-20 10:32:07.862000,422.7329456676324,14
2024-09-20 10:32:08.240000,422.71707385431,1003
2024-09-20 10:32:08.337000,422.7039199911426,105
2024-09-20 10:32:08.893000,422.6999646943114,99
2024-09-20 10:32:08.951000,422.7070271148492,98
2024-09-20 10:32:09.552000,422.7375352022892,99
2024-09-20 10:32:10,422.7227380228244,10
2024-09-20 10:32:10.045000,422.689684476611,105
2024-09-20 10:32:10.058000,422.71873571425886,997
2024-09-20 10:32:10.195000,422.7217363275319,12
2024-09-20 10:32:10.214000,422.7088032353636,5
2024-09-20 10:32:10.225000,422.7425335135941,95
2024-09-20 10:32:10.411000,422.7371848261594,1002
2024-09-20 10:32:10.520000,422.7593534496799,996
2024-09-20 10:32:10.555000,422.7181351809372,1002
2024-09-20 10:32:10.597000,422.7048996014853,1003
2024-09-20 10:32:10.609000,422.7272860724975,15
2024-09-20 10:32:10.618000,422.7085357437971,1001
2024-09-20 10:32:10.636000,422.7678652289815,97
2024-09-20 10:32:10.662000,422.7380628782253,15
2024-09-20 10:32:10.666000,422.7331775247727,9
2024-09-20 10:32:10.690000,422.7491839212,1005
2024-09-20 10:32:10.764000,422.7039146230092,8
2024-09-20 10:32:10.779000,422.7677630296389,102
2024-09-20 10:32:10.794000,422.7232411518947,13
2024-09-20 10:32:10.800000,422.7002280888467,14
2024-09-20 10:32:10.800000,422.7182778328927,996
2024-09-20 10:32:10.819000,422.72596501395685,104
2024-09-20 10:32:10.922000,422.7278555380024,103
2024-09-20 10:32:10.940000,422.7062528052757,104
2024-09-20 10:32:10.959000,422.6934209683749,10
2024-09-20 10:32:10.965000,422.7300774855853,98
2024-09-20 10:32:10.975000,422.7050954346044,101
2024-09-20 10:32:10.996000,422.7063828089944,97
2024-09-20 10:32:11.081000,422.8089393505783,101
2024-09-20 10:32:11.183000,422.7871386538731,1002
2024-09-20 10:32:11.184000,422.7547316268991,1000
2024-09-20 10:32:11.185000,422.8149186219502,9
2024-09-20 10:32:11.200000,422.7902347684504,14
2024-09-20 10:32:11.262000,422.75046433809615,999
2024-09-20 10:32:11.412000,422.7658754075761,11
2024-09-20 10:32:11.508000,422.8414092194712,1003
2024-09-20 10:32:11.536000,422.81545841194566,11
2024-09-20 10:32:11.580000,422.8273487206069,14
2024-09-20 10:32:11.623000,422.80067485079707,105
2024-09-20 10:32:11.626000,422.820959284023,1004
2024-09-20 10:32:11.775000,422.78330759189015,998
2024-09-20 10:32:11.783000,422.80161210305846,98
2024-09-20 10:32:11.909000,422.8445576903285,15
2024-09-20 10:32:11.946000,422.8068867589381,5
2024-09-20 10:32:12.018000,422.820917295593,13
2024-09-20 10:32:12.089000,422.8318267196015,14
2024-09-20 10:32:12.187000,422.825387725978,14
2024-09-20 10:32:12.284000,422.83101712117815,996
2024-09-20 10:32:12.365000,422.8200711118004,1003
2024-09-20 10:32:12.623000,422.8409405492941,9
2024-09-20 10:32:12.675000,422.8185404094292,7
2024-09-20 10:32:12.740000,422.81189626926266,98
2024-09-20 10:32:12.754000,422.83329498848417,999
2024-09-20 10:32:12.762000,422.83961317272457,99
2024-09-20 10:32:13.108000,422.8130734277317,105
2024-09-20 10:32:13.179000,422.8328072984685,98
2024-09-20 10:32:13.225000,422.8453700111425,997
2024-09-20 10:32:13.456000,422.8141108171989,12
2024-09-20 10:32:13.476000,422.8291407711801,15
2024-09-20 10:32:13.509000,422.8270870717452,12
2024-09-20 10:32:13.562000,422.8440872691424,6
2024-09-20 10:32:13.616000,422.84333047128274,10
2024-09-20 10:32:13.666000,422.8365989496678,9
2024-09-20 10:32:13.697000,422.8529827212265,998
2024-09-20 10:32:13.740000,422.83243711635873,5
2024-09-20 10:32:13.769000,422.8452734326264,997
2024-09-20 10:32:13.772000,422.82124635406,9
2024-09-20 10:32:13.813000,422.8350983236815,998
2024-09-20 10:32:13.827000,422.8432347461626,9
2024-09-20 10:32:13.870000,422.8431870162175,997
2024-09-20 10:32:13.918000,422.8194642819104,8
2024-09-20 10:32:13.990000,422.8340687637087,15
2024-09-20 10:32:13.999000,422.8572323778861,7
2024-09-20 10:32:14.208000,422.8425876892493,998
2024-09-20 10:32:14.220000,422.8763077190641,6
2024-09-20 10:32:14.591000,422.8446444997854,101
2024-09-20 10:32:14.786000,422.86665355105015,105
2024-09-20 10:32:15.221000,422.8938096947165,998
2024-09-20 10:32:15.363000,422.8969250970138,98
2024-09-20 10:32:15.695000,422.90646168125954,8
2024-09-20 10:32:15.793000,422.9215328609656,12
2024-09-20 10:32:15.854000,422.9100614428315,14
2024-09-20 10:32:17.207000,422.9160622755006,7
2024-09-20 10:32:17.339000,422.9198837394479,1000
2024-09-20 10:32:17.344000,422.8941490088232,999
2024-09-20 10:32:17.347000,422.90974144576114,12
2024-09-20 10:32:17.474000,422.9076591894845,101
2024-09-20 10:32:17.738000,422.92653290999016,103
2024-09-20 10:32:17.971000,422.89048053427024,96
2024-09-20 10:32:17.996000,422.8995441713172,102
2024-09-20 10:32:18.198000,422.8918623156618,105
2024-09-20 10:32:18.323000,422.9085886676891,1002
2024-09-20 10:32:18.347000,422.89716844438,8
2024-09-20 10:32:18.529000,422.88614531379966,1004
2024-09-20 10:32:18.714000,422.8865954775955,14
2024-09-20 10:32:18.715000,422.8955640335259,10
2024-09-20 10:32:18.720000,422.9063460958766,95
2024-09-20 10:32:18.838000,422.8902149758269,996
2024-09-20 10:32:18.872000,422.89271604324296,103
2024-09-20 10:32:18.987000,422.9008465848994,102
2024-09-20 10:32:19.032000,422.9130692611308,999
2024-09-20 10:32:19.054000,422.90416789868937,104
2024-09-20 10:32:19.058000,422.8965657110394,97
2024-09-20 10:32:19.059000,422.91590467678594,11
2024-09-20 10:32:19.097000,422.940784773984,15
2024-09-20 10:32:19.180000,422.9332875004935,101
2024-09-20 10:32:19.249000,422.9090929212315,1003
2024-09-20 10:32:19.384000,422.898705975544,14
2024-09-20 10:32:19.399000,422.92616695276735,13
2024-09-20 10:32:19.437000,422.9215035588521,1002
2024-09-20 10:32:19.487000,422.93071263641247,104
2024-09-20 10:32:19.560000,422.9248378054159,15
2024-09-20 10:32:19.693000,422.9225677641117,1002
2024-09-20 10:32:19.789000,422.9070939588054,999
2024-09-20 10:32:19.848000,422.94070142813257,15
2024-09-20 10:32:19.857000,422.9193818031789,96
2024-09-20 10:32:19.864000,422.9100447501263,7
2024-09-20 10:32:19.888000,422.9087031861715,102
2024-09-20 10:32:19.890000,422.9208699307782,996
2024-09-20 10:32:19.900000,422.9087635582573,998
2024-09-20 10:32:19.900000,422.8977817995009,8
2024-09-20 10:32:19.900000,422.9039024986308,102
2024-09-20 10:32:19.915000,422.9132576225947,999
2024-09-20 10:32:19.958000,422.9136188584031,1001
2024-09-20 10:32:19.967000,422.9053917555208,996
2024-09-20 10:32:20.180000,422.94503951667485,1003
2024-09-20 10:32:20.202000,422.93847027746585,9
2024-09-20 10:32:20.346000,422.9291959884359,1005
2024-09-20 10:32:20.372000,422.9423554220782,1005
2024-09-20 10:32:20.497000,422.9298869731982,8
2024-09-20 10:32:20.588000,422.9259464220674,996
2024-09-20 10:32:20.593000,422.92303485783737,95
2024-09-20 10:32:20.611000,422.9510812331224,98
2024-09-20 10:32:20.621000,422.94416049138766,103
2024-09-20 10:32:20.649000,422.9275217475911,5
2024-09-20 10:32:20.654000,422.9421196839255,8
2024-09-20 10:32:21.030000,422.911362177686,999
2024-09-20 10:32:21.261000,422.9714593829307,9
2024-09-20 10:32:21.327000,422.91824209486833,995
2024-09-20 10:32:21.344000,422.9569732537756,105
2024-09-20 10:32:21.360000,422.93272380954295,6
2024-09-20 10:32:21.618000,422.9090875942193,96
2024-09-20 10:32:21.619000,422.9451815119066,5
2024-09-20 10:32:21.739000,422.9262148054985,13
2024-09-20 10:32:21.823000,422.97928511659234,995
2024-09-20 10:32:22.110000,422.9569937213681,14
2024-09-20 10:32:22.183000,422.92641691121145,101
2024-09-20 10:32:22.191000,422.96244951128295,1005
2024-09-20 10:32:22.199000,422.93039212514594,9
2024-09-20 10:32:22.233000,422.97200718944566,10
2024-09-20 10:32:22.238000,422.95381785441054,97
2024-09-20 10:32:22.247000,422.9327309972791,7
2024-09-20 10:32:22.272000,422.95786594758766,12
2024-09-20 10:32:22.357000,422.93865875616734,96
2024-09-20 10:32:22.432000,422.9670934925425,999
2024-09-20 10:32:22.456000,422.9090399832388,101
2024-09-20 10:32:22.573000,422.9201615915406,995
2024-09-20 10:32:22.573000,422.9593718756134,13
2024-09-20 10:32:22.746000,422.9357786207228,996
2024-09-20 10:32:22.777000,422.9725844955523,6
2024-09-20 10:32:22.809000,422.9477201391989,7
2024-09-20 10:32:22.896000,422.9492486538477,100
2024-09-20 10:32:22.977000,422.95651162793393,999
2024-09-20 10:32:23.025000,422.9410297068196,101
2024-09-20 10:32:23.153000,422.9518207528597,99
2024-09-20 10:32:23.176000,422.9446058957645,6
2024-09-20 10:32:23.194000,422.9161478748883,104
2024-09-20 10:32:23.213000,422.94091804726605,995
2024-09-20 10:32:23.243000,422.9435431563112,99
2024-09-20 10:32:23.244000,422.9519842313157,12
2024-09-20 10:32:23.307000,422.9515339506615,1005
2024-09-20 10:32:23.448000,422.9453705652409,1003
2024-09-20 10:32:23.469000,422.9470380556624,1005
2024-09-20 10:32:23.547000,422.8909607947009,997
2024-09-20 10:32:23.568000,422.8903855312564,1001
2024-09-20 10:32:23.610000,422.9357405737171,995
2024-09-20 10:32:23.644000,422.9548270125517,14
2024-09-20 10:32:23.709000,422.9493811700329,998
2024-09-20 10:32:23.799000,422.92327199143296,98
2024-09-20 10:32:23.815000,422.9480233463679,995
2024-09-20 10:32:23.829000,422.9419063181444,11
2024-09-20 10:32:23.843000,422.9355317699402,5
2024-09-20 10:32:23.925000,422.9384816294563,5
2024-09-20 10:32:23.998000,422.9379065030368,999
2024-09-20 10:32:24.046000,422.87537231914,1002
2024-09-20 10:32:24.203000,422.8682336418792,1000
2024-09-20 10:32:24.232000,422.890315665044,1005
2024-09-20 10:32:24.246000,422.8576180609962,1004
2024-09-20 10:32:24.297000,422.8639394116028,10
2024-09-20 10:32:24.392000,422.858141736124,97
2024-09-20 10:32:24.622000,422.89092565194113,9
2024-09-20 10:32:24.755000,422.8852396802993,11
2024-09-20 10:32:24.775000,422.8731894345402,996
2024-09-20 10:32:24.908000,422.8625640533749,11
2024-09-20 10:32:26.063000,422.80272566725694,96
2024-09-20 10:32:26.118000,422.835638148581,15
2024-09-20 10:32:26.190000,422.81012721313294,11
2024-09-20 10:32:26.196000,422.8360407483424,103
2024-09-20 10:32:26.231000,422.84413073532846,12
2024-09-20 10:32:26.231000,422.82502627947,1003
2024-09-20 10:32:26.235000,422.7971406091203,105
2024-09-20 10:32:26.250000,422.7941594591538,1002
2024-09-20 10:32:26.324000,422.8057186504904,102
2024-09-20 10:32:26.397000,422.8110825975997,95
2024-09-20 10:32:26.420000,422.83636628831977,12
2024-09-20 10:32:26.425000,422.8161213804015,10
2024-09-20 10:32:26.469000,422.83930530030045,12
2024-09-20 10:32:26.501000,422.81826366729314,1005
2024-09-20 10:32:26.506000,422.7790564179613,104
2024-09-20 10:32:26.514000,422.84259427374417,1005
2024-09-20 10:32:26.591000,422.8430166177927,99
2024-09-20 10:32:26.633000,422.8043176757639,7
2024-09-20 10:32:26.684000,422.79902956047385,996
2024-09-20 10:32:26.783000,422.82673335308016,95
2024-09-20 10:32:26.960000,422.8237242393567,995
2024-09-20 10:32:26.970000,422.8090084902162,105
2024-09-20 10:32:27.167000,422.7372725841708,103
2024-09-20 10:32:27.172000,422.7592711883008,1001
2024-09-20 10:32:27.176000,422.8257171640586,100
2024-09-20 10:32:27.180000,422.8105615763132,1005
2024-09-20 10:32:27.241000,422.7924685460611,15
2024-09-20 10:32:27.375000,422.8112784648629,95
2024-09-20 10:32:27.378000,422.8143601990629,14
2024-09-20 10:32:27.412000,422.82595301610667,999
2024-09-20 10:32:27.558000,422.8089674210912,997
2024-09-20 10:32:27.693000,422.7933396737544,102
2024-09-20 10:32:27.719000,422.755510140758,95
2024-09-20 10:32:27.728000,422.7499885771385,1005
2024-09-20 10:32:27.766000,422.82443728457713,102
2024-09-20 10:32:27.777000,422.7988870659532,5
2024-09-20 10:32:27.781000,422.771214531563,104
2024-09-20 10:32:27.873000,422.7396379162725,13
2024-09-20 10:32:27.953000,422.7512904460331,1000
2024-09-20 10:32:28.104000,422.72915794672775,105
2024-09-20 10:32:28.373000,422.7210111301624,100
2024-09-20 10:32:28.508000,422.754413163304,6
2024-09-20 10:32:28.633000,422.7554443770084,102
2024-09-20 10:32:29,422.671219651748,1004
2024-09-20 10:32:29.007000,422.66720380778,5
2024-09-20 10:32:29.139000,422.7132673618311,13
2024-09-20 10:32:29.143000,422.75974141366015,998
2024-09-20 10:32:29.193000,422.7527639553853,101
2024-09-20 10:32:29.285000,422.70084023137554,11
2024-09-20 10:32:29.319000,422.70583082741234,100
2024-09-20 10:32:29.476000,422.7011547642392,103
2024-09-20 10:32:29.492000,422.71896605810304,103
2024-09-20 10:32:29.643000,422.67095901714026,996
2024-09-20 10:32:29.688000,422.6637345881143,102
2024-09-20 10:32:29.725000,422.7500537717445,9
2024-09-20 10:32:29.853000,422.6934778935409,11
2024-09-20 10:32:29.906000,422.7432667839324,103
2024-09-20 10:32:30.037000,422.6500724542205,7
2024-09-20 10:32:30.127000,422.6706760791138,12
2024-09-20 10:32:30.135000,422.6488807786924,995
2024-09-20 10:32:30.187000,422.6105078604369,997
2024-09-20 10:32:30.214000,422.6509256730795,102
2024-09-20 10:32:30.225000,422.6339151758212,997
2024-09-20 10:32:30.276000,422.6761234390633,99
2024-09-20 10:32:30.304000,422.6369465366444,13
2024-09-20 10:32:30.310000,422.63544563434135,97
2024-09-20 10:32:30.316000,422.6724490383757,1000
2024-09-20 10:32:30.333000,422.6272181787447,1001
2024-09-20 10:32:30.426000,422.64271435630974,6
2024-09-20 10:32:30.494000,422.63026519643824,11
2024-09-20 10:32:30.498000,422.63117892507023,1001
2024-09-20 10:32:30.590000,422.6398795826749,15
2024-09-20 10:32:30.667000,422.6566880346506,996
2024-09-20 10:32:30.676000,422.6269077320661,105
2024-09-20 10:32:30.722000,422.65254801698205,1002
2024-09-20 10:32:30.769000,422.651829501172,95
2024-09-20 10:32:30.799000,422.6628508112396,8
2024-09-20 10:32:30.857000,422.6818957622138,999
2024-09-20 10:32:30.887000,422.6383731658292,103
2024-09-20 10:32:30.945000,422.6431137835228,96
2024-09-20 10:32:31.029000,422.6228929089702,13
2024-09-20 10:32:31.059000,422.6499374655336,10
2024-09-20 10:32:31.157000,422.6317752792379,100
2024-09-20 10:32:31.173000,422.64811906611857,13
2024-09-20 10:32:31.192000,422.6312914757684,101
2024-09-20 10:32:31.206000,422.6725296458794,104
2024-09-20 10:32:31.240000,422.6588723132232,100
2024-09-20 10:32:31.380000,422.6501011725878,95
2024-09-20 10:32:31.540000,422.6612076667653,98
2024-09-20 10:32:31.584000,422.6454301242376,996
2024-09-20 10:32:31.591000,422.65353559138464,6
2024-09-20 10:32:31.633000,422.6574319203805,15
2024-09-20 10:32:31.675000,422.6493558177717,1002
2024-09-20 10:32:31.678000,422.67008331466286,995
2024-09-20 10:32:31.746000,422.6598945650198,11
2024-09-20 10:32:31.877000,422.6275479737964,6
2024-09-20 10:32:31.877000,422.68409924323646,998
2024-09-20 10:32:31.879000,422.6992746052696,105
2024-09-20 10:32:31.952000,422.6885914085572,101
2024-09-20 10:32:32.023000,422.6558682404576,9
2024-09-20 10:32:32.038000,422.6141172979917,1004
2024-09-20 10:32:32.050000,422.6342127124537,13
2024-09-20 10:32:32.070000,422.6339596944239,998
2024-09-20 10:32:32.079000,422.63209914864217,103
2024-09-20 10:32:32.111000,422.61037795709706,97
2024-09-20 10:32:32.144000,422.61343936627947,996
2024-09-20 10:32:32.200000,422.621752335738,14
2024-09-20 10:32:32.241000,422.623663063733,1004
2024-09-20 10:32:32.263000,422.641518511207,97
2024-09-20 10:32:32.295000,422.6385983134536,9
2024-09-20 10:32:32.357000,422.6388271821719,14
2024-09-20 10:32:32.363000,422.67314193447913,10
2024-09-20 10:32:32.443000,422.6357228631039,15
2024-09-20 10:32:32.469000,422.6305454730169,8
2024-09-20 10:32:32.549000,422.6100711088538,1001
2024-09-20 10:32:32.576000,422.6410737841865,15
2024-09-20 10:32:32.586000,422.6151757721113,14
2024-09-20 10:32:32.604000,422.5880524852615,95
2024-09-20 10:32:32.655000,422.60883316787215,98
2024-09-20 10:32:32.732000,422.6421981888608,1000
2024-09-20 10:32:32.737000,422.6109824466384,1000
2024-09-20 10:32:32.827000,422.6160552365107,9
2024-09-20 10:32:32.837000,422.6184951039931,99
2024-09-20 10:32:32.848000,422.6432428423659,1000
2024-09-20 10:32:32.871000,422.6372750094772,10
2024-09-20 10:32:32.892000,422.62320948962935,996
2024-09-20 10:32:32.906000,422.6484700242436,98
2024-09-20 10:32:32.935000,422.6097481033418,7
2024-09-20 10:32:32.960000,422.5948727752129,13
2024-09-20 10:32:33.073000,422.61164798774655,105
2024-09-20 10:32:33.135000,422.66886737852616,104
2024-09-20 10:32:33.230000,422.624646542124,999
2024-09-20 10:32:33.421000,422.649850476864,996
2024-09-20 10:32:33.486000,422.6558815500736,105
2024-09-20 10:32:33.815000,422.5878632235545,8
2024-09-20 10:32:33.840000,422.5979477771278,1000
2024-09-20 10:32:33.858000,422.5696594011783,95
2024-09-20 10:32:33.926000,422.6490800676819,996
2024-09-20 10:32:34.061000,422.6247665797201,996
2024-09-20 10:32:34.077000,422.61109025822833,997
2024-09-20 10:32:34.269000,422.6224099459548,8
2024-09-20 10:32:34.342000,422.61977967157327,14
2024-09-20 10:32:34.347000,422.61477416688336,10
2024-09-20 10:32:34.399000,422.6150196391298,9
2024-09-20 10:32:34.450000,422.6014983962528,8
2024-09-20 10:32:34.757000,422.6076128602592,995
2024-09-20 10:32:34.835000,422.6193865027197,11
2024-09-20 10:32:34.962000,422.6344949674356,1002
2024-09-20 10:32:34.978000,422.6271917212632,99
2024-09-20 10:32:35.223000,422.621695154894,103
2024-09-20 10:32:35.262000,422.6226059304601,1002
2024-09-20 10:32:35.282000,422.6044085134839,12
2024-09-20 10:32:35.435000,422.6047833800823,1003
2024-09-20 10:32:35.438000,422.6001125966102,1002
2024-09-20 10:32:35.662000,422.62330643717496,1005
2024-09-20 10:32:35.667000,422.6019206226844,95
2024-09-20 10:32:35.733000,422.5880658798255,105
2024-09-20 10:32:35.739000,422.631766175572,104
2024-09-20 10:32:35.804000,422.6160828821792,999
2024-09-20 10:32:35.857000,422.60916909612496,1001
2024-09-20 10:32:35.889000,422.6353963842769,998
2024-09-20 10:32:35.906000,422.5811278094766,105
2024-09-20 10:32:36.037000,422.63266270228246,13
2024-09-20 10:32:36.124000,422.6170978564133,996
2024-09-20 10:32:36.126000,422.6129183916245,105
2024-09-20 10:32:36.137000,422.6310383615068,105
2024-09-20 10:32:36.140000,422.6174858129488,999
2024-09-20 10:32:36.152000,422.6174216168921,104
2024-09-20 10:32:36.253000,422.5915340697853,9
2024-09-20 10:32:36.326000,422.6065928515204,998
2024-09-20 10:32:36.329000,422.6225051244814,105
2024-09-20 10:32:36.362000,422.62110004091056,1005
2024-09-20 10:32:36.509000,422.5913081370767,999
2024-09-20 10:32:36.597000,422.607668833677,7
2024-09-20 10:32:36.659000,422.59555091145006,12
2024-09-20 10:32:36.687000,422.63070454181457,14
2024-09-20 10:32:36.770000,422.6291543933708,13
2024-09-20 10:32:36.909000,422.62629503094325,1002
2024-09-20 10:32:36.970000,422.6133466181563,11
2024-09-20 10:32:37.078000,422.6000448232304,14
2024-09-20 10:32:37.125000,422.5669076084688,104
2024-09-20 10:32:37.571000,422.6185104712431,15
2024-09-20 10:32:37.617000,422.59901733739,996
2024-09-20 10:32:37.618000,422.60776043494616,998
2024-09-20 10:32:37.657000,422.5928965393755,13
2024-09-20 10:32:37.689000,422.60145926757815,98
2024-09-20 10:32:37.830000,422.6019110273359,1002
2024-09-20 10:32:37.913000,422.6059166835424,99
2024-09-20 10:32:38.020000,422.57832556909614,102
2024-09-20 10:32:38.021000,422.5748735960059,6
2024-09-20 10:32:38.064000,422.5780668280156,1001
2024-09-20 10:32:38.069000,422.61630097678767,12
2024-09-20 10:32:38.116000,422.5998511621402,104
2024-09-20 10:32:38.191000,422.5977712126077,11
2024-09-20 10:32:38.226000,422.5953353396712,1001
2024-09-20 10:32:38.285000,422.5744585987368,1003
2024-09-20 10:32:38.299000,422.5824433814227,100
2024-09-20 10:32:38.307000,422.59664127934207,7
2024-09-20 10:32:38.332000,422.5741143924074,103
2024-09-20 10:32:38.340000,422.5870986244526,10
2024-09-20 10:32:38.440000,422.59996087378335,6
2024-09-20 10:32:38.584000,422.6180679529148,8
2024-09-20 10:32:38.609000,422.594739248701,97
2024-09-20 10:32:38.660000,422.5980848448416,13
2024-09-20 10:32:38.745000,422.6207109461016,1004
2024-09-20 10:32:38.768000,422.588533825019,999
2024-09-20 10:32:38.860000,422.5860584728192,12
2024-09-20 10:32:38.881000,422.614947879846,98
2024-09-20 10:32:38.962000,422.5818811560543,101
2024-09-20 10:32:39.037000,422.65490952304896,11
2024-09-20 10:32:39.134000,422.65913373489445,9
2024-09-20 10:32:39.180000,422.67040097934415,998
2024-09-20 10:32:39.196000,422.74423963786944,9
2024-09-20 10:32:39.394000,422.73434338030137,15
2024-09-20 10:32:39.399000,422.6986011258834,105
2024-09-20 10:32:39.444000,422.736907836328,1001
2024-09-20 10:32:39.482000,422.6567065944024,7
2024-09-20 10:32:39.493000,422.6392444153139,100
2024-09-20 10:32:39.554000,422.6589032533285,999
2024-09-20 10:32:39.559000,422.671730709839,104
2024-09-20 10:32:39.639000,422.6900870427891,1003
2024-09-20 10:32:39.666000,422.6748374372556,105
2024-09-20 10:32:39.688000,422.6664998978371,9
2024-09-20 10:32:39.705000,422.6927627827717,8
2024-09-20 10:32:39.750000,422.6939055552269,5
2024-09-20 10:32:39.838000,422.6913427138552,1003
2024-09-20 10:32:39.863000,422.6689456975794,95
2024-09-20 10:32:39.869000,422.683761851853,5
2024-09-20 10:32:39.908000,422.6706416186657,101
2024-09-20 10:32:39.910000,422.696167728469,103
2024-09-20 10:32:40.131000,422.7399553603995,9
2024-09-20 10:32:40.192000,422.7703192660757,97
2024-09-20 10:32:40.227000,422.76224804118993,999
2024-09-20 10:32:40.270000,422.728962473868,1003
2024-09-20 10:32:40.280000,422.743162548502,999
2024-09-20 10:32:40.447000,422.7400426936723,1003
2024-09-20 10:32:40.768000,422.7559655044076,996
2024-09-20 10:32:40.831000,422.7425453551045,5
2024-09-20 10:32:40.838000,422.7665652889059,95
2024-09-20 10:32:40.971000,422.7335402660398,99
2024-09-20 10:32:41.048000,422.7253213582292,15
2024-09-20 10:32:41.100000,422.7527776141028,10
2024-09-20 10:32:41.188000,422.7333601910861,11
2024-09-20 10:32:41.210000,422.7138562891756,10
2024-09-20 10:32:41.249000,422.7195443093895,998
2024-09-20 10:32:41.350000,422.6973614400477,1005
2024-09-20 10:32:41.451000,422.7138389205973,97
2024-09-20 10:32:41.510000,422.7475225811176,1002
2024-09-20 10:32:41.568000,422.7386495202214,14
2024-09-20 10:32:41.658000,422.7300599434242,1005
2024-09-20 10:32:41.682000,422.70693034576266,15
2024-09-20 10:32:41.748000,422.7280770280234,99
2024-09-20 10:32:41.823000,422.72512699437175,96
2024-09-20 10:32:41.835000,422.7238210816163,97
2024-09-20 10:32:41.943000,422.7159592497282,103
2024-09-20 10:32:41.976000,422.71294072175925,10
2024-09-20 10:32:41.989000,422.7320529243264,15
2024-09-20 10:32:42.058000,422.7441346538039,105
2024-09-20 10:32:42.093000,422.7536592575495,11
2024-09-20 10:32:42.106000,422.7479565524622,8
2024-09-20 10:32:42.178000,422.7404187897456,100
2024-09-20 10:32:42.381000,422.77967972921294,104
2024-09-20 10:32:42.387000,422.7689117633439,99
2024-09-20 10:32:42.437000,422.7631233808088,14
2024-09-20 10:32:42.458000,422.7674306796602,996
2024-09-20 10:32:42.473000,422.74530336314336,15
2024-09-20 10:32:42.474000,422.7465434137028,7
2024-09-20 10:32:42.523000,422.76903635828063,11
2024-09-20 10:32:42.605000,422.7504398761589,9
2024-09-20 10:32:42.613000,422.7454250676796,1002
2024-09-20 10:32:42.615000,422.7748777451481,996
2024-09-20 10:32:42.689000,422.7933269430885,1002
2024-09-20 10:32:42.741000,422.746724835908,10
2024-09-20 10:32:42.752000,422.7640872833234,999
2024-09-20 10:32:42.808000,422.7527073345983,13
2024-09-20 10:32:42.881000,422.7614681658102,1002
2024-09-20 10:32:43.037000,422.65693679728537,100
2024-09-20 10:32:43.108000,422.72681386397625,996
2024-09-20 10:32:43.110000,422.6577607070943,7
2024-09-20 10:32:43.115000,422.6808746508945,13
2024-09-20 10:32:43.144000,422.7091490072213,99
2024-09-20 10:32:43.381000,422.79653039861614,996
2024-09-20 10:32:43.421000,422.6872064156637,1001
2024-09-20 10:32:43.434000,422.7124144035461,15
2024-09-20 10:32:43.526000,422.6714042034865,12
2024-09-20 10:32:43.531000,422.65065438348125,11
2024-09-20 10:32:43.579000,422.65618605924897,15
2024-09-20 10:32:43.677000,422.6512667005017,8
2024-09-20 10:32:43.753000,422.7477706052677,15
2024-09-20 10:32:43.789000,422.6600479841072,99
2024-09-20 10:32:43.923000,422.66739835227634,999
2024-09-20 10:32:43.968000,422.7687151621509,10
2024-09-20 10:32:43.993000,422.6637508340344,11
2024-09-20 10:32:44.506000,422.6854108846802,15
2024-09-20 10:32:44.542000,422.6785039984758,15
2024-09-20 10:32:44.624000,422.6598580031064,1003
2024-09-20 10:32:45.065000,422.6848516113584,7
2024-09-20 10:32:45.089000,422.641671636042,95
2024-09-20 10:32:45.158000,422.6248867987519,95
2024-09-20 10:32:45.184000,422.6433076378474,102
2024-09-20 10:32:45.213000,422.6646878476421,101
2024-09-20 10:32:45.385000,422.6159105728126,97
2024-09-20 10:32:45.431000,422.667801695765,14
2024-09-20 10:32:45.434000,422.6710462841149,103
2024-09-20 10:32:45.445000,422.6537847981791,102
2024-09-20 10:32:45.464000,422.6276418101836,101
2024-09-20 10:32:45.480000,422.6701121246494,102
2024-09-20 10:32:45.507000,422.6504331831689,13
2024-09-20 10:32:45.541000,422.6244871910818,98
2024-09-20 10:32:45.559000,422.6269304257384,14
2024-09-20 10:32:45.594000,422.6309757358785,10
2024-09-20 10:32:45.601000,422.6576401954349,7
2024-09-20 10:32:45.640000,422.6320872212218,12
2024-09-20 10:32:45.670000,422.6324861496788,9
2024-09-20 10:32:45.717000,422.6342258147885,96
2024-09-20 10:32:45.731000,422.632776660041,7
2024-09-20 10:32:45.735000,422.6598136093921,105
2024-09-20 10:32:45.779000,422.6421038920637,6
2024-09-20 10:32:45.997000,422.6487993251404,104
2024-09-20 10:32:46.024000,422.6692462639684,13
2024-09-20 10:32:46.029000,422.6684070022995,999
2024-09-20 10:32:46.030000,422.6721932535809,999
2024-09-20 10:32:46.074000,422.67099080087655,8
2024-09-20 10:32:46.100000,422.6815852808471,11
2024-09-20 10:32:46.161000,422.6616606859189,998
2024-09-20 10:32:46.242000,422.69830053169545,10
2024-09-20 10:32:46.348000,422.6921304250813,10
2024-09-20 10:32:46.351000,422.6827100581476,1000
2024-09-20 10:32:46.425000,422.6769104018947,995
2024-09-20 10:32:46.425000,422.6861609029676,7
2024-09-20 10:32:46.462000,422.70069386428025,9
2024-09-20 10:32:46.625000,422.67642651033,6
2024-09-20 10:32:46.704000,422.701472092875,1002
2024-09-20 10:32:46.743000,422.66174096399305,1000
2024-09-20 10:32:46.778000,422.6891244975529,999
2024-09-20 10:32:46.780000,422.6921343449555,5
2024-09-20 10:32:46.827000,422.6988826720512,1002
2024-09-20 10:32:47.006000,422.6821547380979,996
2024-09-20 10:32:47.086000,422.6734168064807,997
2024-09-20 10:32:47.130000,422.63829769257535,6
2024-09-20 10:32:47.151000,422.6863283264925,996
2024-09-20 10:32:47.200000,422.6563422846418,102
2024-09-20 10:32:47.286000,422.6617840645212,13
2024-09-20 10:32:47.289000,422.6536059186456,9
2024-09-20 10:32:47.320000,422.6796847178541,12
2024-09-20 10:32:47.359000,422.62577051078847,96
2024-09-20 10:32:47.396000,422.6656840860831,995
2024-09-20 10:32:47.403000,422.655947663628,96
2024-09-20 10:32:47.422000,422.6903991432829,996
2024-09-20 10:32:47.455000,422.66929407415137,1005
2024-09-20 10:32:47.456000,422.65683645655326,1004
2024-09-20 10:32:47.652000,422.6602274327469,1003
2024-09-20 10:32:47.722000,422.63416450929327,9
2024-09-20 10:32:47.732000,422.6703075625165,1001
2024-09-20 10:32:47.752000,422.6675303479827,10
2024-09-20 10:32:47.762000,422.6251280237909,97
2024-09-20 10:32:47.994000,422.6742035981558,15
2024-09-20 10:32:48.030000,422.57426566849216,105
2024-09-20 10:32:48.086000,422.6285589923247,96
2024-09-20 10:32:48.205000,422.6075464692533,103
2024-09-20 10:32:48.302000,422.63457726641735,12
2024-09-20 10:32:48.458000,422.59040210380095,99
2024-09-20 10:32:48.531000,422.55448194249146,12
2024-09-20 10:32:48.583000,422.6518984784992,999
2024-09-20 10:32:48.606000,422.5748185633508,1002
2024-09-20 10:32:48.695000,422.6255495787308,100
2024-09-20 10:32:48.778000,422.6343648533204,1004
2024-09-20 10:32:48.824000,422.6229269130784,8
2024-09-20 10:32:48.918000,422.5614411671771,102
2024-09-20 10:32:48.931000,422.6411823863456,999
2024-09-20 10:32:49.094000,422.5677348803312,102
2024-09-20 10:32:49.147000,422.5983172511028,1005
2024-09-20 10:32:49.529000,422.5625663323626,97
2024-09-20 10:32:49.558000,422.6022654640137,104
2024-09-20 10:32:49.638000,422.5890449938712,7
2024-09-20 10:32:49.843000,422.5897191386442,102
2024-09-20 10:32:50.044000,422.70316471388224,6
2024-09-20 10:32:50.151000,422.5951368027142,996
2024-09-20 10:32:50.161000,422.5793353320665,1001
2024-09-20 10:32:50.175000,422.7402739527334,1004
2024-09-20 10:32:50.187000,422.6259486456577,102
2024-09-20 10:32:50.213000,422.688681890366,100
2024-09-20 10:32:50.217000,422.63131820525166,7
2024-09-20 10:32:50.244000,422.664866026062,997
2024-09-20 10:32:50.256000,422.6157796283295,98
2024-09-20 10:32:50.300000,422.6551652071644,1005
2024-09-20 10:32:50.312000,422.62791216024937,97
2024-09-20 10:32:50.318000,422.5953561032194,14
2024-09-20 10:32:50.341000,422.6480538822655,1000
2024-09-20 10:32:50.351000,422.65082355040687,104
2024-09-20 10:32:50.409000,422.7151283982846,12
2024-09-20 10:32:50.472000,422.7179202125613,103
2024-09-20 10:32:50.490000,422.6458256867864,10
2024-09-20 10:32:50.577000,422.65617409657415,12
2024-09-20 10:32:50.625000,422.7089331441484,96
2024-09-20 10:32:50.643000,422.584030582914,15
2024-09-20 10:32:50.769000,422.6538383903157,997
2024-09-20 10:32:50.848000,422.6353277937493,5
2024-09-20 10:32:50.860000,422.6343946784602,7
2024-09-20 10:32:50.900000,422.6431721097068,102
2024-09-20 10:32:50.917000,422.720578675804,6
2024-09-20 10:32:50.921000,422.670239870747,8
2024-09-20 10:32:50.940000,422.7382196719335,996
2024-09-20 10:32:50.977000,422.61540274516943,14
2024-09-20 10:32:51.044000,422.7356442467782,997
2024-09-20 10:32:51.084000,422.7633390384352,1001
2024-09-20 10:32:51.162000,422.7559874439039,11
2024-09-20 10:32:51.179000,422.72074629592873,10
2024-09-20 10:32:51.238000,422.7209652685538,6
2024-09-20 10:32:51.286000,422.78156895507726,998
2024-09-20 10:32:51.291000,422.78511383378543,6
2024-09-20 10:32:51.310000,422.7323360161304,995
2024-09-20 10:32:51.372000,422.72888100927736,13
2024-09-20 10:32:51.394000,422.7684479127871,103
2024-09-20 10:32:51.421000,422.7373262317647,105
2024-09-20 10:32:51.514000,422.72251270007104,105
2024-09-20 10:32:51.517000,422.7238998085593,5
2024-09-20 10:32:51.523000,422.7373230128893,8
2024-09-20 10:32:51.525000,422.7553076484264,7
2024-09-20 10:32:51.535000,422.7399563796926,11
2024-09-20 10:32:51.542000,422.70921562822673,997
2024-09-20 10:32:51.618000,422.70835604544726,997
2024-09-20 10:32:51.627000,422.7258058423208,15
2024-09-20 10:32:51.740000,422.753065414446,12
2024-09-20 10:32:51.756000,422.7439716304176,102
2024-09-20 10:32:51.777000,422.7162130552113,12
2024-09-20 10:32:51.871000,422.7258568477541,1000
2024-09-20 10:32:52.150000,422.7371467913652,1001
2024-09-20 10:32:52.163000,422.7571826338591,996
2024-09-20 10:32:52.194000,422.7426695343669,13
2024-09-20 10:32:52.202000,422.7583467564735,95
2024-09-20 10:32:52.229000,422.7620843123687,105
2024-09-20 10:32:52.257000,422.7415938045685,998
2024-09-20 10:32:52.440000,422.7314203489583,103
2024-09-20 10:32:52.442000,422.7304599438831,6
2024-09-20 10:32:52.513000,422.744139975293,12
2024-09-20 10:32:52.541000,422.72096286922994,1002
2024-09-20 10:32:52.550000,422.73496169380354,997
2024-09-20 10:32:52.592000,422.7466739864449,102
2024-09-20 10:32:52.652000,422.7368895916657,99
2024-09-20 10:32:52.696000,422.7007004409954,1003
2024-09-20 10:32:52.731000,422.7177980360824,96
2024-09-20 10:32:52.837000,422.72975200629554,995
2024-09-20 10:32:52.860000,422.7068223149771,1001
2024-09-20 10:32:52.895000,422.7439508029543,15
2024-09-20 10:32:52.940000,422.7496017594616,6
2024-09-20 10:32:52.977000,422.74825372456417,13
2024-09-20 10:32:53.090000,422.7124522592838,99
2024-09-20 10:32:53.102000,422.75734691457046,15
2024-09-20 10:32:53.184000,422.72764236236026,999
2024-09-20 10:32:53.197000,422.7728193835338,1002
2024-09-20 10:32:53.229000,422.7166070920037,101
2024-09-20 10:32:53.250000,422.7317964245214,98
2024-09-20 10:32:53.391000,422.7736619830689,15
2024-09-20 10:32:53.399000,422.7299324331708,5
2024-09-20 10:32:53.411000,422.71283123409086,13
2024-09-20 10:32:53.455000,422.7302466608298,10
2024-09-20 10:32:53.496000,422.7029499993452,98
2024-09-20 10:32:53.506000,422.7593468666088,103
2024-09-20 10:32:53.510000,422.7000634574639,9
2024-09-20 10:32:53.603000,422.7338631124618,995
2024-09-20 10:32:53.614000,422.7041521168055,5
2024-09-20 10:32:53.629000,422.7196849427893,1000
2024-09-20 10:32:53.636000,422.7730466061839,996
2024-09-20 10:32:53.714000,422.6977280052433,98
2024-09-20 10:32:53.758000,422.7012091621161,9
2024-09-20 10:32:53.816000,422.7113551429215,13
2024-09-20 10:32:53.818000,422.68900618912994,100
2024-09-20 10:32:53.828000,422.7686862412003,8
2024-09-20 10:32:53.878000,422.6945501501154,999
2024-09-20 10:32:53.941000,422.7400699238543,1000
2024-09-20 10:32:53.949000,422.7274341716866,7
2024-09-20 10:32:54.100000,422.6943462947794,104
2024-09-20 10:32:54.318000,422.6801157516082,997
2024-09-20 10:32:54.866000,422.6731675494714,997
2024-09-20 10:32:55.074000,422.692621204194,97
2024-09-20 10:32:55.087000,422.66644159945065,9
2024-09-20 10:32:55.149000,422.7114878419416,95
2024-09-20 10:32:55.275000,422.7267305095168,98
2024-09-20 10:32:55.284000,422.7420494544858,10
2024-09-20 10:32:55.288000,422.7497854524745,98
2024-09-20 10:32:55.339000,422.749228350763,96
2024-09-20 10:32:55.360000,422.7146876071192,9
2024-09-20 10:32:55.404000,422.7807591184076,997
2024-09-20 10:32:55.412000,422.6971581998808,1001
2024-09-20 10:32:55.535000,422.70293477549984,11
2024-09-20 10:32:55.546000,422.7420581764264,996
2024-09-20 10:32:55.593000,422.7034576689432,101
2024-09-20 10:32:55.597000,422.67200562292174,15
2024-09-20 10:32:55.610000,422.7016780051823,1004
2024-09-20 10:32:55.697000,422.7114945190829,1002
2024-09-20 10:32:55.737000,422.7002521904431,997
2024-09-20 10:32:55.758000,422.7684623022645,998
2024-09-20 10:32:55.772000,422.703649772758,98
2024-09-20 10:32:55.887000,422.7227455407319,998
2024-09-20 10:32:55.900000,422.6828884301247,96
2024-09-20 10:32:55.940000,422.763928139966,12
2024-09-20 10:32:55.953000,422.6900646182133,100
2024-09-20 10:32:56.102000,422.761357966567,7
2024-09-20 10:32:56.120000,422.7615560589737,1000
2024-09-20 10:32:56.161000,422.759565969659,10
2024-09-20 10:32:56.317000,422.7664725016537,12
2024-09-20 10:32:56.374000,422.7626056031604,1002
2024-09-20 10:32:56.401000,422.7535353066492,9
2024-09-20 10:32:56.438000,422.7619830999553,7
2024-09-20 10:32:56.448000,422.7717155880508,1005
2024-09-20 10:32:56.568000,422.7685868272541,103
2024-09-20 10:32:56.685000,422.77135172423226,98
2024-09-20 10:32:56.854000,422.761628284008,14
2024-09-20 10:32:56.855000,422.7667443450508,1002
2024-09-20 10:32:56.873000,422.75423180822463,101
2024-09-20 10:32:56.888000,422.7473848163679,6
2024-09-20 10:32:56.995000,422.7697654878578,95
2024-09-20 10:32:57.049000,422.7507125639799,103
2024-09-20 10:32:57.116000,422.747059890016,1000
2024-09-20 10:32:57.118000,422.74459847588815,95
2024-09-20 10:32:57.130000,422.7251729053471,997
2024-09-20 10:32:57.135000,422.72907088197,1005
2024-09-20 10:32:57.161000,422.7655964735782,15
2024-09-20 10:32:57.174000,422.7195732558236,96
2024-09-20 10:32:57.179000,422.7418650521091,97
2024-09-20 10:32:57.214000,422.7696945717198,1003
2024-09-20 10:32:57.300000,422.7511104580771,104
2024-09-20 10:32:57.309000,422.78334532925714,6
2024-09-20 10:32:57.322000,422.7692667358084,105
2024-09-20 10:32:57.329000,422.7685394125884,1000
2024-09-20 10:32:57.364000,422.78252418210633,6
2024-09-20 10:32:57.413000,422.7203769926971,1001
2024-09-20 10:32:57.416000,422.7739357837681,1004
2024-09-20 10:32:57.490000,422.7669171127277,9
2024-09-20 10:32:57.492000,422.7218924676209,5
2024-09-20 10:32:57.514000,422.7444097303148,102
2024-09-20 10:32:57.588000,422.7739301231875,13
2024-09-20 10:32:57.595000,422.7489090945159,998
2024-09-20 10:32:57.624000,422.7408045414454,100
2024-09-20 10:32:57.646000,422.7522774492017,1000
2024-09-20 10:32:57.764000,422.77362325373394,11
2024-09-20 10:32:57.797000,422.7660302333316,97
2024-09-20 10:32:57.825000,422.7334021677445,8
2024-09-20 10:32:57.876000,422.7611178379673,103
2024-09-20 10:32:57.885000,422.7638271043944,6
2024-09-20 10:32:57.941000,422.78533441936014,13
2024-09-20 10:32:58.080000,422.7573434765645,997
2024-09-20 10:32:58.242000,422.7345513143285,102
2024-09-20 10:32:58.355000,422.71581500756207,9
2024-09-20 10:32:58.482000,422.7676302014301,98
2024-09-20 10:32:58.488000,422.7695229011328,98
2024-09-20 10:32:58.531000,422.75669090099,1005
2024-09-20 10:32:58.647000,422.74722824253325,999
2024-09-20 10:32:58.738000,422.7688299437612,7
2024-09-20 10:32:58.833000,422.71492669932894,995
2024-09-20 10:32:58.945000,422.7309900351714,1001
2024-09-20 10:32:59.035000,422.729766436745,1004
2024-09-20 10:32:59.091000,422.7052188016743,9
2024-09-20 10:32:59.119000,422.6824300546294,998
2024-09-20 10:32:59.153000,422.67993274410645,5
2024-09-20 10:32:59.161000,422.6904494839681,11
2024-09-20 10:32:59.174000,422.7127834895642,100
2024-09-20 10:32:59.364000,422.6781082622201,998
2024-09-20 10:32:59.389000,422.6587879151024,96
2024-09-20 10:32:59.495000,422.6392225524351,997
2024-09-20 10:32:59.505000,422.6607134638159,8
2024-09-20 10:32:59.586000,422.66801863597374,14
2024-09-20 10:32:59.612000,422.6982398320664,103
2024-09-20 10:32:59.690000,422.6836000537583,105
2024-09-20 10:32:59.691000,422.7114269078671,12
2024-09-20 10:32:59.872000,422.6790840422079,1004
2024-09-20 10:32:59.873000,422.7396215813656,9
2024-09-20 10:32:59.925000,422.70009319660267,997
