Timestamp,Price,Size
2024-09-17 11:57:00.012000,411.259315052314,13
2024-09-17 11:57:00.046000,411.2472755487671,1003
2024-09-17 11:57:00.105000,411.3222367883712,6
2024-09-17 11:57:00.114000,411.2675540567208,101
2024-09-17 11:57:00.129000,411.25713627608593,999
2024-09-17 11:57:00.143000,411.2952203488314,9
2024-09-17 11:57:00.187000,411.3166914122447,96
2024-09-17 11:57:00.218000,411.28329231196153,998
2024-09-17 11:57:00.272000,411.3146094209415,100
2024-09-17 11:57:00.350000,411.2441279920335,6
2024-09-17 11:57:00.418000,411.2513821498492,13
2024-09-17 11:57:00.483000,411.2316403703289,101
2024-09-17 11:57:00.514000,411.3081224901669,1002
2024-09-17 11:57:00.613000,411.28030786296654,98
2024-09-17 11:57:00.656000,411.3130681711894,9
2024-09-17 11:57:00.663000,411.2664388606033,8
2024-09-17 11:57:00.684000,411.2563864567467,996
2024-09-17 11:57:00.708000,411.24215249546,1002
2024-09-17 11:57:00.747000,411.227097352537,1004
2024-09-17 11:57:00.774000,411.2877862708027,998
2024-09-17 11:57:00.779000,411.26170700272286,997
2024-09-17 11:57:00.800000,411.2432272048907,103
2024-09-17 11:57:00.900000,411.27660611591,1004
2024-09-17 11:57:00.922000,411.24996071805776,8
2024-09-17 11:57:00.944000,411.2647273214862,1005
2024-09-17 11:57:00.963000,411.3184450372852,13
2024-09-17 11:57:00.996000,411.26878118286527,96
2024-09-17 11:57:01.024000,411.34814182065946,1003
2024-09-17 11:57:01.027000,411.34731998981385,998
2024-09-17 11:57:01.149000,411.3279679833091,98
2024-09-17 11:57:01.305000,411.3310802766368,7
2024-09-17 11:57:01.330000,411.36491179167496,97
2024-09-17 11:57:01.347000,411.33727195083816,7
2024-09-17 11:57:01.363000,411.3280172846418,95
2024-09-17 11:57:01.554000,411.3425515293848,100
2024-09-17 11:57:01.631000,411.36483340143167,6
2024-09-17 11:57:01.645000,411.3394094792109,12
2024-09-17 11:57:01.708000,411.3249125619614,995
2024-09-17 11:57:01.728000,411.3384038019402,11
2024-09-17 11:57:01.845000,411.3344721947941,98
2024-09-17 11:57:01.895000,411.3271926648484,95
2024-09-17 11:57:01.909000,411.3406330546084,105
2024-09-17 11:57:02.009000,411.3596956593341,1000
2024-09-17 11:57:02.039000,411.35731135513,100
2024-09-17 11:57:02.126000,411.4282328731753,997
2024-09-17 11:57:02.127000,411.37598625087134,1001
2024-09-17 11:57:02.363000,411.38178710848433,100
2024-09-17 11:57:02.522000,411.36891229632,995
2024-09-17 11:57:02.525000,411.364341301924,999
2024-09-17 11:57:02.829000,411.3847789994375,15
2024-09-17 11:57:02.884000,411.3595809002572,95
2024-09-17 11:57:02.919000,411.3729678676376,99
2024-09-17 11:57:02.954000,411.376125655618,105
2024-09-17 11:57:03.034000,411.338382373922,13
2024-09-17 11:57:03.082000,411.34168182277085,1002
2024-09-17 11:57:03.136000,411.2759379186365,1005
2024-09-17 11:57:03.156000,411.34460560168606,1005
2024-09-17 11:57:03.166000,411.316290823861,100
2024-09-17 11:57:03.272000,411.3592705286953,9
2024-09-17 11:57:03.344000,411.3243919411499,10
2024-09-17 11:57:03.398000,411.2676208544684,1002
2024-09-17 11:57:03.404000,411.31503194125895,11
2024-09-17 11:57:03.407000,411.2803093334139,99
2024-09-17 11:57:03.417000,411.32355698332594,1004
2024-09-17 11:57:03.470000,411.3178838426676,96
2024-09-17 11:57:03.471000,411.3065359233164,10
2024-09-17 11:57:03.536000,411.3317504059097,1001
2024-09-17 11:57:03.551000,411.3373211323057,5
2024-09-17 11:57:03.571000,411.2691314369309,102
2024-09-17 11:57:03.645000,411.37491443109616,8
2024-09-17 11:57:03.779000,411.29052784436857,7
2024-09-17 11:57:03.804000,411.3335148172032,6
2024-09-17 11:57:03.816000,411.3370408997275,96
2024-09-17 11:57:03.879000,411.31371892783375,999
2024-09-17 11:57:03.912000,411.36698744137954,10
2024-09-17 11:57:03.924000,411.3264004663754,11
2024-09-17 11:57:03.958000,411.2988220844999,96
2024-09-17 11:57:03.966000,411.3434146097521,999
2024-09-17 11:57:03.993000,411.3079300733982,1002
2024-09-17 11:57:04.033000,411.2435857000885,102
2024-09-17 11:57:04.128000,411.2385673983434,8
2024-09-17 11:57:04.438000,411.23218994328266,6
2024-09-17 11:57:04.445000,411.21966315437385,102
2024-09-17 11:57:04.501000,411.2457967506117,103
2024-09-17 11:57:04.695000,411.2791656209137,98
2024-09-17 11:57:04.836000,411.2645728422392,103
2024-09-17 11:57:05.011000,411.2725112552533,997
2024-09-17 11:57:05.051000,411.2841511815425,97
2024-09-17 11:57:05.177000,411.3103985675831,6
2024-09-17 11:57:05.215000,411.2730742934199,5
2024-09-17 11:57:05.218000,411.2649963233169,997
2024-09-17 11:57:05.219000,411.2860454466916,95
2024-09-17 11:57:05.224000,411.2682009866262,995
2024-09-17 11:57:05.233000,411.3218222651186,102
2024-09-17 11:57:05.312000,411.2886020934048,14
2024-09-17 11:57:05.348000,411.2497894433344,10
2024-09-17 11:57:05.373000,411.2728211710883,10
2024-09-17 11:57:05.464000,411.2988665416648,104
2024-09-17 11:57:05.474000,411.2881856718195,1002
2024-09-17 11:57:05.494000,411.3020681564871,13
2024-09-17 11:57:05.565000,411.2831458976232,97
2024-09-17 11:57:05.638000,411.2723265217924,102
2024-09-17 11:57:05.664000,411.2902640418567,13
2024-09-17 11:57:05.676000,411.2869717464226,105
2024-09-17 11:57:05.764000,411.2822733550562,8
2024-09-17 11:57:05.780000,411.2911861603678,1003
2024-09-17 11:57:05.805000,411.2874225832433,9
2024-09-17 11:57:05.836000,411.2802790948044,103
2024-09-17 11:57:05.977000,411.2775673337247,998
2024-09-17 11:57:05.978000,411.287804583494,101
2024-09-17 11:57:06.009000,411.32305584827895,105
2024-09-17 11:57:06.210000,411.2809317095981,6
2024-09-17 11:57:06.286000,411.3109943219988,8
2024-09-17 11:57:06.332000,411.312647996582,1000
2024-09-17 11:57:06.661000,411.2781574265503,100
2024-09-17 11:57:06.856000,411.31933563034056,10
2024-09-17 11:57:06.872000,411.3107601717562,15
2024-09-17 11:57:06.919000,411.3144201928101,97
2024-09-17 11:57:06.968000,411.2772543576324,96
2024-09-17 11:57:06.971000,411.2702865811148,96
2024-09-17 11:57:07.002000,411.2713128552385,1000
2024-09-17 11:57:07.002000,411.3272970825446,1001
2024-09-17 11:57:07.085000,411.284410357046,7
2024-09-17 11:57:07.227000,411.338190449006,8
2024-09-17 11:57:07.283000,411.3314689171002,1005
2024-09-17 11:57:07.386000,411.2746108287622,102
2024-09-17 11:57:07.419000,411.3394150579334,99
2024-09-17 11:57:07.432000,411.3273396260256,104
2024-09-17 11:57:07.443000,411.3486403692896,14
2024-09-17 11:57:07.553000,411.3235218776669,996
2024-09-17 11:57:07.572000,411.3195123925568,1003
2024-09-17 11:57:07.600000,411.2763261022321,1005
2024-09-17 11:57:07.619000,411.2956754302909,105
2024-09-17 11:57:07.671000,411.3390136192824,1003
2024-09-17 11:57:07.697000,411.3289415293082,1001
2024-09-17 11:57:07.705000,411.29287770522296,98
2024-09-17 11:57:07.713000,411.3436542262133,102
2024-09-17 11:57:07.796000,411.2721620466649,8
2024-09-17 11:57:07.968000,411.3089817330381,13
2024-09-17 11:57:08.094000,411.3523456517247,97
2024-09-17 11:57:08.099000,411.3220927551686,1002
2024-09-17 11:57:08.271000,411.29363146680816,14
2024-09-17 11:57:08.282000,411.325970260434,95
2024-09-17 11:57:08.344000,411.359045818409,105
2024-09-17 11:57:08.356000,411.3527777220656,95
2024-09-17 11:57:08.383000,411.3629423976131,1002
2024-09-17 11:57:08.470000,411.3593587075188,103
2024-09-17 11:57:08.534000,411.3261048334812,997
2024-09-17 11:57:08.590000,411.35899721240537,996
2024-09-17 11:57:08.640000,411.3504941755911,96
2024-09-17 11:57:08.714000,411.33875091872034,103
2024-09-17 11:57:08.729000,411.3389886222693,1002
2024-09-17 11:57:08.772000,411.3494853037959,96
2024-09-17 11:57:08.780000,411.35081442621095,1000
2024-09-17 11:57:08.832000,411.2892507560231,7
2024-09-17 11:57:08.834000,411.28003341608337,96
2024-09-17 11:57:08.842000,411.3085463346039,997
2024-09-17 11:57:08.857000,411.2937819970373,104
2024-09-17 11:57:08.884000,411.3091386587381,1004
2024-09-17 11:57:08.896000,411.347865820124,96
2024-09-17 11:57:08.939000,411.3595082213815,97
2024-09-17 11:57:08.998000,411.2948710970403,1004
2024-09-17 11:57:09.024000,411.2568853519852,10
2024-09-17 11:57:09.043000,411.27407428246624,7
2024-09-17 11:57:09.045000,411.264737328462,9
2024-09-17 11:57:09.082000,411.3742682331036,98
2024-09-17 11:57:09.086000,411.3791524935001,98
2024-09-17 11:57:09.092000,411.2900466183531,997
2024-09-17 11:57:09.141000,411.28289932501104,13
2024-09-17 11:57:09.172000,411.256292307032,104
2024-09-17 11:57:09.229000,411.3921596068973,98
2024-09-17 11:57:09.328000,411.3336949287621,104
2024-09-17 11:57:09.403000,411.3681582728191,1001
2024-09-17 11:57:09.421000,411.2553936837504,105
2024-09-17 11:57:09.466000,411.3535792890768,14
2024-09-17 11:57:09.472000,411.2528474597204,105
2024-09-17 11:57:09.506000,411.3777844174986,1003
2024-09-17 11:57:09.521000,411.29099618034223,100
2024-09-17 11:57:09.592000,411.38181490368623,9
2024-09-17 11:57:09.638000,411.27595854209744,1004
2024-09-17 11:57:09.651000,411.3003802137649,96
2024-09-17 11:57:09.660000,411.3603778667218,105
2024-09-17 11:57:09.718000,411.383758481037,1004
2024-09-17 11:57:09.766000,411.2817204289031,99
2024-09-17 11:57:09.774000,411.23830295705886,996
2024-09-17 11:57:09.854000,411.38770220004807,104
2024-09-17 11:57:09.863000,411.2788662122621,7
2024-09-17 11:57:09.909000,411.3540939648925,102
2024-09-17 11:57:09.929000,411.2769211647744,997
2024-09-17 11:57:09.934000,411.388076377341,9
2024-09-17 11:57:09.952000,411.2786256583016,101
2024-09-17 11:57:09.969000,411.3531010300711,13
2024-09-17 11:57:10.020000,411.271891943864,95
2024-09-17 11:57:10.040000,411.2630467143165,7
2024-09-17 11:57:10.040000,411.3164174843506,10
2024-09-17 11:57:10.047000,411.28517144376366,98
2024-09-17 11:57:10.089000,411.2657299463735,1001
2024-09-17 11:57:10.091000,411.2748973314666,996
2024-09-17 11:57:10.115000,411.2678889054513,103
2024-09-17 11:57:10.123000,411.2713077589922,97
2024-09-17 11:57:10.127000,411.27222548590106,998
2024-09-17 11:57:10.165000,411.29252893056656,105
2024-09-17 11:57:10.368000,411.2494298453534,998
2024-09-17 11:57:10.565000,411.3018396583466,5
2024-09-17 11:57:10.639000,411.2940242495521,96
2024-09-17 11:57:10.682000,411.270680774495,11
2024-09-17 11:57:10.691000,411.2695540877981,97
2024-09-17 11:57:10.713000,411.26701823415016,9
2024-09-17 11:57:10.750000,411.281796827421,11
2024-09-17 11:57:10.778000,411.2715152706054,11
2024-09-17 11:57:10.780000,411.2651734424132,995
2024-09-17 11:57:10.835000,411.2668505828331,1001
2024-09-17 11:57:11.045000,411.2960371324155,14
2024-09-17 11:57:11.210000,411.3424332722072,8
2024-09-17 11:57:11.338000,411.3201529149802,1000
2024-09-17 11:57:11.469000,411.33681687156616,99
2024-09-17 11:57:11.496000,411.3301231362036,999
2024-09-17 11:57:11.600000,411.34518484593616,9
2024-09-17 11:57:11.612000,411.34441308710336,100
2024-09-17 11:57:11.905000,411.2443505739149,104
2024-09-17 11:57:11.938000,411.36321799611255,5
2024-09-17 11:57:11.963000,411.2725316590949,998
2024-09-17 11:57:11.993000,411.2531748225044,105
2024-09-17 11:57:12.126000,411.3970001726889,100
2024-09-17 11:57:12.141000,411.3434823494631,1001
2024-09-17 11:57:12.172000,411.35355552242135,6
2024-09-17 11:57:12.179000,411.3625569222571,1004
2024-09-17 11:57:12.275000,411.3974397704924,998
2024-09-17 11:57:12.361000,411.40508949999753,996
2024-09-17 11:57:12.496000,411.38752246765296,10
2024-09-17 11:57:12.498000,411.3582030626652,996
2024-09-17 11:57:12.508000,411.3961033179143,99
2024-09-17 11:57:12.538000,411.3250929023951,15
2024-09-17 11:57:12.548000,411.4056319011797,999
2024-09-17 11:57:12.558000,411.33359843377855,97
2024-09-17 11:57:12.568000,411.3095656779735,1000
2024-09-17 11:57:12.588000,411.3399713236508,97
2024-09-17 11:57:12.629000,411.40014445821214,97
2024-09-17 11:57:12.634000,411.394449617096,14
2024-09-17 11:57:12.636000,411.3428364682184,6
2024-09-17 11:57:12.640000,411.3229807965069,996
2024-09-17 11:57:12.681000,411.325712489659,12
2024-09-17 11:57:12.745000,411.3291261169644,998
2024-09-17 11:57:12.818000,411.3182244363133,998
2024-09-17 11:57:12.904000,411.3326777109464,996
2024-09-17 11:57:13.029000,411.32610528148376,1001
2024-09-17 11:57:13.096000,411.3109231595488,98
2024-09-17 11:57:13.161000,411.3090081648381,1002
2024-09-17 11:57:13.183000,411.3051731954552,997
2024-09-17 11:57:13.210000,411.31338001263407,1004
2024-09-17 11:57:13.217000,411.3431002222846,102
2024-09-17 11:57:13.299000,411.3271953473772,101
2024-09-17 11:57:13.439000,411.32156101503085,996
2024-09-17 11:57:13.466000,411.3300657767214,1002
2024-09-17 11:57:13.504000,411.3312194263351,7
2024-09-17 11:57:13.574000,411.32867010726267,96
2024-09-17 11:57:13.601000,411.3128184875329,13
2024-09-17 11:57:13.639000,411.3076792195739,6
2024-09-17 11:57:13.746000,411.325980306512,1004
2024-09-17 11:57:13.815000,411.3390338648256,103
2024-09-17 11:57:13.962000,411.3262401106989,1000
2024-09-17 11:57:13.978000,411.3102378556283,105
2024-09-17 11:57:14.665000,411.3048272872669,999
2024-09-17 11:57:14.876000,411.3088852280848,1003
2024-09-17 11:57:15.002000,411.3401992789147,13
2024-09-17 11:57:15.033000,411.369457708684,7
2024-09-17 11:57:15.228000,411.3288270951001,1003
2024-09-17 11:57:15.245000,411.3566636323585,6
2024-09-17 11:57:15.254000,411.3242308359274,8
2024-09-17 11:57:15.339000,411.3523859310694,1003
2024-09-17 11:57:15.427000,411.3563216551288,10
2024-09-17 11:57:15.581000,411.36890810846137,98
2024-09-17 11:57:15.714000,411.3610148613932,5
2024-09-17 11:57:15.840000,411.32176405475104,101
2024-09-17 11:57:15.922000,411.3443167436576,1001
2024-09-17 11:57:16.015000,411.33468805405727,100
2024-09-17 11:57:16.047000,411.3525439331052,1005
2024-09-17 11:57:16.143000,411.3862419668117,98
2024-09-17 11:57:16.202000,411.384661972748,99
2024-09-17 11:57:16.257000,411.3415594235585,12
2024-09-17 11:57:16.380000,411.36844591946414,97
2024-09-17 11:57:16.387000,411.35323917925535,100
2024-09-17 11:57:16.456000,411.3592096361343,14
2024-09-17 11:57:16.468000,411.3746911468353,13
2024-09-17 11:57:16.493000,411.3676881759793,10
2024-09-17 11:57:16.612000,411.3712965897856,12
2024-09-17 11:57:16.667000,411.3266877921557,8
2024-09-17 11:57:16.707000,411.37458804438586,14
2024-09-17 11:57:16.784000,411.364836161056,14
2024-09-17 11:57:16.815000,411.3722372863195,1003
2024-09-17 11:57:16.885000,411.3810698976291,1004
2024-09-17 11:57:16.890000,411.3363313883064,105
2024-09-17 11:57:16.943000,411.3815860640256,995
2024-09-17 11:57:17.018000,411.3381116374836,15
2024-09-17 11:57:17.202000,411.35339901875614,1002
2024-09-17 11:57:17.214000,411.3378811528386,103
2024-09-17 11:57:17.606000,411.3318647383031,998
2024-09-17 11:57:17.626000,411.3778343317756,13
2024-09-17 11:57:17.803000,411.3813744356087,13
2024-09-17 11:57:17.826000,411.353231090532,8
2024-09-17 11:57:18.115000,411.3839201274804,1005
2024-09-17 11:57:18.326000,411.3648957611668,100
2024-09-17 11:57:18.330000,411.3854426144691,8
2024-09-17 11:57:18.337000,411.3822220535697,996
2024-09-17 11:57:18.453000,411.3779145126084,102
2024-09-17 11:57:18.716000,411.3761070424823,6
2024-09-17 11:57:18.737000,411.3673957573315,995
2024-09-17 11:57:18.789000,411.3623339585485,99
2024-09-17 11:57:18.805000,411.3766017716304,998
2024-09-17 11:57:18.826000,411.3660631826206,15
2024-09-17 11:57:18.843000,411.3726482835037,98
2024-09-17 11:57:18.953000,411.35347672383176,101
2024-09-17 11:57:18.961000,411.3793398094404,15
2024-09-17 11:57:19.114000,411.39213269494974,7
2024-09-17 11:57:19.142000,411.44621135162384,12
2024-09-17 11:57:19.182000,411.454111792438,1005
2024-09-17 11:57:19.188000,411.3828288755641,13
2024-09-17 11:57:19.240000,411.4169438306174,104
2024-09-17 11:57:19.255000,411.4357111471226,7
2024-09-17 11:57:19.270000,411.4228331027224,1003
2024-09-17 11:57:19.306000,411.441452101534,99
2024-09-17 11:57:19.518000,411.39263620017886,8
2024-09-17 11:57:19.579000,411.4200530470263,99
2024-09-17 11:57:19.597000,411.4306304967395,104
2024-09-17 11:57:19.623000,411.4281845131724,997
2024-09-17 11:57:19.657000,411.3970099131381,96
2024-09-17 11:57:19.705000,411.41137976442445,12
2024-09-17 11:57:19.781000,411.4433654326095,6
2024-09-17 11:57:19.802000,411.4402179721768,97
2024-09-17 11:57:19.840000,411.3769900318458,7
2024-09-17 11:57:19.884000,411.4311105074004,1000
2024-09-17 11:57:19.890000,411.4480546188505,99
2024-09-17 11:57:19.920000,411.4589893675096,1005
2024-09-17 11:57:20.180000,411.4066111960154,995
2024-09-17 11:57:20.275000,411.3846397632874,101
2024-09-17 11:57:20.585000,411.3874490206688,14
2024-09-17 11:57:20.731000,411.3870614146293,101
2024-09-17 11:57:20.757000,411.4168569550801,1000
2024-09-17 11:57:20.890000,411.4024420111243,99
2024-09-17 11:57:20.892000,411.3885527612301,1004
2024-09-17 11:57:20.968000,411.3932855373368,96
2024-09-17 11:57:21.058000,411.45832901473153,995
2024-09-17 11:57:21.095000,411.4597218082023,10
2024-09-17 11:57:21.097000,411.40274073808126,104
2024-09-17 11:57:21.230000,411.4482649333903,998
2024-09-17 11:57:21.287000,411.448871527309,11
2024-09-17 11:57:21.352000,411.4184436044644,1000
2024-09-17 11:57:21.359000,411.4239553326868,104
2024-09-17 11:57:21.462000,411.483172170004,14
2024-09-17 11:57:21.507000,411.42175079095057,101
2024-09-17 11:57:21.546000,411.413263060948,7
2024-09-17 11:57:21.547000,411.41545095510776,9
2024-09-17 11:57:21.560000,411.41565910714,1003
2024-09-17 11:57:21.578000,411.40507438033205,1005
2024-09-17 11:57:21.587000,411.4116918847984,11
2024-09-17 11:57:21.640000,411.4454118974113,101
2024-09-17 11:57:21.648000,411.4261684029141,11
2024-09-17 11:57:21.673000,411.4332903767253,11
2024-09-17 11:57:21.768000,411.4265635775075,99
2024-09-17 11:57:21.820000,411.4354389846002,104
2024-09-17 11:57:21.824000,411.4255264389105,999
2024-09-17 11:57:21.857000,411.4522748456942,8
2024-09-17 11:57:21.871000,411.4887725547321,97
2024-09-17 11:57:21.942000,411.4836911627904,102
2024-09-17 11:57:21.998000,411.4162245423125,1003
2024-09-17 11:57:22.148000,411.4261196043898,1000
2024-09-17 11:57:22.170000,411.4211125723569,1000
2024-09-17 11:57:22.183000,411.4220114374965,8
2024-09-17 11:57:22.193000,411.4513030345241,101
2024-09-17 11:57:22.255000,411.4307702975786,8
2024-09-17 11:57:22.256000,411.4152807431256,997
2024-09-17 11:57:22.281000,411.4529101773362,97
2024-09-17 11:57:22.287000,411.4251820853505,104
2024-09-17 11:57:22.307000,411.4066604911961,103
2024-09-17 11:57:22.345000,411.4465900744332,102
2024-09-17 11:57:22.390000,411.469422867444,15
2024-09-17 11:57:22.438000,411.45789444046136,7
2024-09-17 11:57:22.467000,411.4181346201261,103
2024-09-17 11:57:22.476000,411.4093522635493,95
2024-09-17 11:57:22.493000,411.4561829052358,99
2024-09-17 11:57:22.516000,411.4424584842935,10
2024-09-17 11:57:22.602000,411.4394829018639,1001
2024-09-17 11:57:22.614000,411.4403917001494,98
2024-09-17 11:57:22.657000,411.46699623883353,1005
2024-09-17 11:57:22.842000,411.44333110259856,1005
2024-09-17 11:57:22.859000,411.4118905821993,7
2024-09-17 11:57:22.994000,411.4270401956433,13
2024-09-17 11:57:23.082000,411.3583661546392,105
2024-09-17 11:57:23.115000,411.3846811498814,1004
2024-09-17 11:57:23.126000,411.4099321711405,15
2024-09-17 11:57:23.189000,411.3686373989598,11
2024-09-17 11:57:23.340000,411.3534828607363,6
2024-09-17 11:57:23.342000,411.3656488447137,95
2024-09-17 11:57:23.405000,411.339709844837,9
2024-09-17 11:57:23.406000,411.3776912566103,96
2024-09-17 11:57:23.414000,411.34525587480863,100
2024-09-17 11:57:23.418000,411.3450467898381,100
2024-09-17 11:57:23.424000,411.376090542396,103
2024-09-17 11:57:23.611000,411.3442652589143,99
2024-09-17 11:57:23.739000,411.3398059096015,105
2024-09-17 11:57:23.774000,411.3306441103832,9
2024-09-17 11:57:23.877000,411.4041975375328,104
2024-09-17 11:57:23.937000,411.3538392932333,101
2024-09-17 11:57:24.101000,411.336332551316,6
2024-09-17 11:57:24.250000,411.32996636207326,1002
2024-09-17 11:57:24.339000,411.34143484589407,11
2024-09-17 11:57:24.558000,411.33332095223096,103
2024-09-17 11:57:24.839000,411.3488493443037,998
2024-09-17 11:57:25.161000,411.35098921072654,99
2024-09-17 11:57:25.359000,411.3760026829305,9
2024-09-17 11:57:25.962000,411.3724332014407,997
2024-09-17 11:57:26.016000,411.35121016162856,995
2024-09-17 11:57:26.268000,411.3848088328173,7
2024-09-17 11:57:26.671000,411.36113896060783,105
2024-09-17 11:57:27.075000,411.3974445067957,96
2024-09-17 11:57:27.129000,411.4083223942927,98
2024-09-17 11:57:27.133000,411.4183036744233,1000
2024-09-17 11:57:27.134000,411.4043283620589,1004
2024-09-17 11:57:27.134000,411.3873914607428,96
2024-09-17 11:57:27.178000,411.43072097298216,998
2024-09-17 11:57:27.253000,411.3887471632996,105
2024-09-17 11:57:27.262000,411.3717787062016,97
2024-09-17 11:57:27.397000,411.4182924396852,101
2024-09-17 11:57:27.544000,411.43051957751527,1003
2024-09-17 11:57:27.594000,411.3958649098525,96
2024-09-17 11:57:27.647000,411.40353440848287,997
2024-09-17 11:57:27.719000,411.3769519269773,1004
2024-09-17 11:57:27.732000,411.4026795649566,8
2024-09-17 11:57:27.762000,411.3898509276277,997
2024-09-17 11:57:27.906000,411.3651790730679,995
2024-09-17 11:57:27.946000,411.3802670517151,996
2024-09-17 11:57:28.029000,411.4245727446546,103
2024-09-17 11:57:28.036000,411.40878132957744,6
2024-09-17 11:57:28.067000,411.3829611761152,15
2024-09-17 11:57:28.128000,411.3944076091765,8
2024-09-17 11:57:28.163000,411.36517793561416,9
2024-09-17 11:57:28.394000,411.4061004663165,1003
2024-09-17 11:57:28.398000,411.39622025387246,999
2024-09-17 11:57:28.423000,411.38838131217415,14
2024-09-17 11:57:28.433000,411.4325798075142,998
2024-09-17 11:57:28.767000,411.409139234191,98
2024-09-17 11:57:28.782000,411.38322394342015,1000
2024-09-17 11:57:29.213000,411.3781761795897,99
2024-09-17 11:57:29.250000,411.3716372866704,7
2024-09-17 11:57:29.334000,411.4092374736676,1004
2024-09-17 11:57:29.360000,411.391303179002,1003
2024-09-17 11:57:29.397000,411.3690595503298,996
2024-09-17 11:57:29.413000,411.3966181122482,101
2024-09-17 11:57:29.483000,411.3873438942098,97
2024-09-17 11:57:29.484000,411.3527108663996,15
2024-09-17 11:57:29.518000,411.3881923024173,15
2024-09-17 11:57:29.526000,411.38583322601824,95
2024-09-17 11:57:29.529000,411.386271340204,1002
2024-09-17 11:57:29.534000,411.3805467135221,103
2024-09-17 11:57:29.668000,411.36301320986655,97
2024-09-17 11:57:29.696000,411.37163862132775,997
2024-09-17 11:57:29.706000,411.3841154653058,95
2024-09-17 11:57:29.783000,411.3688602076074,101
2024-09-17 11:57:29.832000,411.3587163115208,101
2024-09-17 11:57:29.842000,411.3711726519767,9
2024-09-17 11:57:29.856000,411.3890601038865,996
2024-09-17 11:57:29.880000,411.3893193624815,104
2024-09-17 11:57:29.882000,411.3651102535787,8
2024-09-17 11:57:29.889000,411.37077940344017,102
2024-09-17 11:57:29.941000,411.3770979249186,12
2024-09-17 11:57:30.870000,411.38587362717686,995
2024-09-17 11:57:31.069000,411.3712255314247,6
2024-09-17 11:57:31.123000,411.3822437348476,1005
2024-09-17 11:57:31.151000,411.3667817104388,98
2024-09-17 11:57:31.206000,411.3719147186474,1001
2024-09-17 11:57:31.253000,411.3784455772265,99
2024-09-17 11:57:31.302000,411.3658111814728,1003
2024-09-17 11:57:31.305000,411.3625393229181,100
2024-09-17 11:57:31.328000,411.3708364164691,98
2024-09-17 11:57:31.390000,411.37784377909816,12
2024-09-17 11:57:31.399000,411.3576292368775,5
2024-09-17 11:57:31.542000,411.3726588907506,14
2024-09-17 11:57:31.657000,411.379164621304,105
2024-09-17 11:57:31.699000,411.36749912369646,1004
2024-09-17 11:57:31.744000,411.36903915577136,12
2024-09-17 11:57:31.868000,411.3660595612309,13
2024-09-17 11:57:32.013000,411.3222082720971,998
2024-09-17 11:57:32.035000,411.3444634982662,103
2024-09-17 11:57:32.080000,411.3458605287974,1000
2024-09-17 11:57:32.186000,411.3221572496584,98
2024-09-17 11:57:32.187000,411.3482229552244,14
2024-09-17 11:57:32.250000,411.33744289113946,104
2024-09-17 11:57:32.269000,411.3495691711999,1000
2024-09-17 11:57:32.276000,411.3242588594642,1001
2024-09-17 11:57:32.313000,411.34960215063626,14
2024-09-17 11:57:32.314000,411.3339593967472,11
2024-09-17 11:57:32.316000,411.33516131138106,1005
2024-09-17 11:57:32.339000,411.3909819231076,14
2024-09-17 11:57:32.398000,411.3469911489554,99
2024-09-17 11:57:32.428000,411.3488507201981,1001
2024-09-17 11:57:32.453000,411.344214267492,104
2024-09-17 11:57:32.532000,411.3355606817484,1004
2024-09-17 11:57:32.578000,411.32466426280735,1001
2024-09-17 11:57:32.665000,411.33444195233153,103
2024-09-17 11:57:32.666000,411.3293720666384,14
2024-09-17 11:57:32.694000,411.34446267000845,998
2024-09-17 11:57:32.712000,411.3423262873343,102
2024-09-17 11:57:32.769000,411.38842031438776,101
2024-09-17 11:57:32.790000,411.36090142920864,103
2024-09-17 11:57:32.822000,411.3595754687818,13
2024-09-17 11:57:32.910000,411.3598789630287,998
2024-09-17 11:57:32.916000,411.3438971904953,102
2024-09-17 11:57:32.951000,411.3420024853474,104
2024-09-17 11:57:32.979000,411.33049625937343,1005
2024-09-17 11:57:33.215000,411.3267902815778,98
2024-09-17 11:57:33.271000,411.31719879757344,11
2024-09-17 11:57:33.347000,411.3131124644921,12
2024-09-17 11:57:33.396000,411.3282280032139,1001
2024-09-17 11:57:33.405000,411.341393524794,101
2024-09-17 11:57:33.431000,411.3362965871548,99
2024-09-17 11:57:33.580000,411.3309621072531,102
2024-09-17 11:57:33.626000,411.3675946399096,7
2024-09-17 11:57:33.626000,411.30251382497977,6
2024-09-17 11:57:33.682000,411.3639526485212,97
2024-09-17 11:57:33.722000,411.3148669055871,1001
2024-09-17 11:57:33.827000,411.3329598744578,6
2024-09-17 11:57:33.978000,411.31894735318014,14
2024-09-17 11:57:33.988000,411.2989874186133,6
2024-09-17 11:57:34.011000,411.30507400730335,101
2024-09-17 11:57:34.228000,411.310629415624,998
2024-09-17 11:57:34.445000,411.2996848752897,1003
2024-09-17 11:57:34.555000,411.3026450244808,999
2024-09-17 11:57:34.595000,411.316063924102,1005
2024-09-17 11:57:34.733000,411.29588050095145,98
2024-09-17 11:57:34.839000,411.3225025917666,97
2024-09-17 11:57:34.901000,411.3038862220323,7
2024-09-17 11:57:34.998000,411.2944931800149,15
2024-09-17 11:57:35.177000,411.3247700963777,9
2024-09-17 11:57:35.963000,411.3118743993871,14
2024-09-17 11:57:36.018000,411.3190349254445,8
2024-09-17 11:57:36.030000,411.3408301296656,100
2024-09-17 11:57:36.063000,411.30096950628285,104
2024-09-17 11:57:36.092000,411.3094815441003,1003
2024-09-17 11:57:36.153000,411.2984025824047,1002
2024-09-17 11:57:36.188000,411.27425387687,101
2024-09-17 11:57:36.201000,411.29721771730686,1000
2024-09-17 11:57:36.235000,411.3322862084984,1003
2024-09-17 11:57:36.243000,411.2796251563871,6
2024-09-17 11:57:36.264000,411.3048618112809,8
2024-09-17 11:57:36.312000,411.3235029382034,14
2024-09-17 11:57:36.366000,411.3289881463476,6
2024-09-17 11:57:36.371000,411.3267077196133,1005
2024-09-17 11:57:36.389000,411.2924579603076,997
2024-09-17 11:57:36.437000,411.331839584754,10
2024-09-17 11:57:36.450000,411.3168673387408,96
2024-09-17 11:57:36.485000,411.31764281846375,1000
2024-09-17 11:57:36.516000,411.3033319146419,13
2024-09-17 11:57:36.557000,411.2983194470171,1002
2024-09-17 11:57:36.584000,411.3360919432961,8
2024-09-17 11:57:36.608000,411.33048944734855,9
2024-09-17 11:57:36.666000,411.3257337902575,103
2024-09-17 11:57:36.733000,411.3192882243844,102
2024-09-17 11:57:36.754000,411.3284669242708,997
2024-09-17 11:57:36.754000,411.28372157740256,1004
2024-09-17 11:57:36.776000,411.3333677374106,11
2024-09-17 11:57:36.806000,411.324837605724,98
2024-09-17 11:57:36.819000,411.3057105251253,1000
2024-09-17 11:57:37.001000,411.3149804094149,97
2024-09-17 11:57:37.005000,411.374987075403,6
2024-09-17 11:57:37.014000,411.3146328240132,8
2024-09-17 11:57:37.043000,411.3765706909873,5
2024-09-17 11:57:37.054000,411.36436962221774,104
2024-09-17 11:57:37.070000,411.37422693506727,998
2024-09-17 11:57:37.091000,411.3141808465441,100
2024-09-17 11:57:37.178000,411.3768402030348,998
2024-09-17 11:57:37.252000,411.323426206934,97
2024-09-17 11:57:37.339000,411.3078686998998,102
2024-09-17 11:57:37.386000,411.3634305157192,1004
2024-09-17 11:57:37.408000,411.3692681364445,11
2024-09-17 11:57:37.425000,411.3160027063065,1003
2024-09-17 11:57:37.462000,411.3257875711476,8
2024-09-17 11:57:37.492000,411.3634228686723,98
2024-09-17 11:57:37.513000,411.3727423303778,97
2024-09-17 11:57:37.641000,411.39581143141305,1005
2024-09-17 11:57:37.653000,411.3497427988581,998
2024-09-17 11:57:37.724000,411.37031234056417,12
2024-09-17 11:57:37.735000,411.3189879033754,96
2024-09-17 11:57:37.746000,411.37668927817634,1003
2024-09-17 11:57:37.752000,411.3534891874557,104
2024-09-17 11:57:37.791000,411.3146531720675,1003
2024-09-17 11:57:37.791000,411.3848128185456,96
2024-09-17 11:57:37.862000,411.3533935209878,999
2024-09-17 11:57:37.868000,411.37505192461225,99
2024-09-17 11:57:37.870000,411.3447333185613,96
2024-09-17 11:57:37.934000,411.297186425576,104
2024-09-17 11:57:37.960000,411.3644520724074,101
2024-09-17 11:57:37.989000,411.3807040683175,95
2024-09-17 11:57:38.063000,411.3615726805481,1003
2024-09-17 11:57:38.066000,411.3586659617188,100
2024-09-17 11:57:38.150000,411.3682319803772,99
2024-09-17 11:57:38.177000,411.3696898393519,999
2024-09-17 11:57:38.183000,411.3589678170904,1000
2024-09-17 11:57:38.241000,411.3793519818461,95
2024-09-17 11:57:38.306000,411.3715964611205,999
2024-09-17 11:57:38.407000,411.37636810182926,95
2024-09-17 11:57:38.461000,411.39101584767366,1003
2024-09-17 11:57:38.470000,411.3652391226701,103
2024-09-17 11:57:38.504000,411.34864035621325,98
2024-09-17 11:57:38.519000,411.3557701434892,999
2024-09-17 11:57:38.644000,411.37468518257407,102
2024-09-17 11:57:38.660000,411.3635434496768,15
2024-09-17 11:57:38.670000,411.3968227412509,14
2024-09-17 11:57:38.854000,411.35878796073206,1003
2024-09-17 11:57:38.877000,411.3724405255799,104
2024-09-17 11:57:38.901000,411.3683742475159,997
2024-09-17 11:57:38.987000,411.3599183445117,995
2024-09-17 11:57:39.013000,411.35142559989737,11
2024-09-17 11:57:39.476000,411.3673400914742,998
2024-09-17 11:57:39.559000,411.3434996777023,102
2024-09-17 11:57:40.046000,411.381158468731,1003
2024-09-17 11:57:40.101000,411.3948235019247,15
2024-09-17 11:57:40.104000,411.3846647374434,98
2024-09-17 11:57:40.111000,411.37539257052185,103
2024-09-17 11:57:40.171000,411.3863029595969,103
2024-09-17 11:57:40.312000,411.4098524603744,14
2024-09-17 11:57:40.326000,411.34652443251406,1001
2024-09-17 11:57:40.447000,411.4202138860742,11
2024-09-17 11:57:40.462000,411.41946341327525,5
2024-09-17 11:57:40.545000,411.41856705611485,13
2024-09-17 11:57:40.572000,411.3858820934076,997
2024-09-17 11:57:40.614000,411.3370279492055,14
2024-09-17 11:57:40.724000,411.3577093798359,1005
2024-09-17 11:57:40.734000,411.3942765324154,96
2024-09-17 11:57:40.779000,411.3357012305973,102
2024-09-17 11:57:40.797000,411.3885953642141,15
2024-09-17 11:57:40.844000,411.33665263190943,9
2024-09-17 11:57:40.849000,411.3454312039116,105
2024-09-17 11:57:40.861000,411.37911436680497,995
2024-09-17 11:57:40.897000,411.42471319820186,98
2024-09-17 11:57:40.944000,411.3556786736346,101
2024-09-17 11:57:43.213000,411.4277946678837,995
2024-09-17 11:57:43.263000,411.42262687029296,101
2024-09-17 11:57:43.362000,411.4061507539572,999
2024-09-17 11:57:43.436000,411.4077713747093,1001
2024-09-17 11:57:43.496000,411.3772266264181,1005
2024-09-17 11:57:43.511000,411.3940405728653,995
2024-09-17 11:57:43.532000,411.40313918779776,1003
2024-09-17 11:57:43.535000,411.3815656155136,6
2024-09-17 11:57:43.547000,411.4152358125617,14
2024-09-17 11:57:43.584000,411.3961379757077,1004
2024-09-17 11:57:43.619000,411.3949720292718,98
2024-09-17 11:57:43.677000,411.3941023504154,5
2024-09-17 11:57:43.904000,411.3908272783639,1005
2024-09-17 11:57:43.935000,411.4128238322862,6
2024-09-17 11:57:43.979000,411.3974802624939,105
2024-09-17 11:57:43.999000,411.40460637514144,11
2024-09-17 11:57:44.617000,411.389947883328,997
2024-09-17 11:57:44.724000,411.3870417285869,996
2024-09-17 11:57:44.790000,411.3869460505241,11
2024-09-17 11:57:45.036000,411.3924126878886,996
2024-09-17 11:57:45.250000,411.3950641660479,1000
2024-09-17 11:57:45.275000,411.4072303663386,103
2024-09-17 11:57:45.320000,411.3841457207471,1005
2024-09-17 11:57:45.360000,411.40029155434274,5
2024-09-17 11:57:45.398000,411.3858646965705,1004
2024-09-17 11:57:45.403000,411.3993410466534,98
2024-09-17 11:57:45.435000,411.3942940205631,105
2024-09-17 11:57:45.443000,411.4234946972219,998
2024-09-17 11:57:45.520000,411.4033559892601,96
2024-09-17 11:57:45.577000,411.3973562320762,98
2024-09-17 11:57:45.612000,411.3817275373398,996
2024-09-17 11:57:45.683000,411.3936231918906,14
2024-09-17 11:57:45.689000,411.38681129203496,99
2024-09-17 11:57:45.721000,411.3762125447535,11
2024-09-17 11:57:45.751000,411.3842669366241,102
2024-09-17 11:57:45.853000,411.3870104658499,13
2024-09-17 11:57:45.890000,411.3940310738006,100
2024-09-17 11:57:45.899000,411.3905550318793,97
2024-09-17 11:57:45.927000,411.3852450884751,98
2024-09-17 11:57:45.978000,411.3932248138326,98
2024-09-17 11:57:46.034000,411.3341550906559,1003
2024-09-17 11:57:46.053000,411.3857879973515,100
2024-09-17 11:57:46.080000,411.4071410640478,104
2024-09-17 11:57:46.087000,411.3987518055048,95
2024-09-17 11:57:46.145000,411.3815435496046,95
2024-09-17 11:57:46.204000,411.40975195106864,99
2024-09-17 11:57:46.230000,411.3908994424119,13
2024-09-17 11:57:46.289000,411.40137781420856,5
2024-09-17 11:57:46.336000,411.37670668793805,13
2024-09-17 11:57:46.362000,411.3451981926678,9
2024-09-17 11:57:46.400000,411.3947055395428,10
2024-09-17 11:57:46.468000,411.3958169699654,97
2024-09-17 11:57:46.532000,411.3789868861391,7
2024-09-17 11:57:46.550000,411.38305258383406,1005
2024-09-17 11:57:46.595000,411.4079856405106,9
2024-09-17 11:57:46.663000,411.3869732741504,5
2024-09-17 11:57:46.760000,411.3295798414505,998
2024-09-17 11:57:46.770000,411.3742207485168,12
2024-09-17 11:57:46.847000,411.39362856556295,15
2024-09-17 11:57:46.872000,411.35223588230775,10
2024-09-17 11:57:46.924000,411.4055514071883,12
2024-09-17 11:57:47.018000,411.3568104314322,1001
2024-09-17 11:57:47.031000,411.32223571937794,8
2024-09-17 11:57:47.035000,411.3479250433923,105
2024-09-17 11:57:47.067000,411.3639318132569,997
2024-09-17 11:57:47.084000,411.35244503456425,1000
2024-09-17 11:57:47.221000,411.3340121816462,95
2024-09-17 11:57:47.221000,411.3303027788086,7
2024-09-17 11:57:47.425000,411.331709871778,102
2024-09-17 11:57:47.450000,411.3492520853707,99
2024-09-17 11:57:47.537000,411.358629601755,10
2024-09-17 11:57:47.701000,411.3307454722733,99
2024-09-17 11:57:47.880000,411.3564828335973,105
2024-09-17 11:57:47.980000,411.3492957992236,98
2024-09-17 11:57:48.006000,411.35356540209926,999
2024-09-17 11:57:48.033000,411.3470921461666,1002
2024-09-17 11:57:48.063000,411.3834615059504,97
2024-09-17 11:57:48.063000,411.335617459485,13
2024-09-17 11:57:48.121000,411.405683410773,5
2024-09-17 11:57:48.132000,411.3709375722544,14
2024-09-17 11:57:48.138000,411.34573209223805,13
2024-09-17 11:57:48.147000,411.3471336420421,1005
2024-09-17 11:57:48.176000,411.4258918487972,996
2024-09-17 11:57:48.181000,411.34502692300384,1004
2024-09-17 11:57:48.194000,411.3878819621587,1004
2024-09-17 11:57:48.217000,411.335193367352,1002
2024-09-17 11:57:48.251000,411.3453382063583,98
2024-09-17 11:57:48.274000,411.3550904165473,101
2024-09-17 11:57:48.378000,411.40442253674905,98
2024-09-17 11:57:48.472000,411.4051708193693,1004
2024-09-17 11:57:48.508000,411.34950962395817,97
2024-09-17 11:57:48.517000,411.3520914207394,8
2024-09-17 11:57:48.537000,411.3437911683656,998
2024-09-17 11:57:48.558000,411.3345064231364,8
2024-09-17 11:57:48.655000,411.3393128012169,101
2024-09-17 11:57:48.678000,411.39479643297096,1001
2024-09-17 11:57:48.692000,411.3498541323575,6
2024-09-17 11:57:48.772000,411.4027342975053,11
2024-09-17 11:57:48.886000,411.3983714350144,9
2024-09-17 11:57:48.959000,411.3360173645909,6
2024-09-17 11:57:49.005000,411.2925652757688,999
2024-09-17 11:57:49.141000,411.19774604981046,105
2024-09-17 11:57:49.142000,411.1918824181186,10
2024-09-17 11:57:49.167000,411.25503457845065,101
2024-09-17 11:57:49.182000,411.3627685452378,98
2024-09-17 11:57:49.234000,411.3625760039546,98
2024-09-17 11:57:49.278000,411.28348422206494,14
2024-09-17 11:57:49.291000,411.37129050645376,8
2024-09-17 11:57:49.327000,411.3634766951817,995
2024-09-17 11:57:49.331000,411.26886306700936,98
2024-09-17 11:57:49.347000,411.21983277865337,1001
2024-09-17 11:57:49.388000,411.3644830365062,1003
2024-09-17 11:57:49.440000,411.3697127978713,14
2024-09-17 11:57:49.469000,411.2993645792131,1003
2024-09-17 11:57:49.489000,411.2707655836402,12
2024-09-17 11:57:49.620000,411.2638945068275,1005
2024-09-17 11:57:49.762000,411.3636969375961,13
2024-09-17 11:57:49.790000,411.2568647188462,6
2024-09-17 11:57:49.819000,411.3000026311894,11
2024-09-17 11:57:49.844000,411.27157580697775,13
2024-09-17 11:57:49.965000,411.2296350022275,105
2024-09-17 11:57:49.972000,411.3822685621788,14
2024-09-17 11:57:49.978000,411.374410158928,1001
2024-09-17 11:57:50.109000,411.2286486257774,14
2024-09-17 11:57:50.126000,411.1886755757816,1000
2024-09-17 11:57:50.130000,411.2028345137965,98
2024-09-17 11:57:50.163000,411.1997594706299,1005
2024-09-17 11:57:50.208000,411.2225337713947,1002
2024-09-17 11:57:50.351000,411.2288738299296,105
2024-09-17 11:57:50.351000,411.2080404759792,999
2024-09-17 11:57:50.455000,411.2076390029165,998
2024-09-17 11:57:50.456000,411.2096176974988,105
2024-09-17 11:57:50.456000,411.2075136457752,999
2024-09-17 11:57:50.459000,411.1872954325688,96
2024-09-17 11:57:50.492000,411.2352501588485,96
2024-09-17 11:57:50.580000,411.2035409274824,1000
2024-09-17 11:57:50.591000,411.204830294619,995
2024-09-17 11:57:50.690000,411.230831326036,5
2024-09-17 11:57:50.756000,411.2208707399053,1000
2024-09-17 11:57:50.842000,411.2128708605561,95
2024-09-17 11:57:50.889000,411.226346969091,5
2024-09-17 11:57:50.941000,411.1992818210492,98
2024-09-17 11:57:50.948000,411.1960718474158,97
2024-09-17 11:57:51.002000,411.2171700499369,996
2024-09-17 11:57:51.004000,411.1712296026978,999
2024-09-17 11:57:51.007000,411.2159721657872,10
2024-09-17 11:57:51.019000,411.1634998707426,103
2024-09-17 11:57:51.022000,411.1991627290295,7
2024-09-17 11:57:51.025000,411.1648830162259,1005
2024-09-17 11:57:51.043000,411.1688722683037,104
2024-09-17 11:57:51.065000,411.1738061477857,998
2024-09-17 11:57:51.068000,411.1508782822891,995
2024-09-17 11:57:51.088000,411.1561703483312,5
2024-09-17 11:57:51.125000,411.2017802902033,101
2024-09-17 11:57:51.154000,411.1671169950798,1004
2024-09-17 11:57:51.271000,411.22223246162855,13
2024-09-17 11:57:51.278000,411.1835476710461,10
2024-09-17 11:57:51.288000,411.1597474312607,100
2024-09-17 11:57:51.312000,411.1899172037335,999
2024-09-17 11:57:51.332000,411.183774695921,8
2024-09-17 11:57:51.395000,411.21511109193005,6
2024-09-17 11:57:51.410000,411.21087551603705,14
2024-09-17 11:57:51.431000,411.22576676848064,8
2024-09-17 11:57:51.621000,411.2161225424382,96
2024-09-17 11:57:51.639000,411.1616075300449,103
2024-09-17 11:57:51.655000,411.2116719357828,8
2024-09-17 11:57:51.705000,411.179262418746,15
2024-09-17 11:57:51.743000,411.1792918806406,11
2024-09-17 11:57:51.746000,411.1601314849758,9
2024-09-17 11:57:51.764000,411.18298566521145,7
2024-09-17 11:57:52.036000,411.20937804440734,1003
2024-09-17 11:57:52.052000,411.1975593445546,102
2024-09-17 11:57:52.076000,411.2355665907716,6
2024-09-17 11:57:52.092000,411.2012527052021,1004
2024-09-17 11:57:52.147000,411.2678325157556,95
2024-09-17 11:57:52.232000,411.2121151751876,105
2024-09-17 11:57:52.268000,411.2186914622672,103
2024-09-17 11:57:52.388000,411.26383533817886,5
2024-09-17 11:57:52.437000,411.2211005538977,103
2024-09-17 11:57:52.449000,411.1874552561779,99
2024-09-17 11:57:52.458000,411.21291511593495,999
2024-09-17 11:57:52.468000,411.2238984453164,101
2024-09-17 11:57:52.483000,411.22801558220345,997
2024-09-17 11:57:52.528000,411.267985635888,1004
2024-09-17 11:57:52.640000,411.2169762230145,997
2024-09-17 11:57:52.803000,411.2018072243965,1002
2024-09-17 11:57:52.834000,411.2694742232778,1002
2024-09-17 11:57:52.862000,411.2412080904329,7
2024-09-17 11:57:52.945000,411.2111244950813,10
2024-09-17 11:57:52.974000,411.1997213276346,997
2024-09-17 11:57:53.048000,411.2145331194513,997
2024-09-17 11:57:53.254000,411.2169307604987,96
2024-09-17 11:57:53.286000,411.2185566586398,97
2024-09-17 11:57:53.297000,411.22380125705007,1003
2024-09-17 11:57:53.320000,411.21529498996574,100
2024-09-17 11:57:53.325000,411.2079709052165,11
2024-09-17 11:57:53.328000,411.235623437795,1005
2024-09-17 11:57:53.400000,411.2337274215347,999
2024-09-17 11:57:53.403000,411.220124856082,97
2024-09-17 11:57:53.403000,411.2149319679831,95
2024-09-17 11:57:53.405000,411.2202624606993,8
2024-09-17 11:57:53.502000,411.2110912451863,1003
2024-09-17 11:57:53.520000,411.22726186013193,103
2024-09-17 11:57:53.523000,411.2249374188773,98
2024-09-17 11:57:53.587000,411.2058696399963,14
2024-09-17 11:57:53.603000,411.2268367153145,997
2024-09-17 11:57:53.697000,411.2212424772119,15
2024-09-17 11:57:53.792000,411.2175244398576,104
2024-09-17 11:57:53.803000,411.21700485310015,100
2024-09-17 11:57:53.877000,411.2261581416424,15
2024-09-17 11:57:54.012000,411.18688931427727,10
2024-09-17 11:57:54.057000,411.1835973296394,5
2024-09-17 11:57:54.090000,411.1997981339576,103
2024-09-17 11:57:54.224000,411.175424207855,104
2024-09-17 11:57:54.255000,411.1730443945838,1000
2024-09-17 11:57:54.680000,411.1875400460021,102
2024-09-17 11:57:54.892000,411.174952629194,998
2024-09-17 11:57:54.902000,411.1746962484913,101
2024-09-17 11:57:55.034000,411.0988498499264,6
2024-09-17 11:57:55.056000,411.1547887074004,6
2024-09-17 11:57:55.075000,411.0584148058376,96
2024-09-17 11:57:55.113000,411.1226584479484,104
2024-09-17 11:57:55.124000,411.1381764501274,5
2024-09-17 11:57:55.130000,411.068971946115,96
2024-09-17 11:57:55.130000,411.153391666042,95
2024-09-17 11:57:55.143000,411.0795063876095,1002
2024-09-17 11:57:55.278000,411.1277716806146,15
2024-09-17 11:57:55.303000,411.0672536744917,95
2024-09-17 11:57:55.308000,411.1183210986667,999
2024-09-17 11:57:55.373000,411.0689601906308,95
2024-09-17 11:57:55.387000,411.1066262383492,105
2024-09-17 11:57:55.394000,411.06746678951714,999
2024-09-17 11:57:55.442000,411.1580338326504,96
2024-09-17 11:57:55.487000,411.0672081948773,7
2024-09-17 11:57:55.528000,411.1710170846933,1004
2024-09-17 11:57:55.553000,411.1247994451001,999
2024-09-17 11:57:55.620000,411.054470675276,14
2024-09-17 11:57:55.733000,411.1316742656875,9
2024-09-17 11:57:55.768000,411.1187239607942,14
2024-09-17 11:57:55.872000,411.0657977511047,95
2024-09-17 11:57:55.959000,411.0848895719081,1002
2024-09-17 11:57:55.960000,411.1386778999735,97
2024-09-17 11:57:56.049000,411.0398233198497,105
2024-09-17 11:57:56.102000,411.0005971329268,997
2024-09-17 11:57:56.231000,411.0028014828189,15
2024-09-17 11:57:56.233000,411.0120199907344,95
2024-09-17 11:57:56.402000,411.01509671204144,997
2024-09-17 11:57:56.415000,411.0494711427714,1000
2024-09-17 11:57:56.463000,411.0181696783729,997
2024-09-17 11:57:56.485000,411.0037795051566,6
2024-09-17 11:57:56.502000,411.00967566818514,97
2024-09-17 11:57:56.659000,411.0034998765362,104
2024-09-17 11:57:56.671000,411.0289039444258,1000
2024-09-17 11:57:56.775000,411.03332759083486,1000
2024-09-17 11:57:56.850000,411.0175357026503,7
2024-09-17 11:57:56.932000,411.0526741897956,1005
2024-09-17 11:57:56.973000,411.00935978064064,995
2024-09-17 11:57:57.032000,411.1078337713413,98
2024-09-17 11:57:57.071000,411.03652012037975,7
2024-09-17 11:57:57.082000,411.0864535919409,102
2024-09-17 11:57:57.129000,411.1080984490694,95
2024-09-17 11:57:57.209000,411.08464035700536,100
2024-09-17 11:57:57.246000,411.07405631706246,7
2024-09-17 11:57:57.289000,411.0795340075329,1002
2024-09-17 11:57:57.300000,411.0530348351296,996
2024-09-17 11:57:57.302000,411.0963132417631,9
2024-09-17 11:57:57.389000,411.04705178536057,12
2024-09-17 11:57:57.426000,411.08236538794233,1003
2024-09-17 11:57:57.440000,411.083958689284,1000
2024-09-17 11:57:57.506000,411.089916706776,13
2024-09-17 11:57:57.550000,411.0706003540374,1003
2024-09-17 11:57:57.559000,411.0458017670778,95
2024-09-17 11:57:57.588000,411.06360578732847,998
2024-09-17 11:57:57.667000,411.0630488216896,12
2024-09-17 11:57:57.708000,411.0579435469384,96
2024-09-17 11:57:57.735000,411.0463632801209,101
2024-09-17 11:57:57.749000,411.0567965151813,105
2024-09-17 11:57:57.753000,411.1118936367728,102
2024-09-17 11:57:57.872000,411.0468038704032,14
2024-09-17 11:57:57.874000,411.073595277107,101
2024-09-17 11:57:57.879000,411.0560104321074,995
2024-09-17 11:57:57.945000,411.05293824126863,997
2024-09-17 11:57:57.952000,411.0850171020209,996
2024-09-17 11:57:58.078000,411.0601978945713,1005
2024-09-17 11:57:58.138000,411.07437585090753,1000
2024-09-17 11:57:58.177000,411.0593932673564,8
2024-09-17 11:57:58.228000,411.0744756965446,14
2024-09-17 11:57:58.237000,411.0598329278202,9
2024-09-17 11:57:58.266000,411.0710958353477,997
2024-09-17 11:57:58.287000,411.0497158435325,95
2024-09-17 11:57:58.372000,411.05716137890334,995
2024-09-17 11:57:58.417000,411.07031881555326,102
2024-09-17 11:57:58.445000,411.0400942125389,1004
2024-09-17 11:57:58.460000,411.06308232801695,102
2024-09-17 11:57:58.569000,411.035172670322,9
2024-09-17 11:57:58.580000,411.00414486315816,1001
2024-09-17 11:57:58.660000,411.0397873805522,1001
2024-09-17 11:57:58.663000,411.02528805864,99
2024-09-17 11:57:58.706000,411.0676971982853,95
2024-09-17 11:57:58.843000,411.0719735523939,11
2024-09-17 11:57:58.866000,411.05049101017,999
2024-09-17 11:57:58.867000,411.058597140848,11
2024-09-17 11:57:58.905000,411.082031319236,12
2024-09-17 11:57:58.914000,411.0206939904441,103
2024-09-17 11:57:58.950000,411.04518386322906,5
2024-09-17 11:57:58.951000,411.04422470462384,100
2024-09-17 11:57:59.089000,411.0854725847094,105
2024-09-17 11:57:59.106000,411.12454029763535,1001
2024-09-17 11:57:59.149000,411.1552232687009,96
2024-09-17 11:57:59.246000,411.1072047083338,101
2024-09-17 11:57:59.251000,411.1330031555108,14
2024-09-17 11:57:59.312000,411.1313352100602,102
2024-09-17 11:57:59.321000,411.1099565497093,14
2024-09-17 11:57:59.334000,411.08587574317056,99
2024-09-17 11:57:59.444000,411.14805918214,998
2024-09-17 11:57:59.521000,411.1525427958464,104
2024-09-17 11:57:59.563000,411.1628480685585,996
2024-09-17 11:57:59.584000,411.1038035141805,10
2024-09-17 11:57:59.595000,411.1645363414058,101
2024-09-17 11:57:59.674000,411.14010237216655,1005
2024-09-17 11:57:59.738000,411.165322140836,103
2024-09-17 11:57:59.773000,411.1322216216645,11
2024-09-17 11:57:59.780000,411.128124739828,13
2024-09-17 11:57:59.862000,411.11500353150126,1005
2024-09-17 11:57:59.862000,411.14901096876486,104
2024-09-17 11:57:59.936000,411.0790880936997,13
2024-09-17 11:57:59.939000,411.0922072306784,105
