Timestamp,Price,Size
2024-09-16 12:46:00.077000,417.7970431319196,998
2024-09-16 12:46:00.136000,417.8152651595042,1002
2024-09-16 12:46:00.144000,417.8281207637976,5
2024-09-16 12:46:00.215000,417.8272667950882,104
2024-09-16 12:46:00.241000,417.8391988608668,13
2024-09-16 12:46:00.249000,417.7888516461997,105
2024-09-16 12:46:00.284000,417.8011702349564,8
2024-09-16 12:46:00.303000,417.7751850451945,14
2024-09-16 12:46:00.349000,417.8477673834023,6
2024-09-16 12:46:00.421000,417.8361651844359,7
2024-09-16 12:46:00.510000,417.8012777967455,105
2024-09-16 12:46:00.521000,417.7885592494365,95
2024-09-16 12:46:00.564000,417.8385778405356,10
2024-09-16 12:46:00.699000,417.8327210931719,97
2024-09-16 12:46:00.703000,417.804355291173,1000
2024-09-16 12:46:00.703000,417.80396466009154,7
2024-09-16 12:46:00.737000,417.7738505040669,97
2024-09-16 12:46:00.753000,417.8156316964337,103
2024-09-16 12:46:00.764000,417.8206238067259,101
2024-09-16 12:46:00.783000,417.8161107315203,97
2024-09-16 12:46:00.850000,417.8307544834109,7
2024-09-16 12:46:00.853000,417.8438550317644,99
2024-09-16 12:46:00.916000,417.7807179444732,997
2024-09-16 12:46:00.945000,417.8160311677312,997
2024-09-16 12:46:00.968000,417.7986102017578,1001
2024-09-16 12:46:01.009000,417.8181254402587,6
2024-09-16 12:46:01.025000,417.8445696988464,7
2024-09-16 12:46:01.052000,417.7972277353084,12
2024-09-16 12:46:01.115000,417.8355537365545,1002
2024-09-16 12:46:01.153000,417.7924982461536,13
2024-09-16 12:46:01.171000,417.8030151299875,101
2024-09-16 12:46:01.196000,417.7876948635632,11
2024-09-16 12:46:01.217000,417.812730530787,1003
2024-09-16 12:46:01.243000,417.80752446237216,99
2024-09-16 12:46:01.248000,417.8360604829648,998
2024-09-16 12:46:01.295000,417.80278459548106,7
2024-09-16 12:46:01.301000,417.812542073341,995
2024-09-16 12:46:01.313000,417.8457529544892,10
2024-09-16 12:46:01.325000,417.7927573749002,1002
2024-09-16 12:46:01.334000,417.7883887996624,8
2024-09-16 12:46:01.394000,417.81836657124927,99
2024-09-16 12:46:01.432000,417.7847166481585,12
2024-09-16 12:46:01.485000,417.8070168688873,7
2024-09-16 12:46:01.490000,417.7794624264712,9
2024-09-16 12:46:01.498000,417.81857921155154,105
2024-09-16 12:46:01.577000,417.7945603884986,99
2024-09-16 12:46:01.752000,417.8242165677528,102
2024-09-16 12:46:01.846000,417.8037830852256,13
2024-09-16 12:46:01.901000,417.8188491260743,1005
2024-09-16 12:46:01.917000,417.8363655870305,7
2024-09-16 12:46:01.976000,417.7876428016269,1004
2024-09-16 12:46:01.986000,417.8548432231079,1001
2024-09-16 12:46:01.996000,417.8584892105631,14
2024-09-16 12:46:02.026000,417.82937960090766,15
2024-09-16 12:46:02.052000,417.8166273943064,15
2024-09-16 12:46:02.071000,417.8586999199557,999
2024-09-16 12:46:02.082000,417.8321248175309,1001
2024-09-16 12:46:02.293000,417.84285741282,102
2024-09-16 12:46:02.371000,417.8535225416925,1004
2024-09-16 12:46:02.373000,417.855960516277,7
2024-09-16 12:46:02.381000,417.8027938939066,996
2024-09-16 12:46:02.407000,417.8130123076182,97
2024-09-16 12:46:02.416000,417.87702320379753,11
2024-09-16 12:46:02.526000,417.8160232034141,1003
2024-09-16 12:46:02.608000,417.86353759520034,1000
2024-09-16 12:46:02.712000,417.88542004916167,1005
2024-09-16 12:46:02.732000,417.8220683955258,11
2024-09-16 12:46:02.744000,417.8026384434626,6
2024-09-16 12:46:02.780000,417.8672085250837,9
2024-09-16 12:46:02.793000,417.80161785998297,999
2024-09-16 12:46:02.818000,417.8314969890341,6
2024-09-16 12:46:02.825000,417.8675541107141,12
2024-09-16 12:46:02.867000,417.86030813004174,12
2024-09-16 12:46:02.934000,417.79549554431065,10
2024-09-16 12:46:02.936000,417.8183098159511,100
2024-09-16 12:46:02.964000,417.8601065909953,12
2024-09-16 12:46:02.971000,417.8344116430413,101
2024-09-16 12:46:02.976000,417.81544130582046,10
2024-09-16 12:46:02.981000,417.8714018868832,1005
2024-09-16 12:46:03.059000,417.8948281271014,1003
2024-09-16 12:46:03.064000,417.8753929756028,995
2024-09-16 12:46:03.080000,417.90404183261546,104
2024-09-16 12:46:03.116000,417.9001665194969,100
2024-09-16 12:46:03.122000,417.8659615764282,1000
2024-09-16 12:46:03.187000,417.8825111013626,5
2024-09-16 12:46:03.212000,417.8919727544231,1000
2024-09-16 12:46:03.237000,417.8962329898273,12
2024-09-16 12:46:03.277000,417.9149956701097,97
2024-09-16 12:46:03.285000,417.88265117161217,102
2024-09-16 12:46:03.329000,417.891404893675,5
2024-09-16 12:46:03.346000,417.9169581773353,1002
2024-09-16 12:46:03.382000,417.89506267815136,15
2024-09-16 12:46:03.444000,417.8808731022541,1001
2024-09-16 12:46:03.468000,417.8837947644992,101
2024-09-16 12:46:03.517000,417.87566289276987,15
2024-09-16 12:46:03.571000,417.8900133399974,10
2024-09-16 12:46:03.580000,417.8771210828301,100
2024-09-16 12:46:03.609000,417.8977110852271,12
2024-09-16 12:46:03.650000,417.90622125856737,97
2024-09-16 12:46:03.658000,417.8924703559406,1005
2024-09-16 12:46:03.664000,417.8849552664397,998
2024-09-16 12:46:03.713000,417.88538502182735,8
2024-09-16 12:46:03.786000,417.8691343326798,5
2024-09-16 12:46:03.788000,417.8863300536896,5
2024-09-16 12:46:03.846000,417.89381848896943,11
2024-09-16 12:46:03.884000,417.9195317845185,15
2024-09-16 12:46:04.076000,417.986596989424,9
2024-09-16 12:46:04.139000,417.9790034180669,11
2024-09-16 12:46:04.156000,417.9491140888316,98
2024-09-16 12:46:04.174000,417.9820522194548,1002
2024-09-16 12:46:04.179000,417.9384750005164,15
2024-09-16 12:46:04.226000,417.9570817401012,100
2024-09-16 12:46:04.230000,417.93445351831855,12
2024-09-16 12:46:04.342000,417.9092081962812,96
2024-09-16 12:46:04.358000,417.9815355897706,14
2024-09-16 12:46:04.361000,417.9344969037217,1004
2024-09-16 12:46:04.494000,417.967513110519,995
2024-09-16 12:46:04.552000,417.9406814821568,1005
2024-09-16 12:46:04.554000,417.9461081845916,103
2024-09-16 12:46:04.559000,417.94903168718497,8
2024-09-16 12:46:04.659000,417.939630372998,95
2024-09-16 12:46:04.702000,417.9363820741524,995
2024-09-16 12:46:04.708000,417.9370647061256,1002
2024-09-16 12:46:04.716000,417.9792496478356,104
2024-09-16 12:46:04.719000,417.9785735489591,99
2024-09-16 12:46:04.720000,417.9473823941544,95
2024-09-16 12:46:04.722000,417.9879091115564,10
2024-09-16 12:46:04.745000,417.9648516091463,999
2024-09-16 12:46:04.777000,417.9429930896514,9
2024-09-16 12:46:04.810000,417.9582324628813,1000
2024-09-16 12:46:04.813000,417.92552631542105,5
2024-09-16 12:46:04.827000,417.9752754515866,1000
2024-09-16 12:46:04.858000,417.940844899602,95
2024-09-16 12:46:04.959000,417.9446084653577,1003
2024-09-16 12:46:05.025000,417.897841820676,5
2024-09-16 12:46:05.122000,417.9576924364504,14
2024-09-16 12:46:05.130000,417.9267338905587,7
2024-09-16 12:46:05.137000,417.90930250522126,997
2024-09-16 12:46:05.178000,417.9482641461905,99
2024-09-16 12:46:05.256000,417.9583907206425,101
2024-09-16 12:46:05.294000,417.8928181824203,104
2024-09-16 12:46:05.317000,417.9541801681724,1001
2024-09-16 12:46:05.365000,417.9272542846352,102
2024-09-16 12:46:05.391000,417.9570198584678,100
2024-09-16 12:46:05.406000,417.9006944067352,97
2024-09-16 12:46:05.425000,417.89373276167606,103
2024-09-16 12:46:05.734000,417.9158506802291,999
2024-09-16 12:46:05.736000,417.950335095457,15
2024-09-16 12:46:05.925000,417.9208955817792,96
2024-09-16 12:46:05.967000,417.93307555189153,1000
2024-09-16 12:46:06.025000,417.9385215977843,13
2024-09-16 12:46:06.078000,417.95406774647097,995
2024-09-16 12:46:06.130000,417.937642536246,97
2024-09-16 12:46:06.223000,417.961929955669,105
2024-09-16 12:46:06.343000,417.9261845101319,997
2024-09-16 12:46:06.422000,417.93566051816026,1000
2024-09-16 12:46:06.453000,417.9438462516362,9
2024-09-16 12:46:06.581000,417.94455514826666,96
2024-09-16 12:46:06.660000,417.92967314877166,97
2024-09-16 12:46:06.720000,417.96603494808767,12
2024-09-16 12:46:06.726000,417.9529492410725,1002
2024-09-16 12:46:06.736000,417.95368526326325,999
2024-09-16 12:46:06.784000,417.94499294273777,9
2024-09-16 12:46:06.864000,417.9544602294878,1004
2024-09-16 12:46:06.923000,417.9374760730108,15
2024-09-16 12:46:07.052000,417.9618651382149,14
2024-09-16 12:46:07.252000,417.9313482467338,1004
2024-09-16 12:46:07.302000,417.9569650335736,96
2024-09-16 12:46:07.794000,417.9727003210848,103
2024-09-16 12:46:07.875000,417.9388190709443,996
2024-09-16 12:46:07.989000,417.9334436066529,105
2024-09-16 12:46:08.245000,417.990080120252,14
2024-09-16 12:46:08.269000,417.9861131201028,97
2024-09-16 12:46:08.343000,417.9935453909338,6
2024-09-16 12:46:08.347000,417.98265931727343,1005
2024-09-16 12:46:08.354000,417.9954919674221,98
2024-09-16 12:46:08.401000,417.98520267725735,7
2024-09-16 12:46:08.410000,417.9862763138406,98
2024-09-16 12:46:08.572000,417.9707787404665,99
2024-09-16 12:46:08.683000,417.9802876278261,1001
2024-09-16 12:46:08.808000,417.9941598416211,1004
2024-09-16 12:46:08.886000,417.99072457370295,1001
2024-09-16 12:46:08.899000,417.9905470024457,102
2024-09-16 12:46:08.938000,417.9876138210085,105
2024-09-16 12:46:08.953000,417.9871840783048,95
2024-09-16 12:46:08.966000,417.9852189337042,15
2024-09-16 12:46:09.855000,417.9865742538976,1000
2024-09-16 12:46:10.046000,418.0366584269832,14
2024-09-16 12:46:10.097000,418.03496324824783,101
2024-09-16 12:46:10.102000,418.0770770013097,10
2024-09-16 12:46:10.166000,418.0060303540024,98
2024-09-16 12:46:10.230000,418.04174517398593,6
2024-09-16 12:46:10.253000,418.0108696811118,105
2024-09-16 12:46:10.257000,418.1260895443991,9
2024-09-16 12:46:10.269000,418.1043935336947,996
2024-09-16 12:46:10.292000,418.08191357020667,103
2024-09-16 12:46:10.355000,418.08946272950783,98
2024-09-16 12:46:10.362000,418.03077533048406,103
2024-09-16 12:46:10.429000,418.1026324669938,15
2024-09-16 12:46:10.457000,418.015686552204,96
2024-09-16 12:46:10.549000,418.0495120069659,1002
2024-09-16 12:46:10.635000,418.0848742963617,1001
2024-09-16 12:46:10.716000,418.0253028277137,97
2024-09-16 12:46:10.791000,418.0748308474636,1005
2024-09-16 12:46:10.838000,418.01183199732594,98
2024-09-16 12:46:10.874000,418.0168446822032,7
2024-09-16 12:46:10.898000,418.1037063191322,5
2024-09-16 12:46:10.940000,418.0084510662099,1004
2024-09-16 12:46:10.950000,418.0253862891953,7
2024-09-16 12:46:10.981000,418.0344392122624,995
2024-09-16 12:46:10.991000,418.02101771392495,97
2024-09-16 12:46:10.998000,418.0900039423713,7
2024-09-16 12:46:11.158000,418.1032496271136,1001
2024-09-16 12:46:11.169000,418.1226312813785,7
2024-09-16 12:46:11.178000,418.1162913950349,996
2024-09-16 12:46:11.199000,418.1098581121305,15
2024-09-16 12:46:11.223000,418.1082626510653,998
2024-09-16 12:46:11.245000,418.1051666228812,6
2024-09-16 12:46:11.381000,418.1067449835492,7
2024-09-16 12:46:11.423000,418.1078758738116,995
2024-09-16 12:46:11.557000,418.1088597161236,1005
2024-09-16 12:46:11.589000,418.1036801781341,11
2024-09-16 12:46:11.675000,418.09295641817806,102
2024-09-16 12:46:11.718000,418.1127651613677,995
2024-09-16 12:46:11.832000,418.1077507614317,7
2024-09-16 12:46:11.840000,418.1116814433876,1005
2024-09-16 12:46:12.116000,418.1033669516151,11
2024-09-16 12:46:12.190000,418.11487224924207,12
2024-09-16 12:46:12.238000,418.1420698513538,998
2024-09-16 12:46:12.359000,418.137130056454,6
2024-09-16 12:46:12.611000,418.10130433058254,100
2024-09-16 12:46:12.899000,418.08511725994185,5
2024-09-16 12:46:12.903000,418.1494827834677,11
2024-09-16 12:46:13.089000,418.0914801603493,1003
2024-09-16 12:46:13.123000,418.08509299545926,100
2024-09-16 12:46:13.126000,418.10709023056063,999
2024-09-16 12:46:13.140000,418.11328863575113,1000
2024-09-16 12:46:13.141000,418.08485397428734,9
2024-09-16 12:46:13.232000,418.09836717927055,97
2024-09-16 12:46:13.259000,418.0930486142729,1003
2024-09-16 12:46:13.263000,418.09227064369935,996
2024-09-16 12:46:13.336000,418.0854760278499,102
2024-09-16 12:46:13.339000,418.1359201850786,6
2024-09-16 12:46:13.359000,418.07597749151176,8
2024-09-16 12:46:13.411000,418.1042432704435,11
2024-09-16 12:46:13.428000,418.1099504267069,13
2024-09-16 12:46:13.447000,418.0717653733288,1000
2024-09-16 12:46:13.487000,418.1198686332778,6
2024-09-16 12:46:13.521000,418.0692804575528,1005
2024-09-16 12:46:13.568000,418.1318241653258,14
2024-09-16 12:46:13.611000,418.08800787459984,1003
2024-09-16 12:46:13.658000,418.0689409871717,99
2024-09-16 12:46:13.697000,418.0794364947931,105
2024-09-16 12:46:13.720000,418.09831795450776,6
2024-09-16 12:46:13.806000,418.0928339135533,15
2024-09-16 12:46:13.815000,418.1027118317666,100
2024-09-16 12:46:13.818000,418.0808132721703,103
2024-09-16 12:46:13.821000,418.0984116791474,995
2024-09-16 12:46:13.835000,418.0834062174489,105
2024-09-16 12:46:13.840000,418.0733405126941,1005
2024-09-16 12:46:14.119000,418.0839452284392,10
2024-09-16 12:46:14.178000,418.02733374003407,996
2024-09-16 12:46:14.281000,418.0529590014971,996
2024-09-16 12:46:14.320000,418.06934072648176,101
2024-09-16 12:46:14.395000,418.03860131080825,8
2024-09-16 12:46:14.415000,418.04000048328,1000
2024-09-16 12:46:14.415000,418.0635967397275,99
2024-09-16 12:46:14.552000,418.0710709649054,12
2024-09-16 12:46:14.574000,418.07380944328673,1000
2024-09-16 12:46:14.727000,418.0415332409663,12
2024-09-16 12:46:14.749000,418.0672680047103,9
2024-09-16 12:46:15.339000,418.03233590904847,14
2024-09-16 12:46:15.730000,418.03982616993295,8
2024-09-16 12:46:16.040000,418.0065879892642,103
2024-09-16 12:46:16.177000,417.9884813745152,13
2024-09-16 12:46:16.201000,418.0004486221459,996
2024-09-16 12:46:16.205000,418.0121655361855,8
2024-09-16 12:46:16.349000,418.02421523003824,1005
2024-09-16 12:46:16.393000,417.991685804362,10
2024-09-16 12:46:16.416000,417.975019361155,1001
2024-09-16 12:46:16.451000,418.02381750902833,102
2024-09-16 12:46:16.480000,417.9825788175402,997
2024-09-16 12:46:16.548000,418.026386684777,12
2024-09-16 12:46:16.599000,417.9614479863199,99
2024-09-16 12:46:16.621000,417.98541629097474,10
2024-09-16 12:46:16.775000,418.0057494314259,999
2024-09-16 12:46:16.901000,417.9922520873477,10
2024-09-16 12:46:16.903000,417.9868460844135,1004
2024-09-16 12:46:16.916000,418.02324160656815,999
2024-09-16 12:46:17.087000,417.97386799983946,99
2024-09-16 12:46:17.112000,417.9880102916632,10
2024-09-16 12:46:17.193000,418.0124279655613,14
2024-09-16 12:46:17.230000,418.01929018614334,1005
2024-09-16 12:46:17.233000,417.9841603122067,103
2024-09-16 12:46:17.244000,417.9870886521299,14
2024-09-16 12:46:17.263000,417.9838931255334,7
2024-09-16 12:46:17.378000,418.04069380755953,12
2024-09-16 12:46:17.395000,417.97665418461327,998
2024-09-16 12:46:17.421000,417.9751635938029,9
2024-09-16 12:46:17.423000,417.9861815499521,6
2024-09-16 12:46:17.463000,418.04000728755744,1002
2024-09-16 12:46:17.508000,418.0198165836284,8
2024-09-16 12:46:17.536000,417.99432525230486,999
2024-09-16 12:46:17.537000,418.042372978479,98
2024-09-16 12:46:17.583000,418.0281468547696,995
2024-09-16 12:46:17.647000,418.0202762466535,996
2024-09-16 12:46:17.705000,418.0063166241381,1004
2024-09-16 12:46:17.752000,418.0303464696353,999
2024-09-16 12:46:17.954000,417.9832633526008,5
2024-09-16 12:46:18.029000,417.9862530119229,12
2024-09-16 12:46:18.041000,418.00840371401017,8
2024-09-16 12:46:18.227000,417.993169190841,102
2024-09-16 12:46:18.259000,417.9982494958028,15
2024-09-16 12:46:18.309000,418.0252678421131,995
2024-09-16 12:46:18.365000,417.9840537809307,6
2024-09-16 12:46:18.380000,417.998442121593,15
2024-09-16 12:46:18.465000,418.0010762204138,102
2024-09-16 12:46:18.469000,417.9990055099079,11
2024-09-16 12:46:18.496000,417.9996047862919,5
2024-09-16 12:46:18.557000,417.9932914247639,10
2024-09-16 12:46:18.689000,418.00268583518186,1005
2024-09-16 12:46:18.692000,418.0066436883005,9
2024-09-16 12:46:18.734000,418.00772062683984,99
2024-09-16 12:46:18.734000,417.96627082504045,100
2024-09-16 12:46:18.754000,417.9951202952694,14
2024-09-16 12:46:19.130000,417.96789874277647,998
2024-09-16 12:46:19.180000,417.97508842608977,97
2024-09-16 12:46:19.203000,417.9589662277433,100
2024-09-16 12:46:19.424000,417.9804132335914,104
2024-09-16 12:46:19.480000,417.9879860354992,8
2024-09-16 12:46:19.630000,417.97482021048927,97
2024-09-16 12:46:19.788000,417.95552237807743,1003
2024-09-16 12:46:19.815000,417.9803841193904,95
2024-09-16 12:46:19.852000,417.9854727861509,13
2024-09-16 12:46:19.958000,417.9615138703829,13
2024-09-16 12:46:20.649000,417.9552879550636,97
2024-09-16 12:46:20.775000,417.96863610861067,6
2024-09-16 12:46:20.848000,417.9497090830553,103
2024-09-16 12:46:21.110000,417.94896958088106,95
2024-09-16 12:46:21.116000,417.9828468168132,996
2024-09-16 12:46:21.130000,417.9631053643504,999
2024-09-16 12:46:21.230000,417.9608814690539,5
2024-09-16 12:46:21.234000,417.97250430417387,1003
2024-09-16 12:46:21.447000,417.9522371360402,13
2024-09-16 12:46:21.525000,418.01183547263525,13
2024-09-16 12:46:21.570000,418.0086441211842,98
2024-09-16 12:46:21.644000,418.0154139908148,997
2024-09-16 12:46:21.655000,418.018121016212,1000
2024-09-16 12:46:21.669000,417.9781726303037,1000
2024-09-16 12:46:21.715000,417.9918096803565,1003
2024-09-16 12:46:21.893000,417.9613349351772,6
2024-09-16 12:46:21.977000,418.0143187780117,995
2024-09-16 12:46:22.054000,418.0065004895928,996
2024-09-16 12:46:22.093000,418.0730928239496,96
2024-09-16 12:46:22.101000,417.9929074900207,98
2024-09-16 12:46:22.115000,418.0622100701098,998
2024-09-16 12:46:22.225000,418.02575440637344,5
2024-09-16 12:46:22.234000,418.0535461926062,99
2024-09-16 12:46:22.248000,418.0099172711895,9
2024-09-16 12:46:22.267000,418.0155399224588,1003
2024-09-16 12:46:22.355000,418.0142748744144,999
2024-09-16 12:46:22.514000,418.0269509067926,1001
2024-09-16 12:46:22.615000,418.0124619811663,999
2024-09-16 12:46:22.654000,418.0242304976678,104
2024-09-16 12:46:22.677000,417.997377195577,9
2024-09-16 12:46:22.868000,418.0584501891586,11
2024-09-16 12:46:22.955000,418.038131756094,1000
2024-09-16 12:46:23.065000,418.0836258550853,1002
2024-09-16 12:46:23.076000,418.0378580115892,6
2024-09-16 12:46:23.149000,418.062364362472,1000
2024-09-16 12:46:23.298000,418.0254080359367,95
2024-09-16 12:46:23.367000,418.0537401089595,996
2024-09-16 12:46:23.700000,418.0442515748628,998
2024-09-16 12:46:23.938000,418.08371594626544,95
2024-09-16 12:46:23.963000,418.0409557298171,1003
2024-09-16 12:46:24.240000,418.1133281550627,104
2024-09-16 12:46:24.312000,418.1177010381477,101
2024-09-16 12:46:24.328000,418.1031451930132,997
2024-09-16 12:46:24.697000,418.1201326289455,12
2024-09-16 12:46:24.895000,418.10898206951777,1002
2024-09-16 12:46:25.130000,418.0580494390277,1001
2024-09-16 12:46:25.156000,418.04321673662696,7
2024-09-16 12:46:25.169000,418.04491645636136,1001
2024-09-16 12:46:25.298000,418.0609568106805,7
2024-09-16 12:46:25.306000,418.0211546820415,12
2024-09-16 12:46:25.402000,418.0253877545735,103
2024-09-16 12:46:25.406000,418.08127919519984,8
2024-09-16 12:46:25.419000,418.1129876487184,100
2024-09-16 12:46:25.484000,418.1036302233484,95
2024-09-16 12:46:25.485000,418.0682976675132,1001
2024-09-16 12:46:25.529000,418.0692859463614,1000
2024-09-16 12:46:25.614000,418.0415086394168,12
2024-09-16 12:46:25.629000,418.0316822553718,1000
2024-09-16 12:46:25.716000,418.0465601785253,14
2024-09-16 12:46:25.778000,418.046520789257,7
2024-09-16 12:46:25.805000,418.0995855675792,13
2024-09-16 12:46:25.849000,418.048676411899,104
2024-09-16 12:46:25.923000,418.0351219847218,98
2024-09-16 12:46:25.927000,418.1042920903183,1000
2024-09-16 12:46:25.945000,418.0591366381511,1002
2024-09-16 12:46:25.946000,418.1257511430268,101
2024-09-16 12:46:25.988000,418.0574171462324,102
2024-09-16 12:46:26.033000,418.0857162288035,15
2024-09-16 12:46:26.057000,418.1223307172659,7
2024-09-16 12:46:26.086000,418.17450132268846,1001
2024-09-16 12:46:26.089000,418.1184352360457,14
2024-09-16 12:46:26.244000,418.1486289620329,98
2024-09-16 12:46:26.281000,418.0763040818599,96
2024-09-16 12:46:26.350000,418.0692773915625,6
2024-09-16 12:46:26.375000,418.2106307554433,99
2024-09-16 12:46:26.457000,418.0976629252692,101
2024-09-16 12:46:26.511000,418.0763995892027,5
2024-09-16 12:46:26.528000,418.1643331974848,98
2024-09-16 12:46:26.551000,418.1811966773522,98
2024-09-16 12:46:26.608000,418.080593212973,5
2024-09-16 12:46:26.623000,418.06620176737886,11
2024-09-16 12:46:26.666000,418.0699396749322,103
2024-09-16 12:46:26.680000,418.14180746339343,102
2024-09-16 12:46:26.740000,418.135061785734,105
2024-09-16 12:46:26.765000,418.0834919339464,5
2024-09-16 12:46:26.773000,418.1340390370979,999
2024-09-16 12:46:26.799000,418.1327678103335,95
2024-09-16 12:46:26.823000,418.0633361721193,1004
2024-09-16 12:46:26.889000,418.1212934329175,1002
2024-09-16 12:46:26.921000,418.1221022585184,998
2024-09-16 12:46:26.940000,418.21905920312366,98
2024-09-16 12:46:26.976000,418.0594641174105,96
2024-09-16 12:46:27.029000,418.22840006213215,9
2024-09-16 12:46:27.050000,418.2572142925758,96
2024-09-16 12:46:27.094000,418.2349716127765,99
2024-09-16 12:46:27.156000,418.2537325203673,99
2024-09-16 12:46:27.229000,418.24434553571984,98
2024-09-16 12:46:27.316000,418.2290603382056,1004
2024-09-16 12:46:27.400000,418.2252641540958,10
2024-09-16 12:46:27.490000,418.2376098850998,1003
2024-09-16 12:46:27.515000,418.26854942166807,997
2024-09-16 12:46:27.535000,418.2447242997884,5
2024-09-16 12:46:27.543000,418.2198145854314,103
2024-09-16 12:46:27.571000,418.2176579007893,8
2024-09-16 12:46:27.631000,418.2331595916973,1004
2024-09-16 12:46:27.648000,418.2310236282521,96
2024-09-16 12:46:27.714000,418.2757553237239,999
2024-09-16 12:46:27.799000,418.2401106743533,95
2024-09-16 12:46:27.828000,418.2519381949208,14
2024-09-16 12:46:27.891000,418.2482207639684,5
2024-09-16 12:46:27.920000,418.2547380100043,995
2024-09-16 12:46:28.104000,418.2153791258257,105
2024-09-16 12:46:28.224000,418.2386572012838,96
2024-09-16 12:46:28.263000,418.2531015069584,103
2024-09-16 12:46:28.354000,418.18498604810986,101
2024-09-16 12:46:28.402000,418.23838454853086,995
2024-09-16 12:46:28.421000,418.2421106325961,14
2024-09-16 12:46:28.438000,418.21593697716906,15
2024-09-16 12:46:28.501000,418.2268975744043,14
2024-09-16 12:46:28.539000,418.2396164823285,101
2024-09-16 12:46:28.683000,418.1929813443457,9
2024-09-16 12:46:28.707000,418.241534104697,98
2024-09-16 12:46:28.722000,418.2330992022204,997
2024-09-16 12:46:28.723000,418.19435752113634,1004
2024-09-16 12:46:28.755000,418.2155162220337,100
2024-09-16 12:46:28.776000,418.166846135959,7
2024-09-16 12:46:28.808000,418.201893272998,1002
2024-09-16 12:46:28.823000,418.1898955172008,10
2024-09-16 12:46:28.860000,418.2116145988881,5
2024-09-16 12:46:28.870000,418.2164876796679,97
2024-09-16 12:46:28.905000,418.2364715768048,1003
2024-09-16 12:46:28.927000,418.2026469898902,15
2024-09-16 12:46:28.957000,418.2074375073847,6
2024-09-16 12:46:28.960000,418.1831257124183,999
2024-09-16 12:46:28.981000,418.2718317412797,15
2024-09-16 12:46:29.287000,418.1896142462352,9
2024-09-16 12:46:30.147000,418.1968116597588,7
2024-09-16 12:46:30.336000,418.1884590421087,95
2024-09-16 12:46:30.591000,418.2176148088241,15
2024-09-16 12:46:30.625000,418.1657635196352,103
2024-09-16 12:46:30.706000,418.1666212247505,14
2024-09-16 12:46:30.957000,418.1700963829044,13
2024-09-16 12:46:31.067000,418.18000281897525,1005
2024-09-16 12:46:31.085000,418.21021547015846,1005
2024-09-16 12:46:31.102000,418.1842849717405,6
2024-09-16 12:46:31.126000,418.1918465926725,7
2024-09-16 12:46:31.133000,418.1815850796661,997
2024-09-16 12:46:31.142000,418.1820970191382,97
2024-09-16 12:46:31.218000,418.2047455400437,98
2024-09-16 12:46:31.256000,418.2001648361372,5
2024-09-16 12:46:31.257000,418.21510053592937,1002
2024-09-16 12:46:31.331000,418.2433287258685,103
2024-09-16 12:46:31.449000,418.1978223903443,103
2024-09-16 12:46:31.568000,418.1940503556421,103
2024-09-16 12:46:31.603000,418.19630792192976,1003
2024-09-16 12:46:31.660000,418.2104842231249,101
2024-09-16 12:46:31.775000,418.2212131566855,105
2024-09-16 12:46:31.802000,418.22583289951945,7
2024-09-16 12:46:31.803000,418.1827147021376,8
2024-09-16 12:46:31.805000,418.2140142623727,95
2024-09-16 12:46:31.854000,418.2132560682902,97
2024-09-16 12:46:31.861000,418.1849622916541,103
2024-09-16 12:46:31.876000,418.2318323812004,996
2024-09-16 12:46:31.911000,418.1972389546499,101
2024-09-16 12:46:31.912000,418.1843004068266,9
2024-09-16 12:46:31.927000,418.1979554845794,96
2024-09-16 12:46:31.950000,418.2017760840294,95
2024-09-16 12:46:31.975000,418.2013076153244,11
2024-09-16 12:46:31.989000,418.190250019982,5
2024-09-16 12:46:32.069000,418.2034849516402,11
2024-09-16 12:46:32.126000,418.2131814931188,9
2024-09-16 12:46:32.275000,418.1931275399173,7
2024-09-16 12:46:32.326000,418.1802858203085,7
2024-09-16 12:46:32.418000,418.1876437649666,12
2024-09-16 12:46:32.443000,418.1684398742184,996
2024-09-16 12:46:32.446000,418.1886334876677,96
2024-09-16 12:46:32.506000,418.19556414523976,99
2024-09-16 12:46:32.543000,418.18492311120633,13
2024-09-16 12:46:32.549000,418.1731180493625,8
2024-09-16 12:46:32.556000,418.1812250127835,1000
2024-09-16 12:46:32.600000,418.1940435038031,98
2024-09-16 12:46:32.675000,418.2071544014961,96
2024-09-16 12:46:32.697000,418.1872237524444,1001
2024-09-16 12:46:32.751000,418.1902460052008,996
2024-09-16 12:46:32.780000,418.2205078560024,100
2024-09-16 12:46:32.801000,418.2110333115304,5
2024-09-16 12:46:32.862000,418.190215269394,6
2024-09-16 12:46:32.920000,418.1999501843521,14
2024-09-16 12:46:32.976000,418.1908994181038,11
2024-09-16 12:46:33.015000,418.2622428200124,103
2024-09-16 12:46:33.060000,418.22319086756335,105
2024-09-16 12:46:33.067000,418.2019674685869,103
2024-09-16 12:46:33.080000,418.2293584774303,101
2024-09-16 12:46:33.095000,418.2188847718826,997
2024-09-16 12:46:33.103000,418.2581440453466,100
2024-09-16 12:46:33.109000,418.1842442099216,97
2024-09-16 12:46:33.122000,418.20318948293,995
2024-09-16 12:46:33.234000,418.1956462733684,1003
2024-09-16 12:46:33.242000,418.1747218857826,996
2024-09-16 12:46:33.260000,418.2064097080773,97
2024-09-16 12:46:33.302000,418.2399855416884,11
2024-09-16 12:46:33.336000,418.19736881715227,998
2024-09-16 12:46:33.355000,418.254909148966,1003
2024-09-16 12:46:33.442000,418.1962925606056,13
2024-09-16 12:46:33.478000,418.2256212980456,999
2024-09-16 12:46:33.490000,418.183919015857,105
2024-09-16 12:46:33.651000,418.2531287975362,95
2024-09-16 12:46:33.674000,418.1893488062621,104
2024-09-16 12:46:33.674000,418.213461289605,1004
2024-09-16 12:46:33.679000,418.2601432904904,995
2024-09-16 12:46:33.771000,418.2068801716698,998
2024-09-16 12:46:33.826000,418.2162024749486,998
2024-09-16 12:46:33.857000,418.2123170632907,8
2024-09-16 12:46:33.891000,418.20552923056266,11
2024-09-16 12:46:33.918000,418.24680077800383,5
2024-09-16 12:46:33.998000,418.25131040899095,99
2024-09-16 12:46:34.087000,418.24987064707466,98
2024-09-16 12:46:34.139000,418.2546961806949,996
2024-09-16 12:46:34.426000,418.261871862846,1002
2024-09-16 12:46:34.544000,418.2459459900703,996
2024-09-16 12:46:34.578000,418.2443095334141,105
2024-09-16 12:46:35.019000,418.234114872518,14
2024-09-16 12:46:35.911000,418.2450062976654,102
2024-09-16 12:46:36.149000,418.2029117799795,1005
2024-09-16 12:46:36.210000,418.1450156606292,13
2024-09-16 12:46:36.315000,418.16249940466935,996
2024-09-16 12:46:36.318000,418.2341904276506,13
2024-09-16 12:46:36.353000,418.23933674271655,5
2024-09-16 12:46:36.366000,418.205755852549,1002
2024-09-16 12:46:36.376000,418.1792077263161,96
2024-09-16 12:46:36.423000,418.14662619865805,1001
2024-09-16 12:46:36.538000,418.2037243001119,99
2024-09-16 12:46:36.552000,418.1816584841205,1001
2024-09-16 12:46:36.644000,418.1334078084745,15
2024-09-16 12:46:36.654000,418.1892585110341,103
2024-09-16 12:46:36.657000,418.1826862899502,6
2024-09-16 12:46:36.719000,418.2459859780183,1003
2024-09-16 12:46:36.775000,418.21237619433657,5
2024-09-16 12:46:36.830000,418.2299198872551,104
2024-09-16 12:46:36.926000,418.21011636997,10
2024-09-16 12:46:36.992000,418.1563983451666,95
2024-09-16 12:46:37.077000,418.1257971744018,14
2024-09-16 12:46:37.259000,418.1386923859811,101
2024-09-16 12:46:37.357000,418.128566546875,999
2024-09-16 12:46:37.573000,418.1302516079224,6
2024-09-16 12:46:37.669000,418.1304115874317,1002
2024-09-16 12:46:38.031000,418.12214151890896,13
2024-09-16 12:46:38.339000,418.1297201102863,998
2024-09-16 12:46:38.572000,418.1497999325036,98
2024-09-16 12:46:38.850000,418.13459081646295,98
2024-09-16 12:46:38.873000,418.1301667676845,997
2024-09-16 12:46:38.875000,418.1394899427376,995
2024-09-16 12:46:40.043000,418.1558566857854,8
2024-09-16 12:46:40.056000,418.1710856807103,5
2024-09-16 12:46:40.087000,418.1167961201596,15
2024-09-16 12:46:40.096000,418.1265755961587,8
2024-09-16 12:46:40.111000,418.1305581348337,14
2024-09-16 12:46:40.121000,418.1628834593414,996
2024-09-16 12:46:40.199000,418.1404459824269,997
2024-09-16 12:46:40.213000,418.166018995339,7
2024-09-16 12:46:40.215000,418.13772995366713,1003
2024-09-16 12:46:40.368000,418.11014754987775,999
2024-09-16 12:46:40.455000,418.14293478090536,997
2024-09-16 12:46:40.558000,418.1717856923666,105
2024-09-16 12:46:40.583000,418.17382843053673,98
2024-09-16 12:46:40.591000,418.16389040756167,15
2024-09-16 12:46:40.671000,418.113738655079,103
2024-09-16 12:46:40.692000,418.1530119823187,1005
2024-09-16 12:46:40.694000,418.1217785412098,999
2024-09-16 12:46:40.846000,418.123659082345,11
2024-09-16 12:46:40.869000,418.09672783715695,98
2024-09-16 12:46:40.948000,418.1079934727338,996
2024-09-16 12:46:40.955000,418.16907579221953,14
2024-09-16 12:46:40.985000,418.1583825094246,11
2024-09-16 12:46:42.704000,418.197999021788,101
2024-09-16 12:46:42.827000,418.1961853044887,10
2024-09-16 12:46:42.836000,418.1800523591394,11
2024-09-16 12:46:42.869000,418.17616478735016,11
2024-09-16 12:46:43.118000,418.1645553133003,96
2024-09-16 12:46:43.353000,418.1197387119981,1001
2024-09-16 12:46:43.730000,418.1592983816952,14
2024-09-16 12:46:43.905000,418.128110918356,104
2024-09-16 12:46:44.213000,418.1217043132359,96
2024-09-16 12:46:44.404000,418.132657539455,15
2024-09-16 12:46:44.536000,418.1293340570016,12
2024-09-16 12:46:44.568000,418.1274605893155,995
2024-09-16 12:46:44.631000,418.12829708556376,997
2024-09-16 12:46:44.640000,418.1424381836693,1000
2024-09-16 12:46:44.662000,418.1363272107527,1003
2024-09-16 12:46:44.801000,418.1432681879015,102
2024-09-16 12:46:44.832000,418.1280954195238,11
2024-09-16 12:46:44.834000,418.1355900038224,104
2024-09-16 12:46:44.906000,418.1238709657727,6
2024-09-16 12:46:45.536000,418.1186319766017,7
2024-09-16 12:46:46.065000,418.1218003356093,996
2024-09-16 12:46:46.069000,418.1017619212655,5
2024-09-16 12:46:46.218000,418.0787036117968,10
2024-09-16 12:46:46.228000,418.12757014795767,15
2024-09-16 12:46:46.234000,418.1026468504496,104
2024-09-16 12:46:46.236000,418.1089488195027,1002
2024-09-16 12:46:46.248000,418.1136361765805,998
2024-09-16 12:46:46.437000,418.0767621596602,6
2024-09-16 12:46:46.446000,418.0744958951747,99
2024-09-16 12:46:46.564000,418.1115148914224,12
2024-09-16 12:46:46.761000,418.1240670404288,1003
2024-09-16 12:46:46.782000,418.1064754361681,102
2024-09-16 12:46:46.848000,418.1062890922303,5
2024-09-16 12:46:46.924000,418.1037219768037,10
2024-09-16 12:46:47.054000,418.0673501655885,100
2024-09-16 12:46:47.135000,418.0528243855011,100
2024-09-16 12:46:47.141000,418.05687092931294,11
2024-09-16 12:46:47.192000,418.0341723016086,997
2024-09-16 12:46:47.321000,418.0745903741183,95
2024-09-16 12:46:47.372000,418.0761692148317,13
2024-09-16 12:46:47.372000,418.08026738466776,100
2024-09-16 12:46:47.373000,418.0393809442213,103
2024-09-16 12:46:47.594000,418.0514368509346,99
2024-09-16 12:46:47.630000,418.0821270282689,13
2024-09-16 12:46:47.737000,418.0449214167564,15
2024-09-16 12:46:47.814000,418.0803182348051,14
2024-09-16 12:46:47.974000,418.07718760565007,13
2024-09-16 12:46:47.992000,418.09364830964034,95
2024-09-16 12:46:48.175000,418.0748890683255,7
2024-09-16 12:46:48.294000,418.0511510014866,13
2024-09-16 12:46:48.303000,418.0630458337122,97
2024-09-16 12:46:48.312000,418.07670792592586,102
2024-09-16 12:46:48.359000,418.0550623399192,1004
2024-09-16 12:46:48.412000,418.0836588318709,105
2024-09-16 12:46:48.471000,418.0648907378218,9
2024-09-16 12:46:48.548000,418.05807624088726,999
2024-09-16 12:46:48.623000,418.0514687430807,5
2024-09-16 12:46:48.802000,418.0545792499588,6
2024-09-16 12:46:48.845000,418.04060618540376,101
2024-09-16 12:46:48.950000,418.0595469236172,13
2024-09-16 12:46:49.059000,418.03933284157233,13
2024-09-16 12:46:49.085000,417.9875067282839,15
2024-09-16 12:46:49.117000,418.0290636261504,1000
2024-09-16 12:46:49.125000,418.004478123515,996
2024-09-16 12:46:49.161000,418.01217559739393,98
2024-09-16 12:46:49.182000,417.9970028813691,9
2024-09-16 12:46:49.191000,418.047804481553,1005
2024-09-16 12:46:49.255000,418.00505519030514,12
2024-09-16 12:46:49.298000,418.00727384572326,996
2024-09-16 12:46:49.301000,418.0414269029144,995
2024-09-16 12:46:49.404000,418.01002595064375,995
2024-09-16 12:46:49.584000,417.9967535055059,6
2024-09-16 12:46:49.594000,417.9976162035893,7
2024-09-16 12:46:49.598000,417.98537537499215,7
2024-09-16 12:46:49.659000,418.03291258594334,6
2024-09-16 12:46:49.703000,418.01868064327874,12
2024-09-16 12:46:49.784000,417.97242579931145,1001
2024-09-16 12:46:49.815000,418.0289518839879,11
2024-09-16 12:46:49.816000,418.0152265195211,8
2024-09-16 12:46:49.826000,418.0366803958653,9
2024-09-16 12:46:49.891000,418.0358364244964,97
2024-09-16 12:46:49.925000,418.007700527745,100
2024-09-16 12:46:49.936000,418.0405356995212,999
2024-09-16 12:46:49.971000,418.05302440821305,8
2024-09-16 12:46:50.094000,418.0113418962972,1005
2024-09-16 12:46:50.111000,418.0289313657992,12
2024-09-16 12:46:50.150000,418.0070401181586,5
2024-09-16 12:46:50.171000,418.0643919148928,10
2024-09-16 12:46:50.243000,418.0546381702839,99
2024-09-16 12:46:50.287000,418.0395212388309,96
2024-09-16 12:46:50.438000,418.04338857431,105
2024-09-16 12:46:50.458000,418.047037841883,996
2024-09-16 12:46:50.459000,418.0634543780267,100
2024-09-16 12:46:50.511000,418.0438572588448,996
2024-09-16 12:46:50.530000,418.0534465615936,98
2024-09-16 12:46:50.573000,417.9978582113381,101
2024-09-16 12:46:50.679000,418.0518278149737,15
2024-09-16 12:46:50.692000,418.029977882972,9
2024-09-16 12:46:50.701000,418.0380420454391,13
2024-09-16 12:46:50.735000,418.0407910271541,95
2024-09-16 12:46:50.735000,418.0474013970435,6
2024-09-16 12:46:50.829000,418.0340270862397,8
2024-09-16 12:46:50.837000,418.0525690460007,1003
2024-09-16 12:46:50.897000,418.0265495974114,1004
2024-09-16 12:46:50.948000,418.0120874643203,15
2024-09-16 12:46:50.966000,418.0533759009321,9
2024-09-16 12:46:51.095000,418.0664478277099,100
2024-09-16 12:46:51.132000,418.0438467248577,998
2024-09-16 12:46:51.198000,418.05931292906666,15
2024-09-16 12:46:51.228000,418.0266799892897,1003
2024-09-16 12:46:51.366000,418.0341319456935,1001
2024-09-16 12:46:51.412000,418.0439890300169,995
2024-09-16 12:46:51.513000,418.035496184476,1004
2024-09-16 12:46:51.513000,418.0360423301465,9
2024-09-16 12:46:51.731000,418.0293383258193,996
2024-09-16 12:46:51.796000,418.0718201236308,1003
2024-09-16 12:46:51.860000,418.0300028776279,1001
2024-09-16 12:46:51.939000,418.0348637237477,11
2024-09-16 12:46:52.040000,418.1954170602448,7
2024-09-16 12:46:52.041000,418.1386720568791,105
2024-09-16 12:46:52.063000,418.176193475246,12
2024-09-16 12:46:52.148000,418.137462530531,998
2024-09-16 12:46:52.157000,418.1498738407937,999
2024-09-16 12:46:52.195000,418.19532485394313,102
2024-09-16 12:46:52.196000,418.1425037619943,103
2024-09-16 12:46:52.228000,418.1375835652403,98
2024-09-16 12:46:52.245000,418.061522014339,12
2024-09-16 12:46:52.352000,418.1688456929568,997
2024-09-16 12:46:52.382000,418.1251253907973,8
2024-09-16 12:46:52.429000,418.1551548458533,103
2024-09-16 12:46:52.457000,418.2083036496393,1003
2024-09-16 12:46:52.479000,418.1575988182023,104
2024-09-16 12:46:52.486000,418.0735889248704,5
2024-09-16 12:46:52.562000,418.18071523970895,13
2024-09-16 12:46:52.635000,418.12323250607216,14
2024-09-16 12:46:52.644000,418.1879376089892,996
2024-09-16 12:46:52.779000,418.15343835360295,9
2024-09-16 12:46:52.779000,418.1996105666961,999
2024-09-16 12:46:52.793000,418.1536384906692,9
2024-09-16 12:46:52.915000,418.1569965363088,998
2024-09-16 12:46:52.988000,418.1090864951978,96
2024-09-16 12:46:52.999000,418.1331666749359,10
2024-09-16 12:46:53.093000,418.12275308027216,996
2024-09-16 12:46:53.110000,418.1071731995117,100
2024-09-16 12:46:53.128000,418.12417598917074,9
2024-09-16 12:46:53.149000,418.11323067506567,99
2024-09-16 12:46:53.184000,418.09883157271935,100
2024-09-16 12:46:53.204000,418.13212115587936,5
2024-09-16 12:46:53.244000,418.1142468625731,8
2024-09-16 12:46:53.376000,418.14588193332463,1000
2024-09-16 12:46:53.490000,418.1377658065881,103
2024-09-16 12:46:53.496000,418.14375563587697,99
2024-09-16 12:46:53.536000,418.121351132817,101
2024-09-16 12:46:53.538000,418.1452474480653,1003
2024-09-16 12:46:53.577000,418.1070938325626,1003
2024-09-16 12:46:53.811000,418.0996048529791,95
2024-09-16 12:46:53.813000,418.1392709129361,6
2024-09-16 12:46:53.832000,418.109777804601,10
2024-09-16 12:46:53.842000,418.115807900699,996
2024-09-16 12:46:53.873000,418.10358624845753,998
2024-09-16 12:46:53.949000,418.1127697453669,104
2024-09-16 12:46:53.974000,418.1228795983781,7
2024-09-16 12:46:53.994000,418.111176485467,998
2024-09-16 12:46:54.031000,418.0935246077145,1002
2024-09-16 12:46:54.493000,418.10992212954346,99
2024-09-16 12:46:54.517000,418.1280588546141,1002
2024-09-16 12:46:54.521000,418.09842177709385,104
2024-09-16 12:46:54.588000,418.108586457622,103
2024-09-16 12:46:54.953000,418.09701103344713,1004
2024-09-16 12:46:55.008000,418.1408770607914,101
2024-09-16 12:46:55.030000,418.1614932644495,996
2024-09-16 12:46:55.136000,418.1546547504399,999
2024-09-16 12:46:55.426000,418.14519008982506,997
2024-09-16 12:46:55.451000,418.1484525842807,100
2024-09-16 12:46:55.549000,418.1312909322886,13
2024-09-16 12:46:55.549000,418.14887089283417,97
2024-09-16 12:46:55.550000,418.1325590549998,100
2024-09-16 12:46:55.595000,418.1703668302136,1001
2024-09-16 12:46:55.595000,418.15204047885766,996
2024-09-16 12:46:55.732000,418.1302940513168,1001
2024-09-16 12:46:55.865000,418.1523748118995,105
2024-09-16 12:46:56.155000,418.2222059390379,1003
2024-09-16 12:46:56.170000,418.1295599779521,995
2024-09-16 12:46:56.206000,418.2311012952367,5
2024-09-16 12:46:56.230000,418.1456298491036,998
2024-09-16 12:46:56.273000,418.2049193720944,996
2024-09-16 12:46:56.283000,418.20134925165866,998
2024-09-16 12:46:56.295000,418.1511475396157,102
2024-09-16 12:46:56.382000,418.11209957018593,5
2024-09-16 12:46:56.417000,418.0900500797064,103
2024-09-16 12:46:56.430000,418.1589124750316,998
2024-09-16 12:46:56.464000,418.1350324821513,999
2024-09-16 12:46:56.495000,418.17582544615857,9
2024-09-16 12:46:56.532000,418.125769086686,11
2024-09-16 12:46:56.590000,418.2193614826387,98
2024-09-16 12:46:56.610000,418.09689472248704,11
2024-09-16 12:46:56.653000,418.16574019664046,96
2024-09-16 12:46:56.683000,418.09422030380233,96
2024-09-16 12:46:56.720000,418.1568448045104,1005
2024-09-16 12:46:56.731000,418.2523085973351,103
2024-09-16 12:46:56.766000,418.1248046319421,15
2024-09-16 12:46:56.787000,418.227094421054,101
2024-09-16 12:46:56.803000,418.1465993958649,12
2024-09-16 12:46:56.804000,418.2518282300166,102
2024-09-16 12:46:56.870000,418.09358011567775,105
2024-09-16 12:46:56.917000,418.13642147005737,101
2024-09-16 12:46:56.929000,418.2051097374977,96
2024-09-16 12:46:56.957000,418.2185528273633,5
2024-09-16 12:46:56.978000,418.2046121715008,100
2024-09-16 12:46:56.992000,418.2005090140968,995
2024-09-16 12:46:57.001000,418.1427430167891,9
2024-09-16 12:46:57.186000,418.1986811945668,7
2024-09-16 12:46:57.214000,418.196503294409,105
2024-09-16 12:46:57.401000,418.187718419472,99
2024-09-16 12:46:57.419000,418.2386224496308,999
2024-09-16 12:46:57.434000,418.21856658950935,10
2024-09-16 12:46:57.474000,418.2042626484321,101
2024-09-16 12:46:57.494000,418.1926647778269,7
2024-09-16 12:46:57.575000,418.189717022019,6
2024-09-16 12:46:57.582000,418.2137546194984,14
2024-09-16 12:46:57.613000,418.2083643337687,997
2024-09-16 12:46:57.642000,418.1329633155813,995
2024-09-16 12:46:57.654000,418.1655820660953,995
2024-09-16 12:46:57.752000,418.2432621860243,98
2024-09-16 12:46:57.777000,418.1362720044943,95
2024-09-16 12:46:57.797000,418.16899344317625,99
2024-09-16 12:46:57.870000,418.1969049396179,6
2024-09-16 12:46:57.945000,418.2473128979087,996
2024-09-16 12:46:57.962000,418.1901649699533,105
2024-09-16 12:46:57.965000,418.19486163703743,5
2024-09-16 12:46:57.969000,418.17991863574713,1003
2024-09-16 12:46:57.972000,418.2326902150928,8
2024-09-16 12:46:57.989000,418.1797483267599,9
2024-09-16 12:46:58.003000,418.1490732803656,1004
2024-09-16 12:46:58.008000,418.1261669936029,10
2024-09-16 12:46:58.048000,418.1545179889946,13
2024-09-16 12:46:58.055000,418.1241192689677,6
2024-09-16 12:46:58.095000,418.1580060404697,6
2024-09-16 12:46:58.202000,418.1448491976842,1000
2024-09-16 12:46:58.271000,418.0967838341616,999
2024-09-16 12:46:58.279000,418.13852241737646,9
2024-09-16 12:46:58.299000,418.14755549898746,9
2024-09-16 12:46:58.303000,418.14565464580494,102
2024-09-16 12:46:58.386000,418.16447109692587,995
2024-09-16 12:46:58.404000,418.14907527241377,996
2024-09-16 12:46:58.442000,418.12619794586266,9
2024-09-16 12:46:58.517000,418.1331956866333,5
2024-09-16 12:46:58.527000,418.13159554934725,102
2024-09-16 12:46:58.612000,418.1473770758516,98
2024-09-16 12:46:58.659000,418.1115236518844,104
2024-09-16 12:46:58.722000,418.08814824643207,1005
2024-09-16 12:46:58.727000,418.1374575656092,96
2024-09-16 12:46:58.745000,418.1030280169626,1005
2024-09-16 12:46:58.760000,418.11441606751737,1005
2024-09-16 12:46:58.765000,418.14407309010335,10
2024-09-16 12:46:58.769000,418.1118280190772,5
2024-09-16 12:46:58.841000,418.1306807446177,103
2024-09-16 12:46:58.905000,418.1287358464259,999
2024-09-16 12:46:58.971000,418.09964825777234,102
2024-09-16 12:46:58.989000,418.1182542115383,7
2024-09-16 12:46:58.991000,418.0988650171491,7
2024-09-16 12:46:58.995000,418.1309700177882,103
2024-09-16 12:46:58.997000,418.1385103084149,1005
2024-09-16 12:46:59,418.0572379447732,13
2024-09-16 12:46:59.005000,418.0576722879904,5
2024-09-16 12:46:59.074000,418.1003904983506,1000
2024-09-16 12:46:59.161000,418.0567892635865,13
2024-09-16 12:46:59.195000,418.08016928437735,995
2024-09-16 12:46:59.357000,418.0656355512458,996
2024-09-16 12:46:59.379000,418.0694704024884,1002
2024-09-16 12:46:59.425000,418.0535351484978,996
2024-09-16 12:46:59.491000,418.0928098155322,998
2024-09-16 12:46:59.496000,418.1104578927431,10
2024-09-16 12:46:59.501000,418.0943047661071,1004
2024-09-16 12:46:59.536000,418.0756622296228,1003
2024-09-16 12:46:59.584000,418.0366836885756,5
2024-09-16 12:46:59.650000,418.05050702094593,13
2024-09-16 12:46:59.674000,418.0540336022837,13
2024-09-16 12:46:59.692000,418.0768840556761,105
2024-09-16 12:46:59.716000,418.0612724573608,99
2024-09-16 12:46:59.745000,418.0792763264282,100
2024-09-16 12:46:59.759000,418.0833961611339,97
2024-09-16 12:46:59.766000,418.06116166951097,7
2024-09-16 12:46:59.785000,418.049850123877,12
2024-09-16 12:46:59.790000,418.04823340251977,6
2024-09-16 12:46:59.874000,418.1244313104873,12
