Timestamp,Price,Size
2024-09-20 10:21:00.040000,424.4261965590936,996
2024-09-20 10:21:00.043000,424.4202378279545,8
2024-09-20 10:21:00.201000,424.40018187719687,96
2024-09-20 10:21:00.379000,424.4032572019207,102
2024-09-20 10:21:00.415000,424.3991611575703,7
2024-09-20 10:21:00.464000,424.392019596542,98
2024-09-20 10:21:00.465000,424.3984969409408,8
2024-09-20 10:21:00.465000,424.3919542972822,999
2024-09-20 10:21:00.536000,424.42508130902416,96
2024-09-20 10:21:00.549000,424.40651300033073,998
2024-09-20 10:21:00.589000,424.4319882395979,995
2024-09-20 10:21:00.740000,424.40001317723295,1000
2024-09-20 10:21:00.762000,424.4237584082098,100
2024-09-20 10:21:00.864000,424.3871143846087,1003
2024-09-20 10:21:00.991000,424.4225944270263,104
2024-09-20 10:21:00.997000,424.40820393210544,1001
2024-09-20 10:21:01.018000,424.3971493001639,1001
2024-09-20 10:21:01.023000,424.4248421065284,7
2024-09-20 10:21:01.023000,424.3972570292932,13
2024-09-20 10:21:01.032000,424.4252692953695,5
2024-09-20 10:21:01.041000,424.4320136706566,1002
2024-09-20 10:21:01.078000,424.3951090067536,102
2024-09-20 10:21:01.107000,424.4130162755991,998
2024-09-20 10:21:01.108000,424.4315670442453,105
2024-09-20 10:21:01.183000,424.4086631691294,98
2024-09-20 10:21:01.197000,424.41856878935806,1001
2024-09-20 10:21:01.277000,424.423416506485,8
2024-09-20 10:21:01.357000,424.3984601366101,103
2024-09-20 10:21:01.358000,424.4099027373143,13
2024-09-20 10:21:01.441000,424.4051900854,95
2024-09-20 10:21:01.507000,424.3927253730095,105
2024-09-20 10:21:01.529000,424.4182440836759,1004
2024-09-20 10:21:01.579000,424.3978406719236,9
2024-09-20 10:21:01.608000,424.4016075795321,13
2024-09-20 10:21:01.628000,424.3949440482685,9
2024-09-20 10:21:01.664000,424.3865599009754,1001
2024-09-20 10:21:01.680000,424.4229072664947,14
2024-09-20 10:21:01.690000,424.4170176770722,1005
2024-09-20 10:21:01.836000,424.4020486575747,101
2024-09-20 10:21:01.862000,424.4111781077297,99
2024-09-20 10:21:01.879000,424.41785539718825,1000
2024-09-20 10:21:01.903000,424.4176836182296,996
2024-09-20 10:21:01.916000,424.41251473507816,11
2024-09-20 10:21:01.964000,424.4311475448852,96
2024-09-20 10:21:02.020000,424.4181236993972,13
2024-09-20 10:21:02.299000,424.406594571479,100
2024-09-20 10:21:02.321000,424.4048121331123,6
2024-09-20 10:21:02.330000,424.4222267813066,996
2024-09-20 10:21:02.526000,424.42909075922034,1000
2024-09-20 10:21:02.554000,424.3996062637902,98
2024-09-20 10:21:02.654000,424.426628042327,102
2024-09-20 10:21:02.674000,424.4158931322417,105
2024-09-20 10:21:02.742000,424.3997229678485,1005
2024-09-20 10:21:02.781000,424.4195099637778,11
2024-09-20 10:21:02.821000,424.3992541024946,1005
2024-09-20 10:21:02.834000,424.4278874347945,995
2024-09-20 10:21:02.870000,424.44280252366974,6
2024-09-20 10:21:03.012000,424.45285606926166,15
2024-09-20 10:21:03.125000,424.451190960211,103
2024-09-20 10:21:03.281000,424.4322136081565,1005
2024-09-20 10:21:03.966000,424.450326254145,1002
2024-09-20 10:21:04.162000,424.5005808486331,995
2024-09-20 10:21:04.228000,424.48707646546416,1003
2024-09-20 10:21:04.247000,424.5174892599651,14
2024-09-20 10:21:04.284000,424.4861041240316,13
2024-09-20 10:21:04.325000,424.49843085795953,999
2024-09-20 10:21:04.458000,424.5095305648513,11
2024-09-20 10:21:04.571000,424.51759547506833,104
2024-09-20 10:21:04.584000,424.5027042288295,14
2024-09-20 10:21:04.584000,424.4548730017683,6
2024-09-20 10:21:04.642000,424.4548386196101,105
2024-09-20 10:21:04.681000,424.4860495775823,1002
2024-09-20 10:21:04.689000,424.4738421841512,99
2024-09-20 10:21:04.704000,424.5258455380615,8
2024-09-20 10:21:04.716000,424.4766345989628,9
2024-09-20 10:21:04.752000,424.519876342951,105
2024-09-20 10:21:04.838000,424.4908851073805,10
2024-09-20 10:21:04.913000,424.5526201065328,102
2024-09-20 10:21:04.914000,424.4812742667758,12
2024-09-20 10:21:04.924000,424.5458325918167,1003
2024-09-20 10:21:04.929000,424.5393388761447,11
2024-09-20 10:21:04.932000,424.5107607730647,100
2024-09-20 10:21:05.037000,424.4846960528947,7
2024-09-20 10:21:05.066000,424.3846030030534,1005
2024-09-20 10:21:05.191000,424.3860307372763,1003
2024-09-20 10:21:05.216000,424.45282672939504,12
2024-09-20 10:21:05.231000,424.4667226675591,102
2024-09-20 10:21:05.246000,424.3791012219402,101
2024-09-20 10:21:05.276000,424.37712457736814,5
2024-09-20 10:21:05.301000,424.4591057828679,15
2024-09-20 10:21:05.307000,424.39735745526383,97
2024-09-20 10:21:05.330000,424.44810629559777,1005
2024-09-20 10:21:05.396000,424.4093766290324,97
2024-09-20 10:21:05.447000,424.4737324243322,998
2024-09-20 10:21:05.450000,424.46020139373695,97
2024-09-20 10:21:05.784000,424.37949102691226,103
2024-09-20 10:21:05.787000,424.4416289962194,1000
2024-09-20 10:21:05.812000,424.4185242733043,999
2024-09-20 10:21:05.839000,424.3785846313852,103
2024-09-20 10:21:05.840000,424.3786211566508,104
2024-09-20 10:21:05.861000,424.4382573436028,7
2024-09-20 10:21:05.930000,424.42174172198906,101
2024-09-20 10:21:05.969000,424.4442740383733,96
2024-09-20 10:21:06.187000,424.4134848383217,5
2024-09-20 10:21:06.189000,424.4520730959856,996
2024-09-20 10:21:06.236000,424.42376482647575,1002
2024-09-20 10:21:06.295000,424.41068349935233,101
2024-09-20 10:21:06.297000,424.41180058653407,15
2024-09-20 10:21:06.313000,424.4141809758101,105
2024-09-20 10:21:06.321000,424.38799870590987,102
2024-09-20 10:21:06.390000,424.4297682910856,998
2024-09-20 10:21:06.402000,424.4243400096026,97
2024-09-20 10:21:06.432000,424.4180657811765,1000
2024-09-20 10:21:06.446000,424.4074622184685,7
2024-09-20 10:21:06.518000,424.43255943847214,7
2024-09-20 10:21:06.535000,424.40403590655086,97
2024-09-20 10:21:06.536000,424.4214439718037,1004
2024-09-20 10:21:06.593000,424.3977156480181,996
2024-09-20 10:21:06.621000,424.40981060458654,995
2024-09-20 10:21:06.657000,424.4243523629816,101
2024-09-20 10:21:06.660000,424.3923275799576,95
2024-09-20 10:21:06.667000,424.4115659289536,95
2024-09-20 10:21:06.674000,424.4273851997308,101
2024-09-20 10:21:06.698000,424.43166457313504,105
2024-09-20 10:21:06.777000,424.422901778358,8
2024-09-20 10:21:06.828000,424.4077600249689,15
2024-09-20 10:21:06.867000,424.4264762940688,10
2024-09-20 10:21:06.915000,424.432187316932,10
2024-09-20 10:21:06.925000,424.4074333942345,6
2024-09-20 10:21:06.934000,424.420864652407,12
2024-09-20 10:21:07.106000,424.3838698502335,10
2024-09-20 10:21:07.286000,424.3887740794639,9
2024-09-20 10:21:07.290000,424.4121701394641,12
2024-09-20 10:21:07.870000,424.3881119401015,11
2024-09-20 10:21:08.162000,424.3722598669464,100
2024-09-20 10:21:08.785000,424.3846810087265,104
2024-09-20 10:21:09.036000,424.4392424697753,12
2024-09-20 10:21:09.093000,424.45990615224537,12
2024-09-20 10:21:09.117000,424.4670262824442,15
2024-09-20 10:21:09.155000,424.4472761372923,101
2024-09-20 10:21:09.220000,424.457232485101,99
2024-09-20 10:21:09.269000,424.4230567423448,998
2024-09-20 10:21:09.286000,424.4368989511504,97
2024-09-20 10:21:09.292000,424.4345870013636,999
2024-09-20 10:21:09.481000,424.4371568976451,995
2024-09-20 10:21:09.505000,424.4415894352691,96
2024-09-20 10:21:09.508000,424.44698265283193,96
2024-09-20 10:21:09.553000,424.4020492331108,1001
2024-09-20 10:21:09.561000,424.4544168918718,1000
2024-09-20 10:21:09.627000,424.41795595215495,99
2024-09-20 10:21:09.657000,424.408384201307,95
2024-09-20 10:21:09.761000,424.4301866312836,997
2024-09-20 10:21:09.812000,424.4603168754922,13
2024-09-20 10:21:09.861000,424.4316797290126,105
2024-09-20 10:21:09.965000,424.403197832934,11
2024-09-20 10:21:10.002000,424.4252021638479,996
2024-09-20 10:21:10.043000,424.42606553380296,97
2024-09-20 10:21:10.112000,424.3937330060604,13
2024-09-20 10:21:10.117000,424.4382169760019,105
2024-09-20 10:21:10.127000,424.4504012635379,7
2024-09-20 10:21:10.143000,424.4458796541049,99
2024-09-20 10:21:10.224000,424.4592881690045,7
2024-09-20 10:21:10.236000,424.4402655787989,10
2024-09-20 10:21:10.237000,424.4184709381349,999
2024-09-20 10:21:10.301000,424.394116290155,15
2024-09-20 10:21:10.343000,424.44567583940494,7
2024-09-20 10:21:10.348000,424.4499339570775,100
2024-09-20 10:21:10.350000,424.4582622707334,11
2024-09-20 10:21:10.400000,424.4518469750769,1005
2024-09-20 10:21:10.406000,424.4297912808941,1001
2024-09-20 10:21:10.433000,424.4361147984643,996
2024-09-20 10:21:10.588000,424.4577675604302,12
2024-09-20 10:21:10.597000,424.4338782795601,1001
2024-09-20 10:21:10.598000,424.3983519247338,12
2024-09-20 10:21:10.720000,424.4353199779555,9
2024-09-20 10:21:10.785000,424.4165543292081,101
2024-09-20 10:21:10.851000,424.4289783467874,1002
2024-09-20 10:21:10.976000,424.4369567538399,95
2024-09-20 10:21:11.051000,424.36791800731805,100
2024-09-20 10:21:11.054000,424.34303504145,999
2024-09-20 10:21:11.110000,424.4055725827088,99
2024-09-20 10:21:11.121000,424.3569899343183,996
2024-09-20 10:21:11.148000,424.4307762414981,95
2024-09-20 10:21:11.193000,424.34264387836026,999
2024-09-20 10:21:11.205000,424.39534595263245,6
2024-09-20 10:21:11.231000,424.35473057121726,105
2024-09-20 10:21:11.250000,424.3978164626431,7
2024-09-20 10:21:11.365000,424.3792941560317,104
2024-09-20 10:21:11.384000,424.3893103729001,95
2024-09-20 10:21:11.415000,424.3576096727497,101
2024-09-20 10:21:11.641000,424.39809794540287,103
2024-09-20 10:21:11.648000,424.3917261320386,1001
2024-09-20 10:21:11.697000,424.40350130783054,96
2024-09-20 10:21:11.728000,424.3722903140165,11
2024-09-20 10:21:11.764000,424.3748059600443,14
2024-09-20 10:21:11.790000,424.405822707055,997
2024-09-20 10:21:11.825000,424.41057919502623,103
2024-09-20 10:21:11.832000,424.3745155724359,99
2024-09-20 10:21:11.832000,424.4187040691218,100
2024-09-20 10:21:11.867000,424.4393030569594,1003
2024-09-20 10:21:11.897000,424.3961083778194,14
2024-09-20 10:21:11.925000,424.4218434610162,995
2024-09-20 10:21:11.935000,424.3869696610187,95
2024-09-20 10:21:11.996000,424.381604899467,105
2024-09-20 10:21:12.066000,424.4254684766202,5
2024-09-20 10:21:12.126000,424.4187269178452,100
2024-09-20 10:21:12.175000,424.4057931520569,5
2024-09-20 10:21:12.220000,424.42898137876216,1005
2024-09-20 10:21:12.236000,424.43952814849393,96
2024-09-20 10:21:12.246000,424.41170357951,9
2024-09-20 10:21:12.255000,424.4198456572781,1000
2024-09-20 10:21:12.399000,424.3842351768305,1002
2024-09-20 10:21:12.504000,424.4260847131519,999
2024-09-20 10:21:12.526000,424.3953845246626,1003
2024-09-20 10:21:12.543000,424.4325227916305,102
2024-09-20 10:21:12.641000,424.4131962837664,9
2024-09-20 10:21:12.693000,424.4150292507871,995
2024-09-20 10:21:12.964000,424.4237253800263,101
2024-09-20 10:21:13.082000,424.3768616051144,998
2024-09-20 10:21:13.410000,424.3799411021199,7
2024-09-20 10:21:13.587000,424.3778267572362,999
2024-09-20 10:21:13.633000,424.35327639005055,102
2024-09-20 10:21:13.693000,424.4034899920015,996
2024-09-20 10:21:13.725000,424.37833492107256,997
2024-09-20 10:21:14.022000,424.3366190809686,12
2024-09-20 10:21:14.033000,424.3509782230956,999
2024-09-20 10:21:14.041000,424.3825924038711,99
2024-09-20 10:21:14.307000,424.3526163899619,14
2024-09-20 10:21:14.400000,424.3843326298056,999
2024-09-20 10:21:14.495000,424.3844610386322,99
2024-09-20 10:21:14.502000,424.3976797525875,11
2024-09-20 10:21:14.520000,424.36917637099305,105
2024-09-20 10:21:14.785000,424.3636792174398,15
2024-09-20 10:21:14.839000,424.3420903101607,997
2024-09-20 10:21:15.199000,424.5057185309937,9
2024-09-20 10:21:15.258000,424.3978001106881,1001
2024-09-20 10:21:15.349000,424.46597933956417,95
2024-09-20 10:21:15.382000,424.508925179848,6
2024-09-20 10:21:15.425000,424.5153938336082,996
2024-09-20 10:21:15.621000,424.4292997801919,1000
2024-09-20 10:21:15.646000,424.5114557179332,97
2024-09-20 10:21:15.955000,424.3820602103366,1005
2024-09-20 10:21:15.998000,424.4967047716826,105
2024-09-20 10:21:16.155000,424.5584232683005,105
2024-09-20 10:21:16.330000,424.5011186959943,996
2024-09-20 10:21:16.348000,424.53563382840383,997
2024-09-20 10:21:16.364000,424.5439624294409,98
2024-09-20 10:21:16.503000,424.48029030199433,102
2024-09-20 10:21:16.611000,424.55431863197634,999
2024-09-20 10:21:16.686000,424.52464602191856,14
2024-09-20 10:21:16.716000,424.5149530526116,104
2024-09-20 10:21:16.846000,424.559947065696,12
2024-09-20 10:21:16.857000,424.5528558961815,13
2024-09-20 10:21:16.882000,424.5503011972692,13
2024-09-20 10:21:16.941000,424.56781400485926,1001
2024-09-20 10:21:16.943000,424.50280901866336,11
2024-09-20 10:21:17.045000,424.5136422826869,104
2024-09-20 10:21:17.287000,424.5464309406727,997
2024-09-20 10:21:18.013000,424.5742442811273,12
2024-09-20 10:21:18.108000,424.56076599471214,1005
2024-09-20 10:21:18.392000,424.5486143138478,998
2024-09-20 10:21:18.468000,424.5573077683418,995
2024-09-20 10:21:18.477000,424.5720010769379,103
2024-09-20 10:21:18.669000,424.5660942719346,101
2024-09-20 10:21:18.775000,424.55042290509687,1000
2024-09-20 10:21:18.795000,424.5584634492225,10
2024-09-20 10:21:18.811000,424.5712101995665,105
2024-09-20 10:21:18.814000,424.5754699330178,999
2024-09-20 10:21:18.815000,424.5497000889264,14
2024-09-20 10:21:18.822000,424.5701896082553,95
2024-09-20 10:21:19.067000,424.5575960138892,995
2024-09-20 10:21:19.214000,424.5288212710532,7
2024-09-20 10:21:19.270000,424.59965396600455,6
2024-09-20 10:21:19.426000,424.6519452962986,8
2024-09-20 10:21:19.434000,424.63740449989166,10
2024-09-20 10:21:19.481000,424.6362061618418,96
2024-09-20 10:21:19.521000,424.61604734999895,5
2024-09-20 10:21:19.530000,424.556689727462,14
2024-09-20 10:21:19.538000,424.62036797292495,96
2024-09-20 10:21:19.673000,424.5820481709841,97
2024-09-20 10:21:19.722000,424.6097813043262,5
2024-09-20 10:21:19.732000,424.5961430075062,9
2024-09-20 10:21:19.754000,424.61946895867845,97
2024-09-20 10:21:19.784000,424.5749303035231,14
2024-09-20 10:21:19.892000,424.6147042694321,1003
2024-09-20 10:21:19.919000,424.5976623682558,15
2024-09-20 10:21:20.274000,424.59369183294905,999
2024-09-20 10:21:20.428000,424.5790160964761,1002
2024-09-20 10:21:20.893000,424.5977293017936,95
2024-09-20 10:21:21.314000,424.5253203275347,96
2024-09-20 10:21:21.370000,424.554997645842,995
2024-09-20 10:21:21.474000,424.5397066025057,1001
2024-09-20 10:21:21.744000,424.5252938110532,6
2024-09-20 10:21:21.890000,424.5064810816705,95
2024-09-20 10:21:22.012000,424.5542158500277,10
2024-09-20 10:21:22.104000,424.56559128783726,95
2024-09-20 10:21:22.104000,424.55177036117055,995
2024-09-20 10:21:22.209000,424.4771970043144,102
2024-09-20 10:21:22.256000,424.5487049823378,11
2024-09-20 10:21:22.326000,424.55475888339953,98
2024-09-20 10:21:22.393000,424.53804436917454,98
2024-09-20 10:21:22.467000,424.5000418009776,100
2024-09-20 10:21:22.515000,424.5446044279635,98
2024-09-20 10:21:22.517000,424.5644409241797,997
2024-09-20 10:21:22.548000,424.5326405303191,5
2024-09-20 10:21:22.563000,424.5668528299266,12
2024-09-20 10:21:22.690000,424.506213752866,1004
2024-09-20 10:21:22.701000,424.5768081501708,996
2024-09-20 10:21:22.712000,424.5450398663669,10
2024-09-20 10:21:22.719000,424.4916490626241,1003
2024-09-20 10:21:22.951000,424.5584066569113,1000
2024-09-20 10:21:23.148000,424.55366883086896,1002
2024-09-20 10:21:23.431000,424.5495603490328,11
2024-09-20 10:21:23.663000,424.5495039233306,105
2024-09-20 10:21:23.785000,424.5649783608131,105
2024-09-20 10:21:24.081000,424.5534043032641,5
2024-09-20 10:21:24.085000,424.54195459767226,1000
2024-09-20 10:21:24.169000,424.5875816747523,996
2024-09-20 10:21:24.176000,424.5579601946312,5
2024-09-20 10:21:24.424000,424.5590971217245,96
2024-09-20 10:21:24.585000,424.5662686288587,95
2024-09-20 10:21:24.731000,424.5555685590528,11
2024-09-20 10:21:24.940000,424.5664808903865,95
2024-09-20 10:21:25.072000,424.5725603680297,15
2024-09-20 10:21:25.123000,424.5654047603667,15
2024-09-20 10:21:25.411000,424.56784688949,100
2024-09-20 10:21:25.551000,424.5757744403292,97
2024-09-20 10:21:25.702000,424.5854240638809,104
2024-09-20 10:21:25.952000,424.5742910094788,9
2024-09-20 10:21:26.034000,424.5272549911565,104
2024-09-20 10:21:26.065000,424.5387101809725,96
2024-09-20 10:21:26.076000,424.5138981187607,103
2024-09-20 10:21:26.145000,424.5332989645895,996
2024-09-20 10:21:26.203000,424.5159119802827,999
2024-09-20 10:21:26.258000,424.56371883062246,1002
2024-09-20 10:21:26.272000,424.5286249180999,100
2024-09-20 10:21:26.332000,424.5180419626975,1002
2024-09-20 10:21:26.359000,424.5311143452289,996
2024-09-20 10:21:26.439000,424.5071508710497,5
2024-09-20 10:21:26.538000,424.5706775664857,103
2024-09-20 10:21:26.708000,424.50492914134,1002
2024-09-20 10:21:26.884000,424.52393901555655,6
2024-09-20 10:21:26.890000,424.5257636743045,8
2024-09-20 10:21:27.009000,424.518809765356,98
2024-09-20 10:21:27.010000,424.53699150030974,102
2024-09-20 10:21:27.095000,424.52644911402416,1001
2024-09-20 10:21:27.137000,424.52162411309394,99
2024-09-20 10:21:27.269000,424.5091425280455,96
2024-09-20 10:21:27.375000,424.5024849149206,1002
2024-09-20 10:21:27.431000,424.5233624651168,1001
2024-09-20 10:21:27.501000,424.51413662313615,1003
2024-09-20 10:21:27.646000,424.5106499586807,1005
2024-09-20 10:21:27.680000,424.52628592856325,13
2024-09-20 10:21:27.715000,424.51338322876273,1000
2024-09-20 10:21:27.717000,424.5151461941567,998
2024-09-20 10:21:27.842000,424.50119863796425,1005
2024-09-20 10:21:27.901000,424.50874315798313,15
2024-09-20 10:21:27.915000,424.5076174362611,98
2024-09-20 10:21:27.919000,424.5125831511744,105
2024-09-20 10:21:27.929000,424.5285509671161,105
2024-09-20 10:21:27.952000,424.5170531446888,103
2024-09-20 10:21:27.978000,424.51663240512966,1004
2024-09-20 10:21:28.072000,424.5242776860072,102
2024-09-20 10:21:28.092000,424.5247861955506,15
2024-09-20 10:21:28.142000,424.5064590410783,103
2024-09-20 10:21:28.218000,424.5017451677422,9
2024-09-20 10:21:28.281000,424.5503208112953,7
2024-09-20 10:21:28.364000,424.5388995314996,995
2024-09-20 10:21:28.404000,424.54101778612784,15
2024-09-20 10:21:28.502000,424.5001556757528,98
2024-09-20 10:21:28.525000,424.5117542858277,5
2024-09-20 10:21:28.685000,424.5156577451821,998
2024-09-20 10:21:28.726000,424.4996206873305,14
2024-09-20 10:21:28.732000,424.5201062423324,1003
2024-09-20 10:21:28.754000,424.5423575947304,1004
2024-09-20 10:21:28.776000,424.5220031762446,996
2024-09-20 10:21:28.804000,424.5224331674776,999
2024-09-20 10:21:28.822000,424.547444285876,97
2024-09-20 10:21:28.855000,424.5582991164479,14
2024-09-20 10:21:28.922000,424.5436965567896,998
2024-09-20 10:21:28.961000,424.5144115770894,100
2024-09-20 10:21:28.989000,424.5006202537329,15
2024-09-20 10:21:29.055000,424.4862438980391,12
2024-09-20 10:21:29.068000,424.50625785951513,1005
2024-09-20 10:21:29.082000,424.45657553076205,1005
2024-09-20 10:21:29.159000,424.46454699406337,104
2024-09-20 10:21:29.232000,424.5389509275541,999
2024-09-20 10:21:29.277000,424.52892287537264,15
2024-09-20 10:21:29.397000,424.5176465806501,5
2024-09-20 10:21:29.417000,424.4959135098013,14
2024-09-20 10:21:29.517000,424.5085676376139,1003
2024-09-20 10:21:29.544000,424.5276322038531,96
2024-09-20 10:21:29.627000,424.46526199349154,7
2024-09-20 10:21:29.688000,424.4745329528666,8
2024-09-20 10:21:29.715000,424.5297707732933,7
2024-09-20 10:21:29.734000,424.5230320048781,98
2024-09-20 10:21:29.741000,424.4596014944756,96
2024-09-20 10:21:29.906000,424.4688038139964,101
2024-09-20 10:21:29.985000,424.5271302689549,999
2024-09-20 10:21:31.081000,424.4273965151972,1000
2024-09-20 10:21:31.398000,424.4367931221662,15
2024-09-20 10:21:31.847000,424.4247557759966,14
2024-09-20 10:21:32.032000,424.3698115727971,9
2024-09-20 10:21:32.086000,424.36646579770775,1004
2024-09-20 10:21:32.105000,424.3859235028459,96
2024-09-20 10:21:32.340000,424.4302941201029,9
2024-09-20 10:21:32.433000,424.3626761190689,998
2024-09-20 10:21:32.507000,424.4104753339086,98
2024-09-20 10:21:32.661000,424.4178740995024,9
2024-09-20 10:21:32.775000,424.376337054188,15
2024-09-20 10:21:32.835000,424.4214332390212,995
2024-09-20 10:21:32.854000,424.3948656636989,10
2024-09-20 10:21:33.058000,424.3741371043021,998
2024-09-20 10:21:33.112000,424.35898697651567,11
2024-09-20 10:21:33.158000,424.3931203352468,1002
2024-09-20 10:21:33.486000,424.3600265759052,997
2024-09-20 10:21:33.614000,424.38331208806966,1002
2024-09-20 10:21:33.721000,424.37567917467817,100
2024-09-20 10:21:33.801000,424.3904254896832,998
2024-09-20 10:21:33.934000,424.3802874875828,8
2024-09-20 10:21:33.968000,424.38897820689846,97
2024-09-20 10:21:34.115000,424.3204163863725,998
2024-09-20 10:21:34.184000,424.3094434877412,1002
2024-09-20 10:21:34.672000,424.3516582778824,99
2024-09-20 10:21:34.696000,424.3452283000763,996
2024-09-20 10:21:34.751000,424.3079252630269,104
2024-09-20 10:21:34.844000,424.36601052908713,104
2024-09-20 10:21:34.845000,424.35862406362287,101
2024-09-20 10:21:34.925000,424.343425115795,101
2024-09-20 10:21:34.946000,424.33480273730606,11
2024-09-20 10:21:34.961000,424.3361830371898,13
2024-09-20 10:21:34.987000,424.3111881455665,103
2024-09-20 10:21:35.012000,424.2738768058265,1002
2024-09-20 10:21:35.071000,424.3480627118064,15
2024-09-20 10:21:35.118000,424.30846899540313,98
2024-09-20 10:21:35.126000,424.33914682771,5
2024-09-20 10:21:35.145000,424.2555450998559,998
2024-09-20 10:21:35.173000,424.35383690069983,1005
2024-09-20 10:21:35.226000,424.3005492292242,1002
2024-09-20 10:21:35.262000,424.30202326509226,96
2024-09-20 10:21:35.351000,424.2988912823645,996
2024-09-20 10:21:35.398000,424.32414198126025,1000
2024-09-20 10:21:35.409000,424.2700730709312,12
2024-09-20 10:21:35.450000,424.2851379185069,5
2024-09-20 10:21:35.452000,424.2843326604333,10
2024-09-20 10:21:35.471000,424.3297243856399,10
2024-09-20 10:21:35.512000,424.33086411560026,102
2024-09-20 10:21:35.602000,424.2993370578586,9
2024-09-20 10:21:35.624000,424.2784955208826,1005
2024-09-20 10:21:35.636000,424.2923692320194,14
2024-09-20 10:21:35.687000,424.3299087897164,97
2024-09-20 10:21:35.759000,424.34126720856096,995
2024-09-20 10:21:35.923000,424.2981251004125,1000
2024-09-20 10:21:35.931000,424.2836834900508,100
2024-09-20 10:21:35.984000,424.3236972113746,1004
2024-09-20 10:21:36.052000,424.30812020606834,100
2024-09-20 10:21:36.072000,424.3190819567666,10
2024-09-20 10:21:36.104000,424.3549959037199,105
2024-09-20 10:21:36.109000,424.3482839738108,103
2024-09-20 10:21:36.157000,424.3443476043698,1000
2024-09-20 10:21:36.162000,424.3000286412013,105
2024-09-20 10:21:36.193000,424.3034539576912,1002
2024-09-20 10:21:36.227000,424.305727896146,1002
2024-09-20 10:21:36.280000,424.3137003610733,12
2024-09-20 10:21:36.280000,424.3202309024945,101
2024-09-20 10:21:36.315000,424.30586319805553,9
2024-09-20 10:21:36.361000,424.3574166729227,104
2024-09-20 10:21:36.403000,424.306814865571,104
2024-09-20 10:21:36.421000,424.31399700045046,997
2024-09-20 10:21:36.439000,424.3678026926057,998
2024-09-20 10:21:36.483000,424.3198243854876,1005
2024-09-20 10:21:36.555000,424.3311536998752,103
2024-09-20 10:21:36.568000,424.32357539598615,1001
2024-09-20 10:21:36.639000,424.34906513169824,8
2024-09-20 10:21:36.679000,424.2932657680066,997
2024-09-20 10:21:36.680000,424.2808277048094,1002
2024-09-20 10:21:36.690000,424.30848561667887,5
2024-09-20 10:21:36.705000,424.3163426140162,1004
2024-09-20 10:21:36.727000,424.32390652320566,997
2024-09-20 10:21:36.765000,424.3643942407672,998
2024-09-20 10:21:36.806000,424.3057776257408,1003
2024-09-20 10:21:36.872000,424.3069485016536,8
2024-09-20 10:21:36.898000,424.31746932121297,96
2024-09-20 10:21:36.929000,424.36312524001806,15
2024-09-20 10:21:36.965000,424.3210500921737,96
2024-09-20 10:21:37.100000,424.3689880567927,1003
2024-09-20 10:21:37.191000,424.34426161069297,103
2024-09-20 10:21:37.230000,424.38180814744,1000
2024-09-20 10:21:37.236000,424.3554053211925,13
2024-09-20 10:21:37.303000,424.35760321153725,7
2024-09-20 10:21:37.404000,424.3568501888972,1001
2024-09-20 10:21:37.426000,424.3431534564429,102
2024-09-20 10:21:37.449000,424.3694443215142,1001
2024-09-20 10:21:37.557000,424.35859004600576,102
2024-09-20 10:21:37.609000,424.35315347669126,999
2024-09-20 10:21:37.800000,424.37546577589535,105
2024-09-20 10:21:37.808000,424.3656419310256,11
2024-09-20 10:21:37.825000,424.36538994024096,8
2024-09-20 10:21:37.834000,424.3626615476358,15
2024-09-20 10:21:37.902000,424.3648430729399,998
2024-09-20 10:21:37.962000,424.385591629985,8
2024-09-20 10:21:37.966000,424.35075209511535,997
2024-09-20 10:21:38.052000,424.3078690761632,13
2024-09-20 10:21:38.081000,424.36090596621466,1004
2024-09-20 10:21:38.087000,424.3296894139965,101
2024-09-20 10:21:38.094000,424.33902807311216,999
2024-09-20 10:21:38.198000,424.3120108488151,8
2024-09-20 10:21:38.301000,424.3303585727792,999
2024-09-20 10:21:38.309000,424.3226480263804,99
2024-09-20 10:21:38.330000,424.33953168564494,99
2024-09-20 10:21:38.390000,424.33262764114266,98
2024-09-20 10:21:38.434000,424.2954162129621,13
2024-09-20 10:21:38.491000,424.3362327710022,1000
2024-09-20 10:21:38.579000,424.3417114530581,999
2024-09-20 10:21:38.664000,424.3445375149728,100
2024-09-20 10:21:38.691000,424.34497239753256,995
2024-09-20 10:21:38.731000,424.3530343225235,15
2024-09-20 10:21:38.731000,424.3701003317012,13
2024-09-20 10:21:38.738000,424.3521738661814,996
2024-09-20 10:21:38.754000,424.32218919704087,1000
2024-09-20 10:21:38.806000,424.3409345181894,105
2024-09-20 10:21:38.836000,424.3221683189465,7
2024-09-20 10:21:38.925000,424.3047036553809,1005
2024-09-20 10:21:39.187000,424.27197654419086,9
2024-09-20 10:21:39.190000,424.2871146653604,11
2024-09-20 10:21:39.274000,424.2787281305827,5
2024-09-20 10:21:39.448000,424.2841926900063,1001
2024-09-20 10:21:39.510000,424.2848533963027,12
2024-09-20 10:21:39.584000,424.2938129077351,1005
2024-09-20 10:21:39.641000,424.28597547016005,6
2024-09-20 10:21:39.862000,424.2809431193807,6
2024-09-20 10:21:40.033000,424.2514478866594,98
2024-09-20 10:21:40.055000,424.2858126573077,12
2024-09-20 10:21:40.088000,424.2442650967183,1004
2024-09-20 10:21:40.089000,424.26735434126647,14
2024-09-20 10:21:40.119000,424.2599278520923,1004
2024-09-20 10:21:40.159000,424.24675592229465,998
2024-09-20 10:21:40.173000,424.27202954734247,101
2024-09-20 10:21:40.221000,424.2735243034724,12
2024-09-20 10:21:40.273000,424.2719396535028,103
2024-09-20 10:21:40.278000,424.2684786523564,12
2024-09-20 10:21:40.333000,424.2729671166933,8
2024-09-20 10:21:40.335000,424.26929876650905,1000
2024-09-20 10:21:40.448000,424.2749263459288,96
2024-09-20 10:21:40.448000,424.2733623052966,96
2024-09-20 10:21:40.546000,424.2933172829888,1000
2024-09-20 10:21:40.572000,424.2543306725718,105
2024-09-20 10:21:40.615000,424.2567178211791,97
2024-09-20 10:21:40.726000,424.2626826010063,99
2024-09-20 10:21:40.730000,424.2861394553889,999
2024-09-20 10:21:40.788000,424.25614463574,1005
2024-09-20 10:21:40.837000,424.2505683844704,1000
2024-09-20 10:21:40.856000,424.27696373280594,11
2024-09-20 10:21:40.865000,424.2462060141756,98
2024-09-20 10:21:40.891000,424.2733174597548,12
2024-09-20 10:21:40.935000,424.2471839219618,13
2024-09-20 10:21:40.946000,424.2594408950511,15
2024-09-20 10:21:40.977000,424.287559763781,1000
2024-09-20 10:21:40.978000,424.2932003260562,102
2024-09-20 10:21:41.015000,424.2513290389487,104
2024-09-20 10:21:41.087000,424.2457148982441,11
2024-09-20 10:21:41.174000,424.2710241023409,104
2024-09-20 10:21:41.186000,424.274492866266,96
2024-09-20 10:21:41.227000,424.2436279442817,1004
2024-09-20 10:21:41.227000,424.21708338531806,7
2024-09-20 10:21:41.229000,424.28794063693454,11
2024-09-20 10:21:41.230000,424.24605536141706,6
2024-09-20 10:21:41.292000,424.2442071657448,996
2024-09-20 10:21:41.310000,424.28799119637154,1000
2024-09-20 10:21:41.425000,424.2917324823617,103
2024-09-20 10:21:41.521000,424.2922101279598,1002
2024-09-20 10:21:41.608000,424.2484027633529,100
2024-09-20 10:21:41.619000,424.2749476425408,1002
2024-09-20 10:21:41.826000,424.2446373564775,1003
2024-09-20 10:21:41.836000,424.2954003685152,996
2024-09-20 10:21:42.116000,424.22753349138776,99
2024-09-20 10:21:42.177000,424.2243950129063,102
2024-09-20 10:21:42.211000,424.2442321459866,8
2024-09-20 10:21:42.434000,424.2542275313615,101
2024-09-20 10:21:42.450000,424.2424648088255,99
2024-09-20 10:21:42.522000,424.24658760214,101
2024-09-20 10:21:42.642000,424.2472844179984,1005
2024-09-20 10:21:42.741000,424.2247600168116,1001
2024-09-20 10:21:43.019000,424.2562080138811,95
2024-09-20 10:21:43.077000,424.2645206969066,98
2024-09-20 10:21:43.115000,424.25160933597823,104
2024-09-20 10:21:43.122000,424.285697952456,998
2024-09-20 10:21:43.163000,424.2529442630457,1001
2024-09-20 10:21:43.171000,424.2434949490609,100
2024-09-20 10:21:43.171000,424.2424678322232,97
2024-09-20 10:21:43.266000,424.267125869304,11
2024-09-20 10:21:43.314000,424.2734329078699,105
2024-09-20 10:21:43.325000,424.2477964767129,1003
2024-09-20 10:21:43.343000,424.2360444673379,6
2024-09-20 10:21:43.348000,424.2501350784432,1002
2024-09-20 10:21:43.431000,424.2631006107979,104
2024-09-20 10:21:43.475000,424.2280675904417,102
2024-09-20 10:21:43.481000,424.2557643577561,11
2024-09-20 10:21:43.490000,424.26401128065993,7
2024-09-20 10:21:43.529000,424.2751267305236,1005
2024-09-20 10:21:43.550000,424.2474246505496,9
2024-09-20 10:21:43.572000,424.258695566579,105
2024-09-20 10:21:43.653000,424.2866558955009,8
2024-09-20 10:21:43.675000,424.2399766360276,1000
2024-09-20 10:21:43.725000,424.26484999439145,99
2024-09-20 10:21:43.840000,424.2350366260076,15
2024-09-20 10:21:43.859000,424.2475586460423,101
2024-09-20 10:21:43.860000,424.2559161360104,7
2024-09-20 10:21:43.901000,424.25704588406313,97
2024-09-20 10:21:43.924000,424.25220148389855,997
2024-09-20 10:21:43.935000,424.2435215652549,13
2024-09-20 10:21:43.986000,424.2374788207954,1003
2024-09-20 10:21:44.048000,424.2326824666561,1004
2024-09-20 10:21:44.408000,424.2629154111143,13
2024-09-20 10:21:44.409000,424.2433762496109,1001
2024-09-20 10:21:44.510000,424.2434503507413,98
2024-09-20 10:21:44.543000,424.2364335281072,1002
2024-09-20 10:21:44.728000,424.2492238745676,1004
2024-09-20 10:21:44.846000,424.22821440135016,9
2024-09-20 10:21:44.873000,424.22707349448666,97
2024-09-20 10:21:45.020000,424.17530964430944,95
2024-09-20 10:21:45.184000,424.1817413561389,6
2024-09-20 10:21:45.202000,424.20529575222446,1003
2024-09-20 10:21:45.203000,424.2494116467202,95
2024-09-20 10:21:45.277000,424.2613971370672,100
2024-09-20 10:21:45.283000,424.2290149618172,995
2024-09-20 10:21:45.435000,424.1711460914377,15
2024-09-20 10:21:45.479000,424.19964609291,1001
2024-09-20 10:21:45.542000,424.1901618166273,95
2024-09-20 10:21:45.592000,424.2300927481874,102
2024-09-20 10:21:45.614000,424.2120085653766,8
2024-09-20 10:21:45.648000,424.2018034082877,95
2024-09-20 10:21:45.686000,424.2541388867471,5
2024-09-20 10:21:45.797000,424.2559991393393,95
2024-09-20 10:21:45.838000,424.187506448562,10
2024-09-20 10:21:45.892000,424.212831213664,96
2024-09-20 10:21:45.918000,424.1989061054366,13
2024-09-20 10:21:46.019000,424.2118782357796,998
2024-09-20 10:21:46.103000,424.2102078583698,14
2024-09-20 10:21:46.176000,424.1784038292156,1001
2024-09-20 10:21:46.194000,424.1999488469681,7
2024-09-20 10:21:46.314000,424.21733084825104,10
2024-09-20 10:21:46.365000,424.1971403466823,1004
2024-09-20 10:21:46.370000,424.2043888519262,1003
2024-09-20 10:21:46.452000,424.2217164261973,13
2024-09-20 10:21:46.537000,424.19880921477466,97
2024-09-20 10:21:46.551000,424.1958938277496,15
2024-09-20 10:21:46.558000,424.2185812642036,98
2024-09-20 10:21:46.615000,424.1822862406184,103
2024-09-20 10:21:46.691000,424.2092613547185,104
2024-09-20 10:21:46.692000,424.1796867670053,8
2024-09-20 10:21:46.693000,424.197040625753,105
2024-09-20 10:21:46.703000,424.1886154697952,101
2024-09-20 10:21:46.738000,424.1669990716463,101
2024-09-20 10:21:46.785000,424.1762522971364,7
2024-09-20 10:21:46.794000,424.1667259198195,7
2024-09-20 10:21:46.826000,424.156937657687,9
2024-09-20 10:21:46.844000,424.1976467416126,105
2024-09-20 10:21:46.895000,424.1926747147304,10
2024-09-20 10:21:46.911000,424.2143694362347,10
2024-09-20 10:21:46.947000,424.1736117493436,999
2024-09-20 10:21:46.956000,424.1689996849243,995
2024-09-20 10:21:46.978000,424.1711628991323,1000
2024-09-20 10:21:47.020000,424.1036498032484,102
2024-09-20 10:21:47.039000,424.1318322440116,7
2024-09-20 10:21:47.142000,424.14118590566267,104
2024-09-20 10:21:47.151000,424.1494447181684,8
2024-09-20 10:21:47.172000,424.1187361313875,10
2024-09-20 10:21:47.217000,424.1461337425636,997
2024-09-20 10:21:47.253000,424.1320809772407,5
2024-09-20 10:21:47.290000,424.1433189811511,100
2024-09-20 10:21:47.307000,424.1345957341474,996
2024-09-20 10:21:47.351000,424.151137756987,101
2024-09-20 10:21:47.389000,424.0979440364303,9
2024-09-20 10:21:47.423000,424.1599232973521,1005
2024-09-20 10:21:47.433000,424.15367581993104,95
2024-09-20 10:21:47.442000,424.1633395363505,99
2024-09-20 10:21:47.500000,424.1511166350799,15
2024-09-20 10:21:47.526000,424.1691289884804,1005
2024-09-20 10:21:47.557000,424.1411764017501,1003
2024-09-20 10:21:47.578000,424.1710870488124,104
2024-09-20 10:21:47.716000,424.1461406736996,6
2024-09-20 10:21:47.736000,424.1293954110185,103
2024-09-20 10:21:47.755000,424.1543439898863,8
2024-09-20 10:21:47.785000,424.1630359283012,97
2024-09-20 10:21:47.803000,424.1433032694376,998
2024-09-20 10:21:47.867000,424.1471949402738,997
2024-09-20 10:21:47.872000,424.1462807158056,104
2024-09-20 10:21:47.981000,424.1484243202536,15
2024-09-20 10:21:48.216000,424.1132297823365,999
2024-09-20 10:21:48.224000,424.089096879413,101
2024-09-20 10:21:48.333000,424.0783853813994,10
2024-09-20 10:21:48.383000,424.1279857836056,7
2024-09-20 10:21:48.687000,424.07077922597983,102
2024-09-20 10:21:48.733000,424.1279006493925,1005
2024-09-20 10:21:48.734000,424.0728890831142,95
2024-09-20 10:21:48.788000,424.103988351661,1001
2024-09-20 10:21:48.796000,424.12798332687777,7
2024-09-20 10:21:48.877000,424.1268228723425,1005
2024-09-20 10:21:49.016000,424.1462934204352,1005
2024-09-20 10:21:49.087000,424.0851423833765,8
2024-09-20 10:21:49.090000,424.1286536490881,96
2024-09-20 10:21:49.147000,424.11171088854735,1001
2024-09-20 10:21:49.151000,424.047113223837,96
2024-09-20 10:21:49.156000,424.0278605188561,12
2024-09-20 10:21:49.193000,424.0977044164484,103
2024-09-20 10:21:49.266000,424.0373493295476,15
2024-09-20 10:21:49.268000,424.1068266043978,101
2024-09-20 10:21:49.381000,424.1027026232676,7
2024-09-20 10:21:49.451000,424.0803125191024,1005
2024-09-20 10:21:49.459000,424.1499635708128,12
2024-09-20 10:21:49.556000,424.0256394836218,11
2024-09-20 10:21:49.781000,424.1091133656079,100
2024-09-20 10:21:49.807000,424.1546243271672,14
2024-09-20 10:21:49.829000,424.1181091448374,14
2024-09-20 10:21:49.842000,424.10851475859096,8
2024-09-20 10:21:49.886000,424.1235087822952,8
2024-09-20 10:21:49.894000,424.0574438493729,998
2024-09-20 10:21:49.936000,424.0499903904473,998
2024-09-20 10:21:50.020000,424.12548886967886,1002
2024-09-20 10:21:50.174000,424.1057877952208,105
2024-09-20 10:21:50.219000,424.1637671333192,997
2024-09-20 10:21:50.340000,424.1130802725586,7
2024-09-20 10:21:50.395000,424.1040640308307,95
2024-09-20 10:21:50.436000,424.1156500611356,103
2024-09-20 10:21:50.658000,424.1354485814125,8
2024-09-20 10:21:50.732000,424.0896920356964,13
2024-09-20 10:21:50.760000,424.125752724396,997
2024-09-20 10:21:50.876000,424.15067825424455,12
2024-09-20 10:21:50.879000,424.0982479868048,104
2024-09-20 10:21:50.984000,424.1577131950401,6
2024-09-20 10:21:51.058000,424.1148565697448,5
2024-09-20 10:21:51.141000,424.0726580803984,14
2024-09-20 10:21:51.176000,424.142130127107,999
2024-09-20 10:21:51.190000,424.08278188812096,1003
2024-09-20 10:21:51.194000,424.1138739338746,14
2024-09-20 10:21:51.216000,424.09502966537576,8
2024-09-20 10:21:51.225000,424.1172694207832,1005
2024-09-20 10:21:51.289000,424.1050902784576,9
2024-09-20 10:21:51.312000,424.1029729897204,999
2024-09-20 10:21:51.319000,424.1027168577483,1004
2024-09-20 10:21:51.340000,424.1035430944296,12
2024-09-20 10:21:51.353000,424.0995729589566,105
2024-09-20 10:21:51.368000,424.1312857757069,1002
2024-09-20 10:21:51.408000,424.12083225162064,1001
2024-09-20 10:21:51.470000,424.11710464120944,1001
2024-09-20 10:21:51.511000,424.12140153860776,97
2024-09-20 10:21:51.538000,424.1168444193187,103
2024-09-20 10:21:51.605000,424.0963660519766,996
2024-09-20 10:21:51.617000,424.1027235446227,997
2024-09-20 10:21:51.740000,424.06794874751415,1004
2024-09-20 10:21:51.752000,424.1122944121543,1002
2024-09-20 10:21:51.827000,424.11197239641626,5
2024-09-20 10:21:51.835000,424.0891665533497,9
2024-09-20 10:21:51.849000,424.12887072389606,10
2024-09-20 10:21:51.934000,424.1138168403604,11
2024-09-20 10:21:51.982000,424.101659753569,96
2024-09-20 10:21:51.995000,424.1096453834432,6
2024-09-20 10:21:52.035000,424.1075196489949,995
2024-09-20 10:21:53.086000,424.0871458548335,1002
2024-09-20 10:21:53.206000,424.1269456591665,105
2024-09-20 10:21:53.343000,424.1079149033858,997
2024-09-20 10:21:53.453000,424.1161155263428,1005
2024-09-20 10:21:53.496000,424.10757004599895,103
2024-09-20 10:21:53.706000,424.09859729129687,100
2024-09-20 10:21:53.983000,424.1107672509134,97
2024-09-20 10:21:54.031000,424.0912474484545,7
2024-09-20 10:21:54.037000,424.09946711973066,8
2024-09-20 10:21:54.257000,424.0807112935388,1004
2024-09-20 10:21:54.295000,424.1239889245035,1003
2024-09-20 10:21:54.318000,424.1148854744686,1005
2024-09-20 10:21:54.373000,424.1166788175837,998
2024-09-20 10:21:54.426000,424.1204912327748,5
2024-09-20 10:21:54.490000,424.08823730101216,998
2024-09-20 10:21:54.549000,424.1374951113709,103
2024-09-20 10:21:54.618000,424.1094589172717,996
2024-09-20 10:21:54.720000,424.0913516340688,97
2024-09-20 10:21:54.800000,424.0777829126019,998
2024-09-20 10:21:54.893000,424.08879287013445,104
2024-09-20 10:21:54.905000,424.1265316721151,1000
2024-09-20 10:21:54.941000,424.0867063867551,6
2024-09-20 10:21:54.989000,424.1168582382647,99
2024-09-20 10:21:55.031000,424.1437659307532,102
2024-09-20 10:21:55.119000,424.1349011527067,105
2024-09-20 10:21:55.563000,424.1270378318845,14
2024-09-20 10:21:55.819000,424.1556183328655,999
2024-09-20 10:21:55.844000,424.12730537705295,103
2024-09-20 10:21:56.166000,424.1651202852889,1005
2024-09-20 10:21:57.006000,424.1402868393811,1003
2024-09-20 10:21:57.024000,424.16445240460695,98
2024-09-20 10:21:57.159000,424.145967913821,100
2024-09-20 10:21:57.191000,424.1311306433248,1000
2024-09-20 10:21:57.243000,424.1386050753128,1003
2024-09-20 10:21:57.314000,424.1272916897673,1005
2024-09-20 10:21:57.384000,424.1405146158216,11
2024-09-20 10:21:57.485000,424.1301491359209,1000
2024-09-20 10:21:57.513000,424.13781245503566,15
2024-09-20 10:21:57.548000,424.12145666678913,13
2024-09-20 10:21:57.620000,424.1367883499802,1000
2024-09-20 10:21:57.667000,424.08052659561895,101
2024-09-20 10:21:57.676000,424.1345790120896,12
2024-09-20 10:21:57.695000,424.12253504956766,8
2024-09-20 10:21:57.951000,424.1465580271674,15
2024-09-20 10:21:57.953000,424.0916977882941,5
2024-09-20 10:21:58.007000,424.1876904762557,11
2024-09-20 10:21:58.007000,424.1684907295553,104
2024-09-20 10:21:58.045000,424.1828431807997,1004
2024-09-20 10:21:58.060000,424.12216575002657,15
2024-09-20 10:21:58.094000,424.18514302950217,95
2024-09-20 10:21:58.095000,424.12426024764494,105
2024-09-20 10:21:58.103000,424.19035864884944,995
2024-09-20 10:21:58.203000,424.1763073652703,1005
2024-09-20 10:21:58.222000,424.11964245091895,102
2024-09-20 10:21:58.271000,424.1413224880576,9
2024-09-20 10:21:58.273000,424.15008104733215,1001
2024-09-20 10:21:58.276000,424.1982905746435,99
2024-09-20 10:21:58.438000,424.2034278719328,999
2024-09-20 10:21:58.452000,424.12250455686376,96
2024-09-20 10:21:58.469000,424.157338735893,96
2024-09-20 10:21:58.519000,424.1977766987731,1004
2024-09-20 10:21:58.556000,424.1120709723395,1002
2024-09-20 10:21:58.607000,424.1291492037566,103
2024-09-20 10:21:58.627000,424.2032698917666,102
2024-09-20 10:21:58.728000,424.1935341685054,998
2024-09-20 10:21:58.808000,424.1822278888032,101
2024-09-20 10:21:58.834000,424.1094476059724,995
2024-09-20 10:21:58.901000,424.18977657617904,6
2024-09-20 10:21:58.995000,424.09197325292166,102
2024-09-20 10:21:58.995000,424.1606220706577,9
2024-09-20 10:21:59.002000,424.2033632232077,14
2024-09-20 10:21:59.037000,424.2064444398484,95
2024-09-20 10:21:59.039000,424.1975176230402,10
2024-09-20 10:21:59.177000,424.21294036897206,1003
2024-09-20 10:21:59.190000,424.1838975166663,1005
2024-09-20 10:21:59.209000,424.22201643502575,103
2024-09-20 10:21:59.313000,424.2219826813764,997
2024-09-20 10:21:59.314000,424.20007407877904,100
2024-09-20 10:21:59.352000,424.1481893688256,13
2024-09-20 10:21:59.490000,424.1418211855939,95
2024-09-20 10:21:59.496000,424.20014915763824,997
2024-09-20 10:21:59.591000,424.1925771184281,9
2024-09-20 10:21:59.607000,424.2064164143405,8
2024-09-20 10:21:59.611000,424.2005796362798,11
2024-09-20 10:21:59.715000,424.22142035413634,98
2024-09-20 10:21:59.910000,424.2146153710858,6
