Timestamp,Price,Size
2024-09-20 15:04:00.128000,431.7024924867732,1001
2024-09-20 15:04:00.289000,431.6829483259822,5
2024-09-20 15:04:00.294000,431.6797018692137,95
2024-09-20 15:04:00.302000,431.69984682196144,999
2024-09-20 15:04:00.305000,431.6473377027588,11
2024-09-20 15:04:00.313000,431.69059815002856,95
2024-09-20 15:04:00.322000,431.668186940019,1004
2024-09-20 15:04:00.361000,431.6819543765528,97
2024-09-20 15:04:00.473000,431.6867022740609,1000
2024-09-20 15:04:00.484000,431.6978652249632,1004
2024-09-20 15:04:00.560000,431.6754337547043,15
2024-09-20 15:04:00.582000,431.66816379510544,995
2024-09-20 15:04:00.597000,431.6826177540488,1001
2024-09-20 15:04:00.701000,431.6879356677522,6
2024-09-20 15:04:00.711000,431.65762002503067,1000
2024-09-20 15:04:00.798000,431.6901640930686,997
2024-09-20 15:04:00.823000,431.6588859775577,104
2024-09-20 15:04:00.892000,423.3037969569429,10
2024-09-20 15:04:00.931000,431.7043216649313,1001
2024-09-20 15:04:00.995000,431.7069547050632,104
2024-09-20 15:04:01.004000,431.6865284164514,995
2024-09-20 15:04:01.037000,431.66737161840285,95
2024-09-20 15:04:01.124000,431.70541484366015,5
2024-09-20 15:04:01.445000,431.6982876820957,100
2024-09-20 15:04:01.480000,431.65360452169926,105
2024-09-20 15:04:01.526000,431.64823479085567,999
2024-09-20 15:04:01.541000,431.68381720968256,7
2024-09-20 15:04:01.562000,431.6736432697674,10
2024-09-20 15:04:01.761000,431.67664689992085,995
2024-09-20 15:04:01.778000,431.6714349252079,999
2024-09-20 15:04:01.799000,431.6972409109915,100
2024-09-20 15:04:01.904000,431.6398102320796,103
2024-09-20 15:04:01.948000,431.69405509771065,5
2024-09-20 15:04:02.037000,431.6866791318948,6
2024-09-20 15:04:02.220000,431.6755273554906,14
2024-09-20 15:04:02.575000,431.6815424403016,12
2024-09-20 15:04:03.261000,431.6972457571975,7
2024-09-20 15:04:03.487000,431.6971357154834,1001
2024-09-20 15:04:04.067000,431.6606876523157,102
2024-09-20 15:04:04.137000,431.665928719307,10
2024-09-20 15:04:04.359000,431.6705249361818,5
2024-09-20 15:04:04.369000,431.65851982500953,14
2024-09-20 15:04:04.407000,431.655981121704,997
2024-09-20 15:04:04.506000,431.6554498411694,12
2024-09-20 15:04:04.699000,431.6979257703194,996
2024-09-20 15:04:04.774000,431.6937186521307,100
2024-09-20 15:04:04.998000,431.6802348751335,1001
2024-09-20 15:04:05.022000,431.6866982805025,12
2024-09-20 15:04:05.121000,431.6845916132413,999
2024-09-20 15:04:05.168000,431.6719028030657,1002
2024-09-20 15:04:05.199000,431.6530163791396,995
2024-09-20 15:04:05.265000,431.6776014600834,6
2024-09-20 15:04:05.268000,431.68645061953305,997
2024-09-20 15:04:05.274000,431.6729176601916,998
2024-09-20 15:04:05.497000,431.6815795995005,10
2024-09-20 15:04:05.511000,431.65040313903904,12
2024-09-20 15:04:05.518000,431.6849727722394,1004
2024-09-20 15:04:05.603000,431.7017880952936,103
2024-09-20 15:04:05.727000,431.6734946376084,95
2024-09-20 15:04:05.797000,431.6814282948077,995
2024-09-20 15:04:05.891000,431.69483250894166,11
2024-09-20 15:04:05.961000,431.6700637255312,1004
2024-09-20 15:04:05.969000,431.66881056803305,13
2024-09-20 15:04:05.987000,431.6569483982236,8
2024-09-20 15:04:06.001000,431.63940621176914,97
2024-09-20 15:04:06.026000,431.6615948014109,12
2024-09-20 15:04:06.041000,431.6650846137904,999
2024-09-20 15:04:06.155000,431.652953177244,103
2024-09-20 15:04:06.228000,431.6551797603451,1004
2024-09-20 15:04:06.229000,431.66498559090354,999
2024-09-20 15:04:06.230000,431.706459484491,13
2024-09-20 15:04:06.351000,431.6703512562682,12
2024-09-20 15:04:06.462000,431.67723188861146,9
2024-09-20 15:04:06.485000,431.65437022673376,104
2024-09-20 15:04:06.526000,431.6566814179006,997
2024-09-20 15:04:06.534000,431.66554446216907,97
2024-09-20 15:04:06.572000,431.6617495909852,96
2024-09-20 15:04:06.616000,431.6622940323069,10
2024-09-20 15:04:06.754000,431.6811151494738,96
2024-09-20 15:04:06.768000,431.6727574378591,1003
2024-09-20 15:04:06.813000,431.6699626297421,6
2024-09-20 15:04:06.817000,431.6648276015287,102
2024-09-20 15:04:06.898000,431.6768394595617,999
2024-09-20 15:04:06.904000,431.6484049485838,100
2024-09-20 15:04:06.971000,431.6269583387416,995
2024-09-20 15:04:06.979000,431.6724084065282,996
2024-09-20 15:04:08.099000,431.6620663559712,104
2024-09-20 15:04:08.240000,431.6477470469616,98
2024-09-20 15:04:08.264000,431.6468877744068,14
2024-09-20 15:04:08.378000,431.6497956968679,102
2024-09-20 15:04:08.749000,431.66555852444174,1002
2024-09-20 15:04:08.802000,431.6546733636919,995
2024-09-20 15:04:08.803000,431.65229082627616,1003
2024-09-20 15:04:08.885000,431.6613311603685,10
2024-09-20 15:04:09.047000,431.7016760228944,97
2024-09-20 15:04:09.323000,431.692753798745,102
2024-09-20 15:04:09.370000,431.6864036384152,98
2024-09-20 15:04:09.383000,431.6710246685003,105
2024-09-20 15:04:09.438000,431.6679150716162,15
2024-09-20 15:04:09.459000,431.7006509924573,104
2024-09-20 15:04:09.472000,431.67866848051307,103
2024-09-20 15:04:09.538000,431.7026792041304,7
2024-09-20 15:04:09.750000,431.68605408748704,1000
2024-09-20 15:04:09.847000,431.68353801739335,997
2024-09-20 15:04:09.863000,431.7152964612621,101
2024-09-20 15:04:10.070000,431.6944406428747,5
2024-09-20 15:04:10.081000,431.7766183509817,13
2024-09-20 15:04:10.103000,431.7227250128843,997
2024-09-20 15:04:10.147000,431.69657015155485,96
2024-09-20 15:04:10.163000,431.68744784107474,998
2024-09-20 15:04:10.722000,431.7181614105975,15
2024-09-20 15:04:10.816000,431.6885085663122,103
2024-09-20 15:04:10.839000,431.6751733893288,11
2024-09-20 15:04:10.957000,431.7541034504435,998
2024-09-20 15:04:11.020000,431.8233168789488,7
2024-09-20 15:04:11.026000,431.8131954676113,99
2024-09-20 15:04:11.073000,431.8265480884824,6
2024-09-20 15:04:11.199000,431.82007801915296,995
2024-09-20 15:04:11.207000,431.80005259871416,5
2024-09-20 15:04:11.302000,431.7919123012578,997
2024-09-20 15:04:11.429000,431.8290508611328,14
2024-09-20 15:04:11.730000,431.8332296453776,1003
2024-09-20 15:04:11.855000,431.819311214561,996
2024-09-20 15:04:12.021000,431.82454611081,7
2024-09-20 15:04:12.022000,431.8548157649897,1005
2024-09-20 15:04:12.053000,431.8747393420098,95
2024-09-20 15:04:12.223000,431.8476062523343,10
2024-09-20 15:04:12.306000,431.86268680332125,1004
2024-09-20 15:04:12.328000,431.8547697003636,102
2024-09-20 15:04:12.344000,431.862576085423,1005
2024-09-20 15:04:12.510000,431.8512854359065,13
2024-09-20 15:04:12.529000,431.83194546455,995
2024-09-20 15:04:12.532000,431.84865240289855,6
2024-09-20 15:04:12.565000,431.85562764053554,1005
2024-09-20 15:04:12.581000,431.8545894923257,15
2024-09-20 15:04:12.585000,431.87944325075216,5
2024-09-20 15:04:12.657000,431.843164148098,998
2024-09-20 15:04:12.716000,431.8197237212008,97
2024-09-20 15:04:12.757000,431.84910883054783,5
2024-09-20 15:04:12.811000,431.8634356770083,1005
2024-09-20 15:04:12.818000,431.87966697228666,8
2024-09-20 15:04:12.831000,431.8583225274975,1002
2024-09-20 15:04:12.832000,431.8596367771299,1003
2024-09-20 15:04:12.906000,431.85567373005193,997
2024-09-20 15:04:12.912000,431.8314305956072,1002
2024-09-20 15:04:12.985000,431.85264813461856,996
2024-09-20 15:04:14.443000,431.82797615073,9
2024-09-20 15:04:14.481000,431.8238981830142,97
2024-09-20 15:04:14.540000,431.8107062982319,998
2024-09-20 15:04:14.561000,431.8547398174254,999
2024-09-20 15:04:14.577000,431.8502252096548,10
2024-09-20 15:04:14.620000,431.8388238979427,998
2024-09-20 15:04:14.683000,431.8324550445906,99
2024-09-20 15:04:14.684000,431.8231039958939,15
2024-09-20 15:04:14.692000,431.8487832941337,101
2024-09-20 15:04:14.845000,431.8231895209185,99
2024-09-20 15:04:14.849000,431.8311397063167,1003
2024-09-20 15:04:14.889000,431.8422437187262,1001
2024-09-20 15:04:15.152000,431.8560360027382,101
2024-09-20 15:04:15.170000,431.8512460201863,5
2024-09-20 15:04:15.224000,431.8846277022273,101
2024-09-20 15:04:15.480000,431.8633637549639,1002
2024-09-20 15:04:15.649000,423.5719132482817,998
2024-09-20 15:04:15.758000,431.87826126108826,6
2024-09-20 15:04:15.854000,431.8587592324,1000
2024-09-20 15:04:15.883000,431.8740881963715,13
2024-09-20 15:04:15.930000,431.852837932608,10
2024-09-20 15:04:16.048000,431.8752744834714,14
2024-09-20 15:04:16.210000,431.88495533610615,5
2024-09-20 15:04:16.294000,431.86379657831327,5
2024-09-20 15:04:16.315000,431.8638553858942,1005
2024-09-20 15:04:16.334000,431.87336994393087,1002
2024-09-20 15:04:16.368000,431.8823790812578,15
2024-09-20 15:04:16.377000,431.87400323479415,6
2024-09-20 15:04:16.435000,431.88546734204056,9
2024-09-20 15:04:16.442000,431.8735078500361,103
2024-09-20 15:04:16.452000,431.8781020858149,997
2024-09-20 15:04:16.479000,431.8657206063151,998
2024-09-20 15:04:16.524000,431.8711183619432,1001
2024-09-20 15:04:16.576000,431.86172712126233,96
2024-09-20 15:04:16.582000,431.8760202475664,1001
2024-09-20 15:04:16.711000,431.8876601435688,995
2024-09-20 15:04:16.768000,431.8389053422383,998
2024-09-20 15:04:16.777000,431.8565079416433,98
2024-09-20 15:04:16.893000,431.8380905088578,97
2024-09-20 15:04:16.950000,431.8612855509961,15
2024-09-20 15:04:16.982000,431.8501167464248,1002
2024-09-20 15:04:17.060000,431.8405629147194,6
2024-09-20 15:04:17.128000,431.8313134642161,101
2024-09-20 15:04:17.245000,431.8264971336636,95
2024-09-20 15:04:17.487000,431.8709094236365,96
2024-09-20 15:04:17.556000,431.8367933775222,1002
2024-09-20 15:04:17.803000,431.8475490786156,105
2024-09-20 15:04:18.019000,431.79944582761294,100
2024-09-20 15:04:18.049000,431.7769713458293,104
2024-09-20 15:04:18.086000,431.8133026162334,996
2024-09-20 15:04:18.213000,431.8667455360852,103
2024-09-20 15:04:18.245000,431.8393493371768,14
2024-09-20 15:04:18.350000,431.8060004710327,1003
2024-09-20 15:04:18.529000,431.80519794586303,1002
2024-09-20 15:04:18.547000,423.615386582637,7
2024-09-20 15:04:18.609000,431.838028371869,11
2024-09-20 15:04:18.717000,431.8508244475439,1001
2024-09-20 15:04:18.733000,431.8654262228432,11
2024-09-20 15:04:18.835000,431.8664006812061,7
2024-09-20 15:04:18.956000,431.8266861489669,1004
2024-09-20 15:04:19.033000,431.92183524381534,997
2024-09-20 15:04:19.049000,431.8087147250731,105
2024-09-20 15:04:19.080000,431.8703542397951,104
2024-09-20 15:04:19.144000,431.91081741113055,6
2024-09-20 15:04:19.165000,431.8399400283208,1002
2024-09-20 15:04:19.179000,431.8964137919223,1004
2024-09-20 15:04:19.203000,431.9292790362955,5
2024-09-20 15:04:19.232000,431.90372980176096,102
2024-09-20 15:04:19.284000,431.7867103334595,15
2024-09-20 15:04:19.359000,431.9128343114147,102
2024-09-20 15:04:19.384000,431.8206257674782,996
2024-09-20 15:04:19.392000,431.78043621240926,12
2024-09-20 15:04:19.396000,431.788700335946,104
2024-09-20 15:04:19.508000,431.8504927896669,101
2024-09-20 15:04:19.518000,431.9032998472775,7
2024-09-20 15:04:19.600000,431.8104927879684,102
2024-09-20 15:04:19.608000,431.7880682824618,995
2024-09-20 15:04:19.690000,431.784674362149,104
2024-09-20 15:04:19.727000,431.8804461428677,1005
2024-09-20 15:04:19.796000,431.7949852518345,8
2024-09-20 15:04:19.875000,431.8437401006664,6
2024-09-20 15:04:19.903000,431.90919050436514,5
2024-09-20 15:04:19.937000,431.7998438194506,8
2024-09-20 15:04:20.103000,431.9663478488286,8
2024-09-20 15:04:20.106000,431.9031122081182,1000
2024-09-20 15:04:20.162000,431.9461416638425,14
2024-09-20 15:04:20.193000,431.97362020364886,1005
2024-09-20 15:04:20.229000,431.91158289064543,9
2024-09-20 15:04:20.258000,431.9125559217677,6
2024-09-20 15:04:20.273000,431.9222848301049,999
2024-09-20 15:04:20.276000,431.9297754767321,14
2024-09-20 15:04:20.313000,431.95661419663327,13
2024-09-20 15:04:20.332000,431.9139118641192,1002
2024-09-20 15:04:20.335000,431.9321542527459,99
2024-09-20 15:04:20.346000,431.9262578879623,102
2024-09-20 15:04:20.383000,432.00115600424647,8
2024-09-20 15:04:20.446000,431.9423848341112,995
2024-09-20 15:04:20.446000,431.8960696009016,103
2024-09-20 15:04:20.453000,432.005605661636,98
2024-09-20 15:04:20.470000,431.9102765435575,1003
2024-09-20 15:04:20.477000,431.8859842088879,998
2024-09-20 15:04:20.534000,431.9549944623632,15
2024-09-20 15:04:20.671000,431.9008427760424,9
2024-09-20 15:04:20.717000,431.99585182768783,1001
2024-09-20 15:04:20.744000,432.0145350456612,96
2024-09-20 15:04:20.764000,431.9323300699537,12
2024-09-20 15:04:20.770000,432.0002566187018,10
2024-09-20 15:04:20.800000,431.9831391482215,1000
2024-09-20 15:04:20.859000,432.0104424261525,97
2024-09-20 15:04:20.863000,431.94120590396,104
2024-09-20 15:04:20.990000,431.90294359951065,1005
2024-09-20 15:04:21.113000,423.62458275824014,15
2024-09-20 15:04:21.276000,432.0427570673296,15
2024-09-20 15:04:21.329000,432.029447193113,98
2024-09-20 15:04:21.625000,432.03854492049743,13
2024-09-20 15:04:21.660000,432.0325232831352,98
2024-09-20 15:04:21.719000,432.0024837137666,1001
2024-09-20 15:04:21.853000,432.0025522203911,998
2024-09-20 15:04:22.009000,432.01313195520754,1001
2024-09-20 15:04:22.058000,432.0016160601696,998
2024-09-20 15:04:22.272000,432.0012414739024,998
2024-09-20 15:04:22.372000,432.0336547321397,101
2024-09-20 15:04:22.398000,431.9910845623375,10
2024-09-20 15:04:22.404000,431.95514314897474,8
2024-09-20 15:04:22.512000,432.028113756798,102
2024-09-20 15:04:22.530000,432.0326160583316,100
2024-09-20 15:04:22.607000,431.9677915207218,96
2024-09-20 15:04:22.691000,432.0341671971916,7
2024-09-20 15:04:22.710000,423.4664376628947,10
2024-09-20 15:04:22.718000,431.9905131249094,14
2024-09-20 15:04:22.738000,431.9729112963182,95
2024-09-20 15:04:22.743000,431.9927928491188,1002
2024-09-20 15:04:22.745000,431.97823461109743,97
2024-09-20 15:04:22.763000,432.00392656895445,996
2024-09-20 15:04:22.803000,431.9766258623434,1001
2024-09-20 15:04:22.812000,431.9849263926347,1005
2024-09-20 15:04:22.816000,431.985714874056,1003
2024-09-20 15:04:22.837000,432.0110199335626,1004
2024-09-20 15:04:22.854000,432.00329648775335,995
2024-09-20 15:04:22.855000,432.0123577101196,13
2024-09-20 15:04:22.876000,431.9651807733865,1000
2024-09-20 15:04:22.893000,431.9721290934185,8
2024-09-20 15:04:22.919000,432.0195304072239,995
2024-09-20 15:04:22.976000,432.00287057586326,1004
2024-09-20 15:04:22.985000,432.00452673453503,104
2024-09-20 15:04:23.017000,431.9636154709116,99
2024-09-20 15:04:23.034000,431.951485816813,995
2024-09-20 15:04:23.037000,431.9792267252255,1003
2024-09-20 15:04:23.054000,432.0163162380268,96
2024-09-20 15:04:23.083000,431.9995652366677,998
2024-09-20 15:04:23.159000,432.0305211371853,1000
2024-09-20 15:04:23.264000,432.0251683883477,998
2024-09-20 15:04:23.284000,431.9646768020176,1000
2024-09-20 15:04:23.310000,431.9686431914823,99
2024-09-20 15:04:23.458000,431.983516692752,6
2024-09-20 15:04:23.486000,432.0357061319501,12
2024-09-20 15:04:23.539000,431.951058486828,8
2024-09-20 15:04:23.555000,431.9805699095844,105
2024-09-20 15:04:23.602000,431.972172024526,999
2024-09-20 15:04:23.633000,431.98404372685576,999
2024-09-20 15:04:23.633000,432.03952812175953,1002
2024-09-20 15:04:23.649000,432.01264144062566,105
2024-09-20 15:04:23.719000,431.9480875819421,1000
2024-09-20 15:04:23.724000,431.9398705323714,99
2024-09-20 15:04:23.803000,432.01353714389415,13
2024-09-20 15:04:23.941000,431.9584628132558,96
2024-09-20 15:04:23.972000,431.9814976899092,96
2024-09-20 15:04:24.007000,431.9823401995274,104
2024-09-20 15:04:24.016000,431.9500908372032,15
2024-09-20 15:04:24.043000,431.9660670455547,96
2024-09-20 15:04:24.063000,432.00543383264335,1000
2024-09-20 15:04:24.081000,431.99430103171454,1002
2024-09-20 15:04:24.134000,431.92728294201953,99
2024-09-20 15:04:24.153000,431.9638124933129,98
2024-09-20 15:04:24.175000,431.99003764844025,96
2024-09-20 15:04:24.176000,431.9870548672324,1005
2024-09-20 15:04:24.212000,431.92909146788713,1004
2024-09-20 15:04:24.214000,431.9601892698404,1001
2024-09-20 15:04:24.236000,431.9824087593157,9
2024-09-20 15:04:24.253000,431.962526077845,12
2024-09-20 15:04:24.295000,432.01727235289553,995
2024-09-20 15:04:24.358000,431.9488906876665,6
2024-09-20 15:04:24.453000,431.9868130349505,100
2024-09-20 15:04:24.521000,431.9641474006776,13
2024-09-20 15:04:24.537000,431.97193568204654,101
2024-09-20 15:04:24.626000,431.9533482862388,10
2024-09-20 15:04:24.675000,431.96035782372456,102
2024-09-20 15:04:24.719000,432.0049447920897,998
2024-09-20 15:04:24.741000,431.9712440761854,101
2024-09-20 15:04:24.769000,431.9220695121807,10
2024-09-20 15:04:24.804000,431.93224778746406,102
2024-09-20 15:04:24.969000,431.9842035240849,5
2024-09-20 15:04:24.983000,431.9624165958105,12
2024-09-20 15:04:25.136000,431.8729864370536,5
2024-09-20 15:04:25.231000,431.8621485022378,1002
2024-09-20 15:04:25.267000,431.85645400215145,96
2024-09-20 15:04:25.327000,431.9331531588683,996
2024-09-20 15:04:25.406000,431.8596266148288,1005
2024-09-20 15:04:25.461000,431.857515456366,998
2024-09-20 15:04:25.476000,431.9658710403289,99
2024-09-20 15:04:25.542000,431.9488852543117,99
2024-09-20 15:04:25.633000,431.8489716365124,12
2024-09-20 15:04:25.641000,431.951497351217,999
2024-09-20 15:04:25.699000,431.8962154613879,995
2024-09-20 15:04:25.756000,431.91550640758027,999
2024-09-20 15:04:25.933000,431.9447437838842,10
2024-09-20 15:04:25.953000,431.8739078370857,103
2024-09-20 15:04:25.981000,431.890247893303,105
2024-09-20 15:04:27.021000,431.9466894564314,96
2024-09-20 15:04:27.026000,431.9347441306443,13
2024-09-20 15:04:27.144000,431.8851346662704,5
2024-09-20 15:04:27.396000,431.86923868207606,97
2024-09-20 15:04:27.419000,431.8828721183836,103
2024-09-20 15:04:27.440000,431.9261219458383,997
2024-09-20 15:04:27.443000,431.8819160380112,995
2024-09-20 15:04:27.450000,431.9213159825341,6
2024-09-20 15:04:27.459000,431.9679030599273,1003
2024-09-20 15:04:27.501000,431.8910887765677,5
2024-09-20 15:04:27.542000,431.906862994873,995
2024-09-20 15:04:27.560000,431.9969722666411,104
2024-09-20 15:04:27.679000,431.8926910670962,96
2024-09-20 15:04:27.689000,431.8559203011265,100
2024-09-20 15:04:27.693000,431.92302607329816,15
2024-09-20 15:04:27.733000,432.0179599729008,96
2024-09-20 15:04:27.751000,431.9031012212982,998
2024-09-20 15:04:27.839000,431.8730302948385,6
2024-09-20 15:04:27.866000,431.9004923541637,14
2024-09-20 15:04:27.880000,431.89202660710754,99
2024-09-20 15:04:27.910000,431.9307841572764,11
2024-09-20 15:04:27.986000,431.9878009717272,996
2024-09-20 15:04:28.008000,432.0617450291626,97
2024-09-20 15:04:28.012000,432.0705073586642,96
2024-09-20 15:04:28.055000,432.0502260511289,105
2024-09-20 15:04:28.102000,432.06100311816414,998
2024-09-20 15:04:28.209000,432.05043387857614,1004
2024-09-20 15:04:28.215000,432.1144619662352,1003
2024-09-20 15:04:28.266000,432.1069448332058,13
2024-09-20 15:04:28.302000,432.1304964175821,5
2024-09-20 15:04:28.361000,432.09325025914814,9
2024-09-20 15:04:28.396000,432.05292030148513,1001
2024-09-20 15:04:28.419000,432.07038323391447,9
2024-09-20 15:04:28.443000,432.0713280885871,100
2024-09-20 15:04:28.447000,432.0135480285961,998
2024-09-20 15:04:28.453000,432.07492530835975,11
2024-09-20 15:04:28.464000,431.9969222074689,1000
2024-09-20 15:04:28.465000,432.0582432062699,6
2024-09-20 15:04:28.493000,432.07054114208296,1001
2024-09-20 15:04:28.498000,432.14265355598513,8
2024-09-20 15:04:28.591000,432.0702770014851,1005
2024-09-20 15:04:28.615000,432.129091754865,103
2024-09-20 15:04:28.658000,432.111315963048,7
2024-09-20 15:04:28.732000,432.1484001424231,105
2024-09-20 15:04:28.753000,432.0235206514886,10
2024-09-20 15:04:28.772000,432.0277610635586,100
2024-09-20 15:04:28.894000,432.0131578218849,100
2024-09-20 15:04:28.976000,432.1358372224551,105
2024-09-20 15:04:29.039000,432.10049782280606,96
2024-09-20 15:04:29.040000,432.1027647064778,5
2024-09-20 15:04:29.128000,432.0784295781024,1002
2024-09-20 15:04:29.182000,432.0825627251969,996
2024-09-20 15:04:29.189000,432.0886816605104,1003
2024-09-20 15:04:29.315000,432.1088047247888,8
2024-09-20 15:04:29.692000,432.0834690191362,1003
2024-09-20 15:04:29.715000,432.0765717061506,14
2024-09-20 15:04:29.777000,432.1069197557633,998
2024-09-20 15:04:29.804000,432.11270916627967,9
2024-09-20 15:04:29.936000,432.1058648215874,95
2024-09-20 15:04:30.017000,432.1128905104305,998
2024-09-20 15:04:30.061000,432.1287061220036,101
2024-09-20 15:04:30.077000,432.13630072900594,12
2024-09-20 15:04:30.158000,432.1193250844669,11
2024-09-20 15:04:30.218000,432.12391837271673,996
2024-09-20 15:04:30.230000,432.1244473793369,100
2024-09-20 15:04:30.250000,432.11162457283865,15
2024-09-20 15:04:30.311000,432.1410506017491,8
2024-09-20 15:04:30.321000,432.1307481866066,1001
2024-09-20 15:04:30.345000,432.1271168852172,1004
2024-09-20 15:04:30.350000,432.0962060754305,96
2024-09-20 15:04:30.367000,432.126527279551,103
2024-09-20 15:04:30.376000,432.1312921482704,8
2024-09-20 15:04:30.389000,432.1302997718627,1000
2024-09-20 15:04:30.480000,432.1011514516365,999
2024-09-20 15:04:30.489000,432.1241657346193,13
2024-09-20 15:04:30.500000,432.13998789737815,1003
2024-09-20 15:04:30.508000,432.1026138362003,995
2024-09-20 15:04:30.548000,432.1430363963197,101
2024-09-20 15:04:30.623000,432.1278900185055,999
2024-09-20 15:04:30.737000,432.1278967527039,8
2024-09-20 15:04:30.765000,432.1450530131658,103
2024-09-20 15:04:30.774000,432.1364653761719,1001
2024-09-20 15:04:30.786000,432.1253482809031,8
2024-09-20 15:04:30.840000,432.1194711978881,5
2024-09-20 15:04:30.901000,432.15423183473456,104
2024-09-20 15:04:30.929000,432.1156904317032,1002
2024-09-20 15:04:31.046000,432.1176069256352,995
2024-09-20 15:04:31.053000,432.1313074835333,105
2024-09-20 15:04:31.227000,432.156782766909,7
2024-09-20 15:04:31.234000,432.1092142948847,97
2024-09-20 15:04:31.586000,432.14143006884217,996
2024-09-20 15:04:31.596000,432.1345228923152,96
2024-09-20 15:04:31.694000,432.122325498677,101
2024-09-20 15:04:31.786000,432.117932820223,1002
2024-09-20 15:04:31.881000,432.1190096983393,996
2024-09-20 15:04:31.951000,432.1421348525439,998
2024-09-20 15:04:31.976000,432.1471508481412,1001
2024-09-20 15:04:32.014000,432.0836766233291,6
2024-09-20 15:04:32.057000,432.0876115961595,998
2024-09-20 15:04:32.167000,432.1478276241309,14
2024-09-20 15:04:32.174000,432.07134724386793,96
2024-09-20 15:04:32.200000,432.0933101513222,1003
2024-09-20 15:04:32.347000,432.1228890952496,99
2024-09-20 15:04:32.356000,432.1139203435915,100
2024-09-20 15:04:32.390000,432.1061306271068,103
2024-09-20 15:04:32.391000,432.1182985073668,11
2024-09-20 15:04:32.427000,432.0768316509352,11
2024-09-20 15:04:32.463000,432.13674809155935,98
2024-09-20 15:04:32.504000,432.11210242838325,1004
2024-09-20 15:04:32.508000,432.1248977208956,7
2024-09-20 15:04:32.555000,432.1057077981466,104
2024-09-20 15:04:32.647000,432.0633968560051,6
2024-09-20 15:04:32.746000,432.1002165280728,99
2024-09-20 15:04:32.753000,432.11498044568464,1001
2024-09-20 15:04:32.830000,432.1292036734749,11
2024-09-20 15:04:32.887000,432.0932511336378,999
2024-09-20 15:04:32.903000,432.0726680212332,99
2024-09-20 15:04:32.916000,432.0593351567176,104
2024-09-20 15:04:32.970000,432.10387970190834,7
2024-09-20 15:04:33.188000,432.0950296473073,995
2024-09-20 15:04:33.220000,432.1044626739452,100
2024-09-20 15:04:33.263000,432.0844561200725,1002
2024-09-20 15:04:33.459000,432.08054123614863,105
2024-09-20 15:04:33.687000,432.0807160958037,95
2024-09-20 15:04:33.713000,432.13362442241976,105
2024-09-20 15:04:33.922000,432.1134750866015,5
2024-09-20 15:04:34.001000,431.9628873013335,99
2024-09-20 15:04:34.068000,432.0758267489993,15
2024-09-20 15:04:34.135000,431.9852157456546,13
2024-09-20 15:04:34.152000,432.0732323086536,12
2024-09-20 15:04:34.156000,432.1062380476362,10
2024-09-20 15:04:34.171000,432.03631416706673,1001
2024-09-20 15:04:34.181000,432.0704723778611,1000
2024-09-20 15:04:34.264000,431.9833774551433,11
2024-09-20 15:04:34.267000,432.08249163839264,100
2024-09-20 15:04:34.289000,432.07150064827744,11
2024-09-20 15:04:34.325000,431.9699195340303,15
2024-09-20 15:04:34.527000,431.9934518756848,995
2024-09-20 15:04:34.551000,431.97932280502505,1003
2024-09-20 15:04:34.591000,432.057603894425,1005
2024-09-20 15:04:34.608000,431.9742490613871,1000
2024-09-20 15:04:34.629000,432.0079880727295,998
2024-09-20 15:04:34.643000,431.9799304282365,15
2024-09-20 15:04:34.665000,431.9958292831481,999
2024-09-20 15:04:34.673000,431.9818089324686,105
2024-09-20 15:04:34.752000,432.052893142308,100
2024-09-20 15:04:34.829000,431.9897023316223,11
2024-09-20 15:04:34.837000,432.0108527483376,997
2024-09-20 15:04:34.846000,431.9835640440276,95
2024-09-20 15:04:34.890000,432.0037961789808,9
2024-09-20 15:04:34.893000,431.9926715175846,8
2024-09-20 15:04:34.930000,432.0130803377078,6
2024-09-20 15:04:34.942000,432.00449087418775,98
2024-09-20 15:04:34.999000,431.9769858672223,11
2024-09-20 15:04:35.016000,431.93647864155815,15
2024-09-20 15:04:35.039000,431.9159490243303,1005
2024-09-20 15:04:35.106000,431.9429069374472,5
2024-09-20 15:04:35.128000,431.8553627365218,99
2024-09-20 15:04:35.160000,431.8707148454978,7
2024-09-20 15:04:35.187000,431.9694895502661,105
2024-09-20 15:04:35.202000,431.97986947277707,11
2024-09-20 15:04:35.208000,431.98189980359047,8
2024-09-20 15:04:35.236000,431.9465380255957,98
2024-09-20 15:04:35.245000,431.96043131242567,101
2024-09-20 15:04:35.289000,431.952734164009,105
2024-09-20 15:04:35.337000,431.93640483383297,5
2024-09-20 15:04:35.472000,431.9074599138386,1002
2024-09-20 15:04:35.604000,431.95673112266815,10
2024-09-20 15:04:35.697000,431.8896001695448,11
2024-09-20 15:04:35.704000,431.8556606824981,995
2024-09-20 15:04:35.725000,431.9433602921276,997
2024-09-20 15:04:35.764000,431.9609657335598,997
2024-09-20 15:04:35.774000,431.9580633480938,97
2024-09-20 15:04:35.789000,431.9670422398928,999
2024-09-20 15:04:35.789000,431.853365952152,1004
2024-09-20 15:04:35.856000,431.9862179674472,97
2024-09-20 15:04:35.915000,431.9816158753045,100
2024-09-20 15:04:35.971000,431.95676435702063,10
2024-09-20 15:04:36.043000,431.90828208863513,105
2024-09-20 15:04:36.088000,431.8880958842614,105
2024-09-20 15:04:36.127000,431.8858881918148,11
2024-09-20 15:04:36.149000,431.8454367540877,999
2024-09-20 15:04:36.165000,431.8867205192439,997
2024-09-20 15:04:36.302000,431.8676416981859,996
2024-09-20 15:04:36.306000,431.8607257142375,997
2024-09-20 15:04:36.338000,431.8800193990537,7
2024-09-20 15:04:36.361000,431.89251370195217,97
2024-09-20 15:04:36.430000,431.8790419409817,996
2024-09-20 15:04:36.439000,431.8809613473488,996
2024-09-20 15:04:36.444000,431.8609654832664,10
2024-09-20 15:04:36.632000,431.8743859226007,9
2024-09-20 15:04:36.640000,431.8839174295407,1002
2024-09-20 15:04:36.740000,431.8597810209812,101
2024-09-20 15:04:36.747000,431.8780937724854,13
2024-09-20 15:04:36.749000,431.8973557086678,1004
2024-09-20 15:04:36.766000,431.8737979713964,7
2024-09-20 15:04:36.900000,431.84238575611937,96
2024-09-20 15:04:36.947000,431.8987735945784,998
2024-09-20 15:04:36.954000,431.8963726136226,997
2024-09-20 15:04:36.958000,431.875090972028,15
2024-09-20 15:04:37.203000,431.91758750496,15
2024-09-20 15:04:37.248000,431.9038048814032,11
2024-09-20 15:04:37.257000,431.91730368857054,1001
2024-09-20 15:04:37.277000,431.8981037318668,5
2024-09-20 15:04:37.376000,431.90930391128825,12
2024-09-20 15:04:37.527000,431.9350090659777,1001
2024-09-20 15:04:37.585000,431.9296655477223,997
2024-09-20 15:04:37.635000,431.9118376610528,996
2024-09-20 15:04:37.747000,431.9148349414178,1005
2024-09-20 15:04:37.865000,431.8986638121492,1003
2024-09-20 15:04:38.056000,431.7636467135564,998
2024-09-20 15:04:38.099000,431.8671818989832,99
2024-09-20 15:04:38.102000,431.7621713710768,5
2024-09-20 15:04:38.132000,431.9166894639274,96
2024-09-20 15:04:38.137000,431.7369152272174,5
2024-09-20 15:04:38.162000,431.8936586506733,1002
2024-09-20 15:04:38.194000,431.92170724314457,1002
2024-09-20 15:04:38.209000,431.8092158080923,101
2024-09-20 15:04:38.328000,431.7729917201777,995
2024-09-20 15:04:38.395000,431.8947086498174,96
2024-09-20 15:04:38.416000,431.7219655255017,10
2024-09-20 15:04:38.439000,431.7687041106448,11
2024-09-20 15:04:38.507000,431.8185551886232,97
2024-09-20 15:04:38.542000,431.8859830179767,5
2024-09-20 15:04:38.569000,431.779712925788,999
2024-09-20 15:04:38.586000,431.75175598988704,1003
2024-09-20 15:04:38.597000,423.6817424705923,14
2024-09-20 15:04:38.603000,431.7617221493928,7
2024-09-20 15:04:38.662000,431.8769647451043,12
2024-09-20 15:04:38.668000,431.9077516718396,14
2024-09-20 15:04:38.735000,431.79198040057867,996
2024-09-20 15:04:38.790000,431.7665871562781,105
2024-09-20 15:04:38.825000,431.7654845094088,105
2024-09-20 15:04:38.843000,431.9117922607757,10
2024-09-20 15:04:38.903000,431.9027011069812,5
2024-09-20 15:04:38.923000,431.8381783585207,105
2024-09-20 15:04:38.966000,431.847927688661,97
2024-09-20 15:04:39.115000,431.7473956596927,95
2024-09-20 15:04:39.253000,431.7362666256044,1005
2024-09-20 15:04:39.273000,431.7232658224897,12
2024-09-20 15:04:39.428000,431.73600079260353,1000
2024-09-20 15:04:39.462000,431.74569385261776,15
2024-09-20 15:04:39.489000,431.7280340817793,1005
2024-09-20 15:04:39.577000,431.7513416971452,101
2024-09-20 15:04:39.607000,431.7229157310423,997
2024-09-20 15:04:39.669000,431.7346502798115,8
2024-09-20 15:04:39.670000,431.7629206490627,999
2024-09-20 15:04:39.673000,431.7439251941115,10
2024-09-20 15:04:39.688000,431.7718296356888,105
2024-09-20 15:04:39.720000,431.7450428705396,15
2024-09-20 15:04:39.818000,431.7164241229463,1002
2024-09-20 15:04:39.951000,431.7448042204683,104
2024-09-20 15:04:40.040000,431.7789358335284,103
2024-09-20 15:04:40.361000,431.7688677428189,12
2024-09-20 15:04:40.393000,431.76429085503815,10
2024-09-20 15:04:40.578000,431.7704997510429,13
2024-09-20 15:04:41.030000,431.7632154781542,99
2024-09-20 15:04:41.081000,431.7834692941064,13
2024-09-20 15:04:41.096000,431.7609319948047,999
2024-09-20 15:04:41.100000,431.7732987962369,6
2024-09-20 15:04:41.149000,431.771195399826,102
2024-09-20 15:04:41.318000,431.7640641560878,995
2024-09-20 15:04:41.333000,431.73764903247377,105
2024-09-20 15:04:41.431000,431.7312696370618,997
2024-09-20 15:04:41.473000,431.7875646534395,103
2024-09-20 15:04:41.501000,431.7552085045151,105
2024-09-20 15:04:41.507000,431.7389075376082,1000
2024-09-20 15:04:41.555000,431.7567540561518,1005
2024-09-20 15:04:41.559000,431.7227948389717,95
2024-09-20 15:04:41.622000,431.7348999968464,13
2024-09-20 15:04:41.641000,431.7610666260825,95
2024-09-20 15:04:41.695000,431.725428366687,101
2024-09-20 15:04:41.717000,431.7366169428646,9
2024-09-20 15:04:41.773000,431.72904142071934,96
2024-09-20 15:04:41.803000,431.7748242514123,998
2024-09-20 15:04:41.831000,431.7446876009971,1005
2024-09-20 15:04:41.888000,431.7670476786132,13
2024-09-20 15:04:41.894000,431.7540966134854,98
2024-09-20 15:04:41.979000,431.7777761705915,10
2024-09-20 15:04:42.015000,431.7017753078119,8
2024-09-20 15:04:42.268000,431.7135374096549,9
2024-09-20 15:04:42.449000,431.6941067935621,9
2024-09-20 15:04:42.506000,431.7004460167348,103
2024-09-20 15:04:42.643000,431.7035413056692,9
2024-09-20 15:04:42.735000,431.7024566729781,104
2024-09-20 15:04:42.761000,431.6869987232891,1005
2024-09-20 15:04:42.795000,431.71229894688577,15
2024-09-20 15:04:43.004000,431.7591745711908,6
2024-09-20 15:04:43.080000,431.80337041083067,999
2024-09-20 15:04:43.133000,431.815288709515,101
2024-09-20 15:04:43.167000,431.7808186943907,104
2024-09-20 15:04:43.179000,431.7221545041544,15
2024-09-20 15:04:43.186000,431.7946077706634,98
2024-09-20 15:04:43.243000,431.7809240028965,999
2024-09-20 15:04:43.318000,431.8101325846806,5
2024-09-20 15:04:43.325000,431.82287964910086,5
2024-09-20 15:04:43.430000,431.8096298798786,1000
2024-09-20 15:04:43.460000,431.7933944095773,998
2024-09-20 15:04:43.585000,431.8089485744613,1001
2024-09-20 15:04:43.633000,431.7791171674904,97
2024-09-20 15:04:43.679000,431.7877662078769,997
2024-09-20 15:04:43.727000,431.77964775272704,103
2024-09-20 15:04:43.742000,431.8013218136932,8
2024-09-20 15:04:43.744000,431.7896758550131,1003
2024-09-20 15:04:43.765000,431.8232667030808,101
2024-09-20 15:04:43.791000,431.7850099442372,100
2024-09-20 15:04:43.962000,431.79422256208176,14
2024-09-20 15:04:43.985000,431.8029760533816,996
2024-09-20 15:04:44,431.767903262571,1003
2024-09-20 15:04:44.077000,431.75070999130105,997
2024-09-20 15:04:44.095000,431.78940104534456,100
2024-09-20 15:04:44.194000,431.7866701981415,1004
2024-09-20 15:04:44.206000,431.7825300254773,95
2024-09-20 15:04:44.262000,431.77894999320586,999
2024-09-20 15:04:44.276000,431.79079620124577,100
2024-09-20 15:04:44.291000,431.7609692998128,995
2024-09-20 15:04:44.308000,431.7656391348276,102
2024-09-20 15:04:44.313000,431.7596622915399,104
2024-09-20 15:04:44.314000,431.7719903604167,12
2024-09-20 15:04:44.363000,431.7757708686979,998
2024-09-20 15:04:44.441000,431.7761054457823,11
2024-09-20 15:04:44.502000,431.7722584512674,1002
2024-09-20 15:04:44.649000,431.72808881617215,102
2024-09-20 15:04:44.661000,431.7776910129901,101
2024-09-20 15:04:44.678000,431.7515076538579,101
2024-09-20 15:04:44.733000,431.76905357102754,1003
2024-09-20 15:04:44.811000,431.7722622106775,1002
2024-09-20 15:04:44.842000,431.76958598127305,1005
2024-09-20 15:04:44.856000,431.7709599274991,13
2024-09-20 15:04:44.947000,431.77678976948016,104
2024-09-20 15:04:44.964000,431.76848816760406,6
2024-09-20 15:04:44.973000,431.78861024046887,995
2024-09-20 15:04:44.984000,431.7987180312092,996
2024-09-20 15:04:44.989000,431.7944411530437,11
2024-09-20 15:04:45.035000,431.7697548687225,1000
2024-09-20 15:04:45.164000,431.7278841062558,6
2024-09-20 15:04:45.282000,431.7636947086695,5
2024-09-20 15:04:45.383000,431.7585804248614,998
2024-09-20 15:04:45.429000,431.7608128355306,105
2024-09-20 15:04:45.784000,431.7543427169191,5
2024-09-20 15:04:45.837000,431.7414968863701,8
2024-09-20 15:04:45.917000,431.76832217373095,998
2024-09-20 15:04:45.960000,431.76304228060656,14
2024-09-20 15:04:46.018000,431.78608681927886,1005
2024-09-20 15:04:46.186000,431.75836913541553,7
2024-09-20 15:04:46.224000,431.76186102030863,95
2024-09-20 15:04:46.297000,431.80003511027934,1001
2024-09-20 15:04:46.311000,431.76251676965313,1004
2024-09-20 15:04:46.338000,431.7806349963709,95
2024-09-20 15:04:46.460000,431.7847267308786,995
2024-09-20 15:04:46.560000,431.785557747254,11
2024-09-20 15:04:46.744000,431.8061774027146,997
2024-09-20 15:04:46.764000,431.7710278161184,1004
2024-09-20 15:04:47.011000,431.7002746782016,15
2024-09-20 15:04:47.022000,431.7610833310999,1004
2024-09-20 15:04:47.045000,431.80389743991697,6
2024-09-20 15:04:47.088000,431.7116487865365,14
2024-09-20 15:04:47.182000,431.8009057123396,98
2024-09-20 15:04:47.251000,431.69010806413314,6
2024-09-20 15:04:47.268000,431.715518323808,10
2024-09-20 15:04:47.316000,431.7245150982636,96
2024-09-20 15:04:47.330000,431.7494126483186,999
2024-09-20 15:04:47.368000,431.7187746668605,1004
2024-09-20 15:04:47.444000,431.7184769529633,1005
2024-09-20 15:04:47.455000,431.7679448650803,999
2024-09-20 15:04:47.493000,431.7139530894991,14
2024-09-20 15:04:47.506000,431.72344435371167,999
2024-09-20 15:04:47.555000,431.7302935162337,103
2024-09-20 15:04:47.581000,431.719661558448,1001
2024-09-20 15:04:47.592000,431.7408351778501,7
2024-09-20 15:04:47.611000,431.7990400879523,100
2024-09-20 15:04:47.671000,431.7113894542628,6
2024-09-20 15:04:47.671000,431.7692077415956,8
2024-09-20 15:04:47.738000,431.7295346669974,105
2024-09-20 15:04:47.749000,431.7111104634614,95
2024-09-20 15:04:47.835000,431.7233201963626,1005
2024-09-20 15:04:47.842000,431.72300163658775,96
2024-09-20 15:04:47.859000,431.69985513957374,12
2024-09-20 15:04:47.940000,431.71602557937047,96
2024-09-20 15:04:47.987000,431.7225470182473,999
2024-09-20 15:04:47.991000,431.7403646311215,100
2024-09-20 15:04:48.031000,431.73159490179614,998
2024-09-20 15:04:48.062000,431.7008905882163,14
2024-09-20 15:04:48.122000,431.73734459955625,98
2024-09-20 15:04:48.124000,431.73295804041135,8
2024-09-20 15:04:48.136000,431.6977305928343,997
2024-09-20 15:04:48.164000,431.7232115588658,102
2024-09-20 15:04:48.168000,431.74392494858137,8
2024-09-20 15:04:48.174000,431.71874019523847,1001
2024-09-20 15:04:48.183000,431.7123633819404,13
2024-09-20 15:04:48.241000,431.67898285024353,1003
2024-09-20 15:04:48.242000,431.73106227974125,99
2024-09-20 15:04:48.275000,431.67693666682817,100
2024-09-20 15:04:48.413000,431.6798812943642,5
2024-09-20 15:04:48.428000,431.73235702546737,96
2024-09-20 15:04:48.476000,431.7360347773774,996
2024-09-20 15:04:48.476000,431.74744964052127,998
2024-09-20 15:04:48.504000,431.6726060302554,98
2024-09-20 15:04:48.528000,431.6735771588997,996
2024-09-20 15:04:48.535000,431.6814226444556,99
2024-09-20 15:04:48.556000,431.71783476976935,997
2024-09-20 15:04:48.556000,431.732889995989,1003
2024-09-20 15:04:48.660000,431.7360881455408,1000
2024-09-20 15:04:48.786000,431.7167610465152,99
2024-09-20 15:04:48.809000,431.7233010578128,15
2024-09-20 15:04:48.814000,431.7345310808146,10
2024-09-20 15:04:48.878000,431.6700665563733,1000
2024-09-20 15:04:48.899000,431.73151796696897,14
2024-09-20 15:04:48.935000,431.6816820156544,1005
2024-09-20 15:04:48.942000,431.6904816055781,1001
2024-09-20 15:04:49.458000,431.6894433805372,995
2024-09-20 15:04:49.647000,431.68576130050025,102
2024-09-20 15:04:49.690000,423.5672863713237,11
2024-09-20 15:04:50.055000,431.61195231435175,100
2024-09-20 15:04:50.066000,431.5958662246076,997
2024-09-20 15:04:50.151000,431.6363856718763,1001
2024-09-20 15:04:50.183000,431.590526049133,12
2024-09-20 15:04:50.216000,431.5753379458097,96
2024-09-20 15:04:50.220000,431.6258824543697,99
2024-09-20 15:04:50.284000,431.6389902542935,1000
2024-09-20 15:04:50.299000,431.6103506646044,6
2024-09-20 15:04:50.302000,431.6579106146761,9
2024-09-20 15:04:50.385000,431.6161204650289,1002
2024-09-20 15:04:50.497000,431.6046953996147,995
2024-09-20 15:04:50.527000,431.6079557127635,100
2024-09-20 15:04:50.570000,431.59797573773307,13
2024-09-20 15:04:50.609000,431.59013540161885,102
2024-09-20 15:04:50.640000,431.60773870728224,102
2024-09-20 15:04:50.646000,431.6676483450886,7
2024-09-20 15:04:50.727000,431.6015503912832,1002
2024-09-20 15:04:50.745000,431.6412417467258,101
2024-09-20 15:04:50.768000,431.63530216925966,98
2024-09-20 15:04:50.887000,431.6038946366963,98
2024-09-20 15:04:50.888000,431.60615735877616,14
2024-09-20 15:04:50.892000,431.6627499649813,1001
2024-09-20 15:04:50.914000,431.6672088636242,1005
2024-09-20 15:04:51.041000,431.5605396788577,8
2024-09-20 15:04:51.086000,431.5575959671775,104
2024-09-20 15:04:51.120000,431.6362332744122,96
2024-09-20 15:04:51.209000,431.5716900945928,996
2024-09-20 15:04:51.218000,431.61497733988375,104
2024-09-20 15:04:51.256000,431.5627364894978,6
2024-09-20 15:04:51.272000,431.5671034700538,999
2024-09-20 15:04:51.281000,431.6242644875418,104
2024-09-20 15:04:51.293000,431.5763404008309,9
2024-09-20 15:04:51.428000,431.5825531940811,7
2024-09-20 15:04:51.453000,431.5692328891829,10
2024-09-20 15:04:51.521000,431.56991421055096,9
2024-09-20 15:04:51.573000,431.57500673941377,103
2024-09-20 15:04:51.654000,431.569618491009,5
2024-09-20 15:04:51.728000,431.5977440546265,13
2024-09-20 15:04:51.930000,431.5744264754009,14
2024-09-20 15:04:51.948000,431.5740041658471,998
2024-09-20 15:04:51.969000,431.5664890425986,997
2024-09-20 15:04:52.025000,431.6200551504358,995
2024-09-20 15:04:52.155000,431.6102697848256,996
2024-09-20 15:04:52.218000,431.5912954684779,96
2024-09-20 15:04:52.422000,431.6030435465368,1005
2024-09-20 15:04:52.550000,431.6243490173026,103
2024-09-20 15:04:52.626000,431.6215560754058,1002
2024-09-20 15:04:52.640000,431.6111854452235,102
2024-09-20 15:04:52.706000,431.59909366076965,7
2024-09-20 15:04:52.844000,431.5636449779453,7
2024-09-20 15:04:53.033000,431.6313149090665,6
2024-09-20 15:04:53.090000,431.6352597259698,15
2024-09-20 15:04:53.205000,431.6382202728358,14
2024-09-20 15:04:53.233000,431.61272296249166,1000
2024-09-20 15:04:53.468000,431.63374022811183,997
2024-09-20 15:04:53.696000,431.6158758445467,1001
2024-09-20 15:04:53.768000,423.35742162880126,995
2024-09-20 15:04:53.788000,431.6386686554054,1004
2024-09-20 15:04:54.012000,431.6167968201916,997
2024-09-20 15:04:54.053000,431.6144898470281,103
2024-09-20 15:04:54.135000,431.6316279124361,15
2024-09-20 15:04:54.151000,431.6091902437773,998
2024-09-20 15:04:54.178000,431.627567593937,97
2024-09-20 15:04:54.246000,431.638864203584,12
2024-09-20 15:04:54.279000,431.5992677757628,101
2024-09-20 15:04:54.447000,431.6480137158933,998
2024-09-20 15:04:54.500000,431.5936116180762,1004
2024-09-20 15:04:54.553000,431.59580340052935,104
2024-09-20 15:04:54.554000,431.6323951646432,996
2024-09-20 15:04:54.558000,431.6433107142447,14
2024-09-20 15:04:54.607000,431.6299897168163,14
2024-09-20 15:04:54.619000,431.626600653527,11
2024-09-20 15:04:54.652000,431.6433400461767,100
2024-09-20 15:04:54.660000,431.62639815066177,10
2024-09-20 15:04:54.663000,431.63114647223614,996
2024-09-20 15:04:54.694000,431.6338173791745,1005
2024-09-20 15:04:54.705000,431.60573075622943,102
2024-09-20 15:04:54.749000,431.6195623793028,97
2024-09-20 15:04:54.753000,431.6243313753753,1002
2024-09-20 15:04:54.772000,431.63151820602747,103
2024-09-20 15:04:54.924000,431.6237947946773,95
2024-09-20 15:04:54.936000,431.6313141963987,97
2024-09-20 15:04:55.289000,423.3649497723287,9
2024-09-20 15:04:56.006000,431.6362984814922,6
2024-09-20 15:04:56.087000,431.6309771318148,13
2024-09-20 15:04:56.135000,431.64204032377353,11
2024-09-20 15:04:56.161000,431.6520338377767,999
2024-09-20 15:04:56.190000,431.6389086504901,105
2024-09-20 15:04:56.203000,431.6451264016664,1004
2024-09-20 15:04:56.258000,431.64237520586886,997
2024-09-20 15:04:56.292000,431.6278323125632,105
2024-09-20 15:04:56.409000,431.648348782553,14
2024-09-20 15:04:56.526000,431.64555521349394,100
2024-09-20 15:04:56.566000,431.6445221870286,95
2024-09-20 15:04:56.575000,431.6350700116261,12
2024-09-20 15:04:56.669000,431.6612929210253,10
2024-09-20 15:04:56.720000,431.6392207423117,99
2024-09-20 15:04:56.861000,431.6473282083586,1001
2024-09-20 15:04:56.938000,431.6498357110512,5
2024-09-20 15:04:57.010000,431.6175230590128,98
2024-09-20 15:04:57.054000,431.6042554683787,103
2024-09-20 15:04:57.171000,431.5652616932802,15
2024-09-20 15:04:57.190000,431.571016852367,995
2024-09-20 15:04:57.190000,431.5956756092728,1004
2024-09-20 15:04:57.335000,431.5664932340491,999
2024-09-20 15:04:57.486000,431.6333922607585,11
2024-09-20 15:04:57.528000,431.56757670286686,14
2024-09-20 15:04:57.543000,431.6264638672606,104
2024-09-20 15:04:57.601000,431.6035186460401,10
2024-09-20 15:04:57.607000,431.61034945872177,104
2024-09-20 15:04:57.658000,431.5963925254744,98
2024-09-20 15:04:57.760000,431.57612269407616,10
2024-09-20 15:04:57.795000,431.58555285113056,5
2024-09-20 15:04:58.016000,431.54304243775306,96
2024-09-20 15:04:58.021000,431.5836139086724,15
2024-09-20 15:04:58.111000,431.5525214567639,102
2024-09-20 15:04:58.201000,431.5507154268632,10
2024-09-20 15:04:58.207000,431.57541884882,99
2024-09-20 15:04:58.213000,431.5967170985648,100
2024-09-20 15:04:58.336000,431.6111823518859,97
2024-09-20 15:04:58.577000,431.5524167101033,996
2024-09-20 15:04:58.730000,431.5428887647327,998
2024-09-20 15:04:58.836000,431.5535005207559,1004
2024-09-20 15:04:58.879000,431.5579214134274,12
2024-09-20 15:04:58.884000,431.58963311502646,98
2024-09-20 15:04:58.894000,431.53351738213047,99
2024-09-20 15:04:59.124000,431.5420954668824,99
2024-09-20 15:04:59.642000,431.5243188332501,7
