Timestamp,Price,Size
2024-09-17 10:00:00.018000,415.01371791434696,12
2024-09-17 10:00:00.028000,415.0369554243188,997
2024-09-17 10:00:00.318000,415.0394795866801,104
2024-09-17 10:00:00.386000,415.0251797543879,95
2024-09-17 10:00:00.398000,415.0038536825882,1001
2024-09-17 10:00:00.427000,415.0093024654773,995
2024-09-17 10:00:00.571000,415.021171135186,105
2024-09-17 10:00:00.572000,415.0366768953215,6
2024-09-17 10:00:00.897000,415.0204214329728,96
2024-09-17 10:00:00.998000,415.0585321290872,96
2024-09-17 10:00:01.091000,415.10527277683207,14
2024-09-17 10:00:01.117000,415.0151822638825,6
2024-09-17 10:00:01.119000,415.0850833898032,995
2024-09-17 10:00:01.138000,415.04294417931567,103
2024-09-17 10:00:01.181000,415.0281238815127,11
2024-09-17 10:00:01.192000,415.08511929707294,1002
2024-09-17 10:00:01.214000,415.03126233449166,100
2024-09-17 10:00:01.301000,415.0628189521225,1005
2024-09-17 10:00:01.361000,415.0868676540008,102
2024-09-17 10:00:01.468000,415.0213094331178,8
2024-09-17 10:00:01.499000,415.0330902858439,11
2024-09-17 10:00:01.567000,415.086451781868,15
2024-09-17 10:00:01.637000,415.0233812433423,105
2024-09-17 10:00:01.715000,415.06480635598,9
2024-09-17 10:00:01.735000,415.03006114816094,8
2024-09-17 10:00:01.773000,415.03055905499815,1000
2024-09-17 10:00:01.785000,415.01235070549706,100
2024-09-17 10:00:01.788000,415.02784818234176,102
2024-09-17 10:00:01.796000,415.0374321907736,14
2024-09-17 10:00:01.797000,415.03949221059867,5
2024-09-17 10:00:01.803000,415.0163676756051,7
2024-09-17 10:00:01.844000,415.0998493985728,10
2024-09-17 10:00:01.978000,415.039593181828,99
2024-09-17 10:00:01.998000,415.0344249732405,1005
2024-09-17 10:00:02.103000,415.0959301439865,1005
2024-09-17 10:00:02.119000,415.1021315963731,10
2024-09-17 10:00:02.277000,415.1064344368004,102
2024-09-17 10:00:02.553000,415.1213087580245,995
2024-09-17 10:00:02.573000,415.1132585269429,1002
2024-09-17 10:00:02.666000,415.1075438217548,12
2024-09-17 10:00:02.724000,415.113305249397,995
2024-09-17 10:00:02.975000,415.0895467643191,98
2024-09-17 10:00:03.167000,415.1059157805053,14
2024-09-17 10:00:03.246000,415.08904089880576,100
2024-09-17 10:00:03.334000,415.0851541072072,10
2024-09-17 10:00:03.778000,415.1128922202088,14
2024-09-17 10:00:03.898000,415.1051613417908,104
2024-09-17 10:00:03.971000,415.10839126713705,1000
2024-09-17 10:00:04.197000,415.13945617887816,101
2024-09-17 10:00:04.230000,415.1779034765627,8
2024-09-17 10:00:04.347000,415.1259996696775,1004
2024-09-17 10:00:04.390000,415.1734532983249,105
2024-09-17 10:00:04.432000,415.1315525261696,12
2024-09-17 10:00:04.433000,415.18420138867214,7
2024-09-17 10:00:04.587000,415.1588468159002,999
2024-09-17 10:00:04.667000,415.15700784204125,1000
2024-09-17 10:00:04.691000,415.1437112383418,1000
2024-09-17 10:00:04.844000,415.1419243228057,15
2024-09-17 10:00:04.876000,415.1416045526169,8
2024-09-17 10:00:04.905000,415.1499554089753,1001
2024-09-17 10:00:04.951000,415.1576170930272,9
2024-09-17 10:00:04.986000,415.1744009189119,6
2024-09-17 10:00:04.990000,415.1622693363468,9
2024-09-17 10:00:05.076000,415.1467730843349,101
2024-09-17 10:00:05.204000,415.14634822261183,11
2024-09-17 10:00:05.331000,415.1149593498805,1005
2024-09-17 10:00:05.398000,415.1426968258046,5
2024-09-17 10:00:05.443000,415.1188897693031,104
2024-09-17 10:00:05.459000,415.1614254092786,96
2024-09-17 10:00:05.477000,415.1269538512937,102
2024-09-17 10:00:05.584000,415.1553808117239,9
2024-09-17 10:00:05.584000,415.1379175854312,996
2024-09-17 10:00:05.607000,415.132654276006,99
2024-09-17 10:00:05.706000,415.1375744004792,998
2024-09-17 10:00:05.748000,415.1143320291693,999
2024-09-17 10:00:05.776000,415.13082161251873,15
2024-09-17 10:00:05.782000,415.12302383770896,1002
2024-09-17 10:00:05.789000,415.1620636764736,11
2024-09-17 10:00:05.816000,415.1078016170459,9
2024-09-17 10:00:05.859000,415.1304813913674,998
2024-09-17 10:00:06.223000,415.1454975522979,103
2024-09-17 10:00:06.330000,415.161965606587,97
2024-09-17 10:00:07.022000,415.1521512516264,102
2024-09-17 10:00:07.028000,415.14234914618834,98
2024-09-17 10:00:07.046000,415.1129163387335,1000
2024-09-17 10:00:07.377000,415.1408025338303,97
2024-09-17 10:00:07.388000,415.1534257970536,1001
2024-09-17 10:00:07.431000,415.1438337611621,6
2024-09-17 10:00:07.441000,415.1535440861519,10
2024-09-17 10:00:07.472000,415.1793047247679,997
2024-09-17 10:00:07.556000,415.1230661216028,99
2024-09-17 10:00:07.583000,415.156917745472,1001
2024-09-17 10:00:07.627000,415.1629479688144,1003
2024-09-17 10:00:07.660000,415.1844954550573,995
2024-09-17 10:00:07.699000,415.1958191829457,1000
2024-09-17 10:00:07.782000,415.1477284230462,1005
2024-09-17 10:00:07.826000,415.1561457739762,104
2024-09-17 10:00:07.865000,415.10125624950985,7
2024-09-17 10:00:07.948000,415.1151955053905,15
2024-09-17 10:00:07.956000,415.186850171186,1002
2024-09-17 10:00:07.967000,415.13536680237337,12
2024-09-17 10:00:08.030000,415.1429688239407,102
2024-09-17 10:00:08.037000,415.1100098891028,11
2024-09-17 10:00:08.038000,415.136635485456,10
2024-09-17 10:00:08.039000,415.149076332632,1002
2024-09-17 10:00:08.041000,415.15067589663806,999
2024-09-17 10:00:08.091000,415.0998051812936,13
2024-09-17 10:00:08.128000,415.1525577384221,8
2024-09-17 10:00:08.156000,415.09617018770695,13
2024-09-17 10:00:08.180000,415.1455614761013,8
2024-09-17 10:00:08.199000,415.14846436673264,102
2024-09-17 10:00:08.263000,415.15182388087777,98
2024-09-17 10:00:08.385000,415.10792155928425,104
2024-09-17 10:00:08.433000,415.1021238862826,12
2024-09-17 10:00:08.473000,415.1138137433216,1002
2024-09-17 10:00:08.585000,415.14221747500943,11
2024-09-17 10:00:08.763000,415.13540795490064,1000
2024-09-17 10:00:08.825000,415.1523779635863,5
2024-09-17 10:00:08.837000,415.1347239626783,98
2024-09-17 10:00:08.841000,415.0890540547604,9
2024-09-17 10:00:09.076000,415.0929182020614,995
2024-09-17 10:00:09.310000,415.0797852392541,95
2024-09-17 10:00:09.392000,415.0839692637908,103
2024-09-17 10:00:09.393000,415.0815232351397,14
2024-09-17 10:00:09.560000,415.0836564474445,10
2024-09-17 10:00:09.562000,415.0857223476443,99
2024-09-17 10:00:09.732000,415.0923960470657,10
2024-09-17 10:00:09.752000,415.0897851480938,5
2024-09-17 10:00:09.996000,415.080586170556,1004
2024-09-17 10:00:10.063000,415.01698518494857,12
2024-09-17 10:00:10.120000,415.0693200015194,9
2024-09-17 10:00:10.124000,415.0213249974336,1000
2024-09-17 10:00:10.156000,415.04498765964047,96
2024-09-17 10:00:10.173000,415.1064666080912,13
2024-09-17 10:00:10.183000,415.0991410327729,100
2024-09-17 10:00:10.203000,415.0634876456052,7
2024-09-17 10:00:10.210000,415.02431847039287,11
2024-09-17 10:00:10.261000,415.02292188472273,996
2024-09-17 10:00:10.344000,415.0424404963211,8
2024-09-17 10:00:10.381000,415.099076241828,97
2024-09-17 10:00:10.531000,415.1030573870974,6
2024-09-17 10:00:10.644000,415.0948168913816,96
2024-09-17 10:00:10.660000,415.0544954775547,10
2024-09-17 10:00:10.697000,415.1029959343398,99
2024-09-17 10:00:10.802000,415.0802453215729,5
2024-09-17 10:00:10.839000,415.0518904895749,98
2024-09-17 10:00:10.909000,415.00172664560057,11
2024-09-17 10:00:10.946000,415.0803601505476,9
2024-09-17 10:00:10.978000,415.0029845357332,102
2024-09-17 10:00:10.985000,415.0927694304205,15
2024-09-17 10:00:11.060000,414.9309408904501,9
2024-09-17 10:00:11.095000,414.9989879667548,102
2024-09-17 10:00:11.126000,415.0012363597934,996
2024-09-17 10:00:11.267000,414.9515472292314,995
2024-09-17 10:00:11.282000,414.9953827326472,11
2024-09-17 10:00:11.325000,414.921972894206,1003
2024-09-17 10:00:11.359000,414.9228688148731,97
2024-09-17 10:00:11.366000,414.9612669969654,96
2024-09-17 10:00:11.387000,414.92480174931393,1001
2024-09-17 10:00:11.392000,414.9750135606996,1000
2024-09-17 10:00:11.396000,414.9877196646446,1002
2024-09-17 10:00:11.406000,414.9629164375079,6
2024-09-17 10:00:11.418000,414.9683297332151,999
2024-09-17 10:00:11.591000,414.9879522840959,7
2024-09-17 10:00:11.677000,414.9481348178292,15
2024-09-17 10:00:11.715000,414.9510075406921,12
2024-09-17 10:00:11.809000,414.9777467290599,1001
2024-09-17 10:00:11.810000,414.97883461047246,8
2024-09-17 10:00:11.884000,414.9960973475748,105
2024-09-17 10:00:11.896000,414.982782502557,14
2024-09-17 10:00:11.933000,414.9511166942998,102
2024-09-17 10:00:11.936000,414.9937811523361,11
2024-09-17 10:00:11.994000,414.9962071179466,9
2024-09-17 10:00:11.995000,414.9508894259616,98
2024-09-17 10:00:12.036000,415.0096172308371,98
2024-09-17 10:00:12.070000,415.02485485100914,995
2024-09-17 10:00:12.150000,415.00282776800606,11
2024-09-17 10:00:12.169000,414.9771979946785,12
2024-09-17 10:00:12.169000,415.0179594887754,5
2024-09-17 10:00:12.258000,414.99422501755697,998
2024-09-17 10:00:12.336000,414.9918391299709,998
2024-09-17 10:00:12.346000,415.0022076798943,98
2024-09-17 10:00:12.403000,415.0032548823925,97
2024-09-17 10:00:12.416000,414.9448482333103,103
2024-09-17 10:00:12.462000,414.9687021318936,996
2024-09-17 10:00:12.521000,415.0139712812764,996
2024-09-17 10:00:12.524000,415.0005257908284,99
2024-09-17 10:00:12.537000,414.9762196379417,7
2024-09-17 10:00:12.553000,414.9923511171348,102
2024-09-17 10:00:12.628000,415.0214702197087,8
2024-09-17 10:00:12.642000,414.9973252457302,5
2024-09-17 10:00:12.658000,414.9571617490173,101
2024-09-17 10:00:12.684000,414.97520084463184,1002
2024-09-17 10:00:12.726000,414.993145367015,1005
2024-09-17 10:00:12.739000,415.00341560358765,995
2024-09-17 10:00:12.753000,414.9678094549169,97
2024-09-17 10:00:12.836000,414.9670368142285,98
2024-09-17 10:00:12.841000,415.00840974920015,98
2024-09-17 10:00:12.858000,414.9609982632306,11
2024-09-17 10:00:12.932000,414.9742466583021,102
2024-09-17 10:00:13.082000,415.0019861762137,6
2024-09-17 10:00:13.090000,414.9837475397037,1000
2024-09-17 10:00:13.091000,414.98233948924127,7
2024-09-17 10:00:13.098000,415.0278877372056,1000
2024-09-17 10:00:13.099000,415.0050528351069,999
2024-09-17 10:00:13.211000,414.9919121669469,105
2024-09-17 10:00:13.253000,415.0041151943991,104
2024-09-17 10:00:13.291000,414.9934290012457,5
2024-09-17 10:00:13.302000,414.99137431561246,15
2024-09-17 10:00:13.370000,415.01841160774353,99
2024-09-17 10:00:13.389000,415.0241613414261,1003
2024-09-17 10:00:13.390000,414.99295367666247,1002
2024-09-17 10:00:13.423000,415.01829034187966,15
2024-09-17 10:00:13.441000,414.97387005186175,10
2024-09-17 10:00:13.446000,414.9723801696214,103
2024-09-17 10:00:13.533000,415.02104510750473,98
2024-09-17 10:00:13.545000,414.9868778770179,998
2024-09-17 10:00:13.562000,414.9939470351284,999
2024-09-17 10:00:13.652000,414.9718827281241,1001
2024-09-17 10:00:13.656000,415.0005233813404,8
2024-09-17 10:00:13.658000,414.9928861570791,1004
2024-09-17 10:00:13.733000,415.0091929384541,13
2024-09-17 10:00:13.818000,414.9862443673461,8
2024-09-17 10:00:13.836000,414.97355842597455,102
2024-09-17 10:00:13.837000,414.9901119453235,14
2024-09-17 10:00:14.024000,415.017043418314,1005
2024-09-17 10:00:14.025000,414.9915671349856,103
2024-09-17 10:00:14.056000,414.99055976002927,9
2024-09-17 10:00:14.148000,415.0291804888895,15
2024-09-17 10:00:14.257000,415.0141012087221,1003
2024-09-17 10:00:14.265000,415.0031417827942,9
2024-09-17 10:00:14.297000,415.01166077294494,7
2024-09-17 10:00:14.333000,415.01172424014,99
2024-09-17 10:00:14.375000,415.0092978886829,5
2024-09-17 10:00:14.375000,415.0042106544057,14
2024-09-17 10:00:14.411000,415.0213181891244,1004
2024-09-17 10:00:14.414000,415.0201662919183,101
2024-09-17 10:00:14.485000,415.0185567383913,10
2024-09-17 10:00:14.497000,415.0256118629414,995
2024-09-17 10:00:14.725000,414.9737981362842,15
2024-09-17 10:00:14.767000,414.9912660567847,15
2024-09-17 10:00:14.837000,414.9935400567096,14
2024-09-17 10:00:14.882000,414.9919893849971,1005
2024-09-17 10:00:14.884000,415.0065036937849,995
2024-09-17 10:00:14.888000,415.0405049895083,105
2024-09-17 10:00:14.894000,414.9971466422406,5
2024-09-17 10:00:15.051000,415.0837900802591,1005
2024-09-17 10:00:15.068000,415.087754444687,996
2024-09-17 10:00:15.135000,415.0364223475413,1004
2024-09-17 10:00:15.310000,415.0810343074981,999
2024-09-17 10:00:15.312000,415.11133032789263,15
2024-09-17 10:00:15.653000,415.0218366796854,101
2024-09-17 10:00:15.706000,415.0954208274764,103
2024-09-17 10:00:15.730000,415.03496480425696,101
2024-09-17 10:00:15.787000,415.0933995890194,98
2024-09-17 10:00:15.847000,415.07346437308144,102
2024-09-17 10:00:15.852000,415.0818702977192,7
2024-09-17 10:00:15.857000,415.1093727747652,9
2024-09-17 10:00:15.911000,415.0440215333553,1000
2024-09-17 10:00:15.944000,415.04595364261945,100
2024-09-17 10:00:15.956000,415.069545463402,102
2024-09-17 10:00:16.347000,415.1135529106402,102
2024-09-17 10:00:16.386000,415.0985638288168,996
2024-09-17 10:00:17.043000,415.081190525107,1005
2024-09-17 10:00:17.089000,415.0837189671837,7
2024-09-17 10:00:17.224000,415.10268948951153,105
2024-09-17 10:00:17.309000,415.0858423056277,998
2024-09-17 10:00:17.340000,415.115000097184,8
2024-09-17 10:00:17.366000,415.0914947859421,104
2024-09-17 10:00:17.551000,415.07464931993616,10
2024-09-17 10:00:17.670000,415.0868891457649,1004
2024-09-17 10:00:17.720000,415.07686327921726,11
2024-09-17 10:00:17.833000,415.0780824335156,101
2024-09-17 10:00:18.025000,415.0559211097435,11
2024-09-17 10:00:18.038000,415.0226703000308,102
2024-09-17 10:00:18.068000,415.10898836880045,104
2024-09-17 10:00:18.078000,415.0201725553599,1002
2024-09-17 10:00:18.102000,415.11964108806217,13
2024-09-17 10:00:18.109000,415.0261780257837,13
2024-09-17 10:00:18.131000,415.09311913722325,996
2024-09-17 10:00:18.176000,415.0514063406087,1003
2024-09-17 10:00:18.183000,415.12380563593,95
2024-09-17 10:00:18.188000,415.0417859018265,6
2024-09-17 10:00:18.236000,415.0140750953898,7
2024-09-17 10:00:18.244000,415.05704383390633,14
2024-09-17 10:00:18.252000,415.078563583541,8
2024-09-17 10:00:18.296000,415.0590575659175,1001
2024-09-17 10:00:18.350000,415.0337068518321,98
2024-09-17 10:00:18.469000,415.0313119291787,13
2024-09-17 10:00:18.487000,415.0392746085823,96
2024-09-17 10:00:18.551000,415.10717527870895,8
2024-09-17 10:00:18.590000,415.050309386331,1004
2024-09-17 10:00:18.683000,415.10094347856057,14
2024-09-17 10:00:18.701000,415.0025549032417,100
2024-09-17 10:00:18.718000,415.04606748337306,99
2024-09-17 10:00:18.791000,415.0020923204936,98
2024-09-17 10:00:18.904000,415.028530794677,104
2024-09-17 10:00:19.081000,414.99854645795335,104
2024-09-17 10:00:19.159000,415.005788264783,1004
2024-09-17 10:00:19.304000,415.0138271922295,104
2024-09-17 10:00:19.309000,415.0270521023058,98
2024-09-17 10:00:19.706000,415.0177374265699,9
2024-09-17 10:00:19.753000,414.99560122094607,12
2024-09-17 10:00:19.759000,414.98406667820814,102
2024-09-17 10:00:19.827000,414.9987504288408,102
2024-09-17 10:00:19.952000,415.0203516748172,15
2024-09-17 10:00:20.001000,414.9840920450893,101
2024-09-17 10:00:20.021000,414.97205808755086,12
2024-09-17 10:00:20.045000,415.0139527336955,1002
2024-09-17 10:00:20.094000,415.0100106155479,10
2024-09-17 10:00:20.184000,414.9828167476868,1005
2024-09-17 10:00:20.196000,415.0332615838608,104
2024-09-17 10:00:20.439000,415.0337992631376,999
2024-09-17 10:00:20.444000,415.0337811157831,998
2024-09-17 10:00:20.483000,415.0176114007349,103
2024-09-17 10:00:20.504000,414.9826462307323,98
2024-09-17 10:00:20.512000,415.04078012872776,1005
2024-09-17 10:00:20.692000,414.9921532505324,97
2024-09-17 10:00:20.757000,414.9682701822052,999
2024-09-17 10:00:20.860000,414.98671043695015,14
2024-09-17 10:00:20.986000,414.9821492841535,99
2024-09-17 10:00:21.039000,415.01657684527095,1003
2024-09-17 10:00:21.248000,414.97208407166937,100
2024-09-17 10:00:21.262000,414.9973633732204,11
2024-09-17 10:00:21.619000,414.96485749825314,104
2024-09-17 10:00:21.763000,414.9605764791862,1003
2024-09-17 10:00:21.910000,414.9596852876894,1000
2024-09-17 10:00:21.963000,414.9661540929081,104
2024-09-17 10:00:22.336000,414.9803042450008,13
2024-09-17 10:00:22.459000,414.9601413835828,100
2024-09-17 10:00:22.520000,415.0018505201585,8
2024-09-17 10:00:22.668000,414.9702936622037,6
2024-09-17 10:00:22.750000,414.9965833071725,1003
2024-09-17 10:00:22.791000,414.98440733957983,99
2024-09-17 10:00:22.874000,414.9559225369552,7
2024-09-17 10:00:22.978000,414.9738619289297,99
2024-09-17 10:00:23.065000,415.000185590971,996
2024-09-17 10:00:23.245000,414.9807886422301,99
2024-09-17 10:00:23.286000,414.9764367601907,9
2024-09-17 10:00:23.390000,414.9872497059658,104
2024-09-17 10:00:23.450000,414.9903798005946,5
2024-09-17 10:00:23.462000,414.9697975346453,12
2024-09-17 10:00:23.511000,414.9519039355352,15
2024-09-17 10:00:23.644000,414.9802128298922,996
2024-09-17 10:00:23.722000,414.9589002618848,97
2024-09-17 10:00:23.760000,415.010739600806,95
2024-09-17 10:00:23.766000,414.969213304181,995
2024-09-17 10:00:23.878000,414.9943226676368,5
2024-09-17 10:00:23.912000,414.9753018364359,100
2024-09-17 10:00:24.010000,415.0243327074753,1001
2024-09-17 10:00:24.094000,415.04541551706734,11
2024-09-17 10:00:24.278000,415.0875290163192,1000
2024-09-17 10:00:24.377000,415.0988004513857,998
2024-09-17 10:00:24.489000,414.99256624727786,1004
2024-09-17 10:00:24.550000,415.0400706325569,1000
2024-09-17 10:00:24.583000,415.02632509070816,1005
2024-09-17 10:00:24.647000,415.0810604758315,99
2024-09-17 10:00:24.655000,415.0773857486087,97
2024-09-17 10:00:24.686000,415.052921485248,996
2024-09-17 10:00:24.734000,415.05385765911024,105
2024-09-17 10:00:24.739000,415.08796970626935,99
2024-09-17 10:00:24.763000,415.0786694141128,998
2024-09-17 10:00:24.799000,415.0378594944772,104
2024-09-17 10:00:24.809000,415.04666991973113,101
2024-09-17 10:00:24.844000,415.02867942840606,7
2024-09-17 10:00:24.954000,415.095601708708,7
2024-09-17 10:00:24.993000,415.0206230689991,11
2024-09-17 10:00:25.546000,415.0895650715433,103
2024-09-17 10:00:25.901000,415.085477362685,5
2024-09-17 10:00:26.259000,415.0988786143421,5
2024-09-17 10:00:26.711000,415.076458304007,12
2024-09-17 10:00:26.792000,415.05923535803214,999
2024-09-17 10:00:27.023000,415.1947110831903,98
2024-09-17 10:00:27.025000,415.1208076807996,1004
2024-09-17 10:00:27.072000,415.1932319940756,6
2024-09-17 10:00:27.123000,415.1053724519071,101
2024-09-17 10:00:27.149000,415.1926447524292,998
2024-09-17 10:00:27.186000,415.12005473724025,101
2024-09-17 10:00:27.350000,415.1978404406637,6
2024-09-17 10:00:27.367000,415.0909395048812,1003
2024-09-17 10:00:27.397000,415.0963705057235,6
2024-09-17 10:00:27.401000,415.1546301675194,995
2024-09-17 10:00:27.434000,415.0794553364309,96
2024-09-17 10:00:27.506000,415.08486212606937,97
2024-09-17 10:00:27.550000,415.0885546178038,6
2024-09-17 10:00:27.577000,415.1287467649358,12
2024-09-17 10:00:27.588000,415.0688792796949,105
2024-09-17 10:00:27.659000,415.1033301116829,996
2024-09-17 10:00:27.722000,415.1830716320149,1001
2024-09-17 10:00:27.733000,415.0798771352089,9
2024-09-17 10:00:27.810000,415.06408886033336,102
2024-09-17 10:00:27.843000,415.1384635523084,105
2024-09-17 10:00:27.856000,415.1019565721356,99
2024-09-17 10:00:27.860000,415.0898661649749,1001
2024-09-17 10:00:27.897000,415.1117565656739,8
2024-09-17 10:00:27.948000,415.1656744548996,13
2024-09-17 10:00:27.956000,415.18947613338526,101
2024-09-17 10:00:27.972000,415.0987958614006,1004
2024-09-17 10:00:28.256000,415.1453557883376,105
2024-09-17 10:00:28.341000,415.1523057085538,1002
2024-09-17 10:00:28.368000,415.1680485916038,996
2024-09-17 10:00:28.420000,415.1725972308069,98
2024-09-17 10:00:28.470000,415.17808263762527,100
2024-09-17 10:00:28.500000,415.1669848933065,103
2024-09-17 10:00:28.567000,415.16094076664007,10
2024-09-17 10:00:28.610000,415.20722161056847,98
2024-09-17 10:00:28.857000,415.1693530921313,99
2024-09-17 10:00:28.916000,415.19456266884407,1002
2024-09-17 10:00:28.941000,415.1692185690762,1001
2024-09-17 10:00:28.981000,415.1998419777856,12
2024-09-17 10:00:29.030000,415.186264177493,999
2024-09-17 10:00:29.141000,415.19241986499947,102
2024-09-17 10:00:29.170000,415.1706078749276,1005
2024-09-17 10:00:29.226000,415.1849809397911,13
2024-09-17 10:00:29.266000,415.1788964690512,103
2024-09-17 10:00:29.300000,415.2138637178495,101
2024-09-17 10:00:29.312000,415.1794362862376,1005
2024-09-17 10:00:29.452000,415.1653908505533,1005
2024-09-17 10:00:29.529000,415.21660092221424,12
2024-09-17 10:00:29.748000,415.192187907527,5
2024-09-17 10:00:29.901000,415.20406369604143,1003
2024-09-17 10:00:30.058000,415.1847473370488,103
2024-09-17 10:00:30.099000,415.21940344503,1000
2024-09-17 10:00:30.170000,415.2030589976967,1003
2024-09-17 10:00:30.228000,415.2035907482376,1004
2024-09-17 10:00:30.247000,415.20048076088233,95
2024-09-17 10:00:30.271000,415.2223568210487,103
2024-09-17 10:00:30.273000,415.1798982305078,1003
2024-09-17 10:00:30.430000,415.2148604112018,1001
2024-09-17 10:00:30.443000,415.18434861279474,5
2024-09-17 10:00:30.450000,415.2304954236466,999
2024-09-17 10:00:30.472000,415.2011586459623,12
2024-09-17 10:00:30.553000,415.20667348846206,12
2024-09-17 10:00:30.560000,415.1935998513496,999
2024-09-17 10:00:30.565000,415.2066420749716,5
2024-09-17 10:00:30.611000,415.1906966592324,97
2024-09-17 10:00:30.619000,415.2046526623129,104
2024-09-17 10:00:30.833000,415.1750626394677,95
2024-09-17 10:00:30.839000,415.2031722277682,13
2024-09-17 10:00:30.890000,415.2040543027045,9
2024-09-17 10:00:30.953000,415.1884415922529,103
2024-09-17 10:00:31.130000,415.23504469274815,99
2024-09-17 10:00:31.171000,415.2595271047029,12
2024-09-17 10:00:31.245000,415.2594969033472,15
2024-09-17 10:00:31.286000,415.2669423153023,105
2024-09-17 10:00:31.527000,415.2525153570648,105
2024-09-17 10:00:31.677000,415.2514608396386,102
2024-09-17 10:00:31.779000,415.25343244838274,1001
2024-09-17 10:00:31.802000,415.2422196499146,998
2024-09-17 10:00:32.013000,415.30451526437054,95
2024-09-17 10:00:32.066000,415.265172294451,995
2024-09-17 10:00:32.074000,415.3049268668876,998
2024-09-17 10:00:32.176000,415.33486906199727,1002
2024-09-17 10:00:32.221000,415.24491063865366,102
2024-09-17 10:00:32.225000,415.3072628334429,998
2024-09-17 10:00:32.310000,415.2840737192648,5
2024-09-17 10:00:32.328000,415.2767360757148,11
2024-09-17 10:00:32.351000,415.299046398568,98
2024-09-17 10:00:32.364000,415.2871495121942,102
2024-09-17 10:00:32.398000,415.2808950601881,1002
2024-09-17 10:00:32.412000,415.3196820632977,1005
2024-09-17 10:00:32.446000,415.23858176824143,96
2024-09-17 10:00:32.474000,415.2787253283292,99
2024-09-17 10:00:32.514000,415.2359702852799,6
2024-09-17 10:00:32.563000,415.2612180157221,11
2024-09-17 10:00:32.630000,415.2654164238344,1005
2024-09-17 10:00:32.638000,415.3087698928165,101
2024-09-17 10:00:32.642000,415.261051252892,1001
2024-09-17 10:00:32.651000,415.2775882059426,10
2024-09-17 10:00:32.739000,415.25753123083007,11
2024-09-17 10:00:32.791000,415.2606971178337,14
2024-09-17 10:00:32.943000,415.2526594844754,103
2024-09-17 10:00:32.978000,415.2804408907569,105
2024-09-17 10:00:33.148000,415.4001608106745,1002
2024-09-17 10:00:33.280000,415.3754425852212,1004
2024-09-17 10:00:33.300000,415.3767581221704,15
2024-09-17 10:00:33.318000,415.3751382264308,11
2024-09-17 10:00:33.347000,415.3815848781733,103
2024-09-17 10:00:33.396000,415.3745103159149,15
2024-09-17 10:00:33.480000,415.3722284651287,103
2024-09-17 10:00:33.516000,415.3822490474012,6
2024-09-17 10:00:33.582000,415.396158339076,12
2024-09-17 10:00:33.825000,415.3942530281049,13
2024-09-17 10:00:33.848000,415.38267845248896,9
2024-09-17 10:00:33.848000,415.3585021355392,1002
2024-09-17 10:00:33.880000,415.3877692830305,102
2024-09-17 10:00:34.016000,415.3540338417165,997
2024-09-17 10:00:34.125000,415.2799052364391,7
2024-09-17 10:00:34.149000,415.3795089421033,5
2024-09-17 10:00:34.244000,415.3699195514519,6
2024-09-17 10:00:34.413000,415.3658452601657,95
2024-09-17 10:00:34.437000,415.3167133858415,997
2024-09-17 10:00:34.439000,415.3708518995013,13
2024-09-17 10:00:34.466000,415.3264067748322,100
2024-09-17 10:00:34.500000,415.3793409904284,995
2024-09-17 10:00:34.696000,415.3609143534797,10
2024-09-17 10:00:34.719000,415.2670448913177,99
2024-09-17 10:00:34.730000,415.3225767826653,95
2024-09-17 10:00:34.732000,415.2750745305602,101
2024-09-17 10:00:34.765000,415.310614440948,12
2024-09-17 10:00:34.850000,415.3170936815178,105
2024-09-17 10:00:34.860000,415.28955021608414,14
2024-09-17 10:00:34.875000,415.3095713795533,1002
2024-09-17 10:00:34.990000,415.3306501907315,15
2024-09-17 10:00:35.106000,415.30143670712727,999
2024-09-17 10:00:35.124000,415.3014449440848,6
2024-09-17 10:00:35.179000,415.3156942768872,8
2024-09-17 10:00:35.500000,415.292427996669,996
2024-09-17 10:00:35.815000,415.303963791548,9
2024-09-17 10:00:35.933000,415.29327871727753,1000
2024-09-17 10:00:36.007000,415.2997140031389,12
2024-09-17 10:00:36.186000,415.3481675222154,997
2024-09-17 10:00:36.261000,415.2826367078958,105
2024-09-17 10:00:36.278000,415.27455288013465,13
2024-09-17 10:00:36.323000,415.3019423576205,9
2024-09-17 10:00:36.355000,415.2719896729296,11
2024-09-17 10:00:36.403000,415.36305593249136,13
2024-09-17 10:00:36.607000,415.3327415289815,98
2024-09-17 10:00:36.621000,415.2652023275012,8
2024-09-17 10:00:36.657000,415.3459555841155,6
2024-09-17 10:00:36.681000,415.2965847971696,13
2024-09-17 10:00:36.682000,415.3628631218824,1000
2024-09-17 10:00:36.714000,415.31096332078624,8
2024-09-17 10:00:36.783000,415.2913221623913,8
2024-09-17 10:00:36.881000,415.3036172146116,1002
2024-09-17 10:00:37.002000,415.33051886693727,995
2024-09-17 10:00:37.042000,415.3161517285956,103
2024-09-17 10:00:37.066000,415.31428832251993,103
2024-09-17 10:00:37.089000,415.317218106771,102
2024-09-17 10:00:37.121000,415.2964504633304,97
2024-09-17 10:00:37.193000,415.3597256709405,98
2024-09-17 10:00:37.204000,415.3355282639486,1004
2024-09-17 10:00:37.315000,415.3400463785234,1000
2024-09-17 10:00:37.359000,415.34806756612863,995
2024-09-17 10:00:37.409000,415.3001010057573,9
2024-09-17 10:00:37.421000,415.3094484574393,102
2024-09-17 10:00:37.461000,415.2967731894095,13
2024-09-17 10:00:37.538000,415.3344774031993,100
2024-09-17 10:00:37.549000,415.3102892314079,101
2024-09-17 10:00:37.633000,415.2891137083543,101
2024-09-17 10:00:37.730000,415.3179433328321,999
2024-09-17 10:00:37.734000,415.34865241816345,1001
2024-09-17 10:00:37.844000,415.28240073704177,103
2024-09-17 10:00:37.898000,415.3122283014482,1001
2024-09-17 10:00:37.921000,415.3307967953848,8
2024-09-17 10:00:37.964000,415.3305121297426,9
2024-09-17 10:00:38.059000,415.32503161255977,96
2024-09-17 10:00:38.070000,415.3114791517402,97
2024-09-17 10:00:38.134000,415.2874003053228,5
2024-09-17 10:00:38.161000,415.2698385331358,1002
2024-09-17 10:00:38.190000,415.3540934266965,998
2024-09-17 10:00:38.219000,415.2773510455416,996
2024-09-17 10:00:38.261000,415.322084790761,7
2024-09-17 10:00:38.276000,415.2576071199103,998
2024-09-17 10:00:38.296000,415.35396054690153,997
2024-09-17 10:00:38.316000,415.26782407144935,7
2024-09-17 10:00:38.358000,415.3115792386164,996
2024-09-17 10:00:38.386000,415.265561925301,997
2024-09-17 10:00:38.400000,415.2584974717303,11
2024-09-17 10:00:38.408000,415.24870423822944,105
2024-09-17 10:00:38.447000,415.30648150863794,95
2024-09-17 10:00:38.463000,415.2861535545716,96
2024-09-17 10:00:38.471000,415.2678424835672,998
2024-09-17 10:00:38.567000,415.27221041272185,102
2024-09-17 10:00:38.596000,415.29903685186576,12
2024-09-17 10:00:38.645000,415.273076903276,5
2024-09-17 10:00:38.699000,415.2900892795727,96
2024-09-17 10:00:38.715000,415.2728714682562,9
2024-09-17 10:00:38.729000,415.3330107369976,102
2024-09-17 10:00:38.752000,415.2873362526813,999
2024-09-17 10:00:38.783000,415.301973902475,8
2024-09-17 10:00:38.845000,415.2838989734838,13
2024-09-17 10:00:38.902000,415.3412580878365,98
2024-09-17 10:00:38.932000,415.2735523988176,15
2024-09-17 10:00:38.974000,415.2520979062476,11
2024-09-17 10:00:38.980000,415.25838009220456,97
2024-09-17 10:00:39.085000,415.3459227939084,104
2024-09-17 10:00:39.087000,415.3508883562961,995
2024-09-17 10:00:39.191000,415.3446427194566,997
2024-09-17 10:00:39.332000,415.33226417777087,998
2024-09-17 10:00:39.334000,415.3476217304487,5
2024-09-17 10:00:39.464000,415.3416010535487,11
2024-09-17 10:00:39.559000,415.34859573109696,5
2024-09-17 10:00:39.570000,415.3483368820026,102
2024-09-17 10:00:39.704000,415.3598884277906,5
2024-09-17 10:00:39.706000,415.3663884940109,1005
2024-09-17 10:00:39.712000,415.3642448105409,1000
2024-09-17 10:00:39.729000,415.35198181857777,1003
2024-09-17 10:00:39.752000,415.3335832973515,1002
2024-09-17 10:00:39.757000,415.355172675018,100
2024-09-17 10:00:39.778000,415.3448530076204,14
2024-09-17 10:00:39.784000,415.32723743177576,12
2024-09-17 10:00:39.859000,415.34527034185805,102
2024-09-17 10:00:39.908000,415.3447096413949,13
2024-09-17 10:00:40.425000,415.3477193701711,6
2024-09-17 10:00:40.493000,415.35449972023264,1002
2024-09-17 10:00:40.551000,415.36520976667487,1001
2024-09-17 10:00:40.909000,415.3468355742207,14
2024-09-17 10:00:41.021000,415.3306007447874,10
2024-09-17 10:00:41.032000,415.357694976956,13
2024-09-17 10:00:41.043000,415.36989515132143,995
2024-09-17 10:00:41.107000,415.3427033560209,1004
2024-09-17 10:00:41.117000,415.349140012032,7
2024-09-17 10:00:41.160000,415.35845874598544,9
2024-09-17 10:00:41.247000,415.3861623900577,6
2024-09-17 10:00:41.298000,415.3470798676001,103
2024-09-17 10:00:41.344000,415.37449267693313,996
2024-09-17 10:00:41.411000,415.374767989249,104
2024-09-17 10:00:41.443000,415.3305241228618,97
2024-09-17 10:00:41.451000,415.3547942176663,6
2024-09-17 10:00:41.457000,415.33426316174274,10
2024-09-17 10:00:41.484000,415.3230141159077,7
2024-09-17 10:00:41.488000,415.32834127073465,997
2024-09-17 10:00:41.490000,415.33581636099774,999
2024-09-17 10:00:41.534000,415.3475154741778,1000
2024-09-17 10:00:41.549000,415.3688472056387,14
2024-09-17 10:00:41.589000,415.34921763097327,1002
2024-09-17 10:00:41.700000,415.38529495938417,995
2024-09-17 10:00:41.702000,415.36826941322414,997
2024-09-17 10:00:41.703000,415.36744959279366,105
2024-09-17 10:00:41.763000,415.3564961167901,6
2024-09-17 10:00:41.794000,415.3613628233585,103
2024-09-17 10:00:41.903000,415.3254956651775,102
2024-09-17 10:00:41.909000,415.3839762812143,1005
2024-09-17 10:00:41.938000,415.3563647817363,15
2024-09-17 10:00:41.947000,415.3371760860887,7
2024-09-17 10:00:41.972000,415.3567103458766,1003
2024-09-17 10:00:42.011000,415.3655565812567,14
2024-09-17 10:00:42.020000,415.3581512268319,95
2024-09-17 10:00:42.096000,415.3373031857508,6
2024-09-17 10:00:42.101000,415.3333360430488,1005
2024-09-17 10:00:42.217000,415.3231570978918,105
2024-09-17 10:00:42.234000,415.3617573483568,997
2024-09-17 10:00:42.235000,415.3775647660379,995
2024-09-17 10:00:42.304000,415.3425527457082,97
2024-09-17 10:00:42.338000,415.364057916521,1005
2024-09-17 10:00:42.395000,415.3855405171383,5
2024-09-17 10:00:42.410000,415.3660763393828,96
2024-09-17 10:00:42.419000,415.34147210689207,999
2024-09-17 10:00:42.444000,415.33918273936246,997
2024-09-17 10:00:42.457000,415.3891402201361,9
2024-09-17 10:00:42.473000,415.3683906559513,999
2024-09-17 10:00:42.484000,415.3261856998511,995
2024-09-17 10:00:42.508000,415.358172411117,999
2024-09-17 10:00:42.516000,415.3495448376104,1001
2024-09-17 10:00:42.540000,415.3357466271319,7
2024-09-17 10:00:42.561000,415.3871464932491,999
2024-09-17 10:00:42.576000,415.3741950853656,105
2024-09-17 10:00:42.602000,415.3525044539338,1001
2024-09-17 10:00:42.609000,415.3710126455621,997
2024-09-17 10:00:42.614000,415.33358327462673,7
2024-09-17 10:00:42.614000,415.3381790178896,999
2024-09-17 10:00:42.706000,415.3782916953344,97
2024-09-17 10:00:42.887000,415.34170231284776,1000
2024-09-17 10:00:42.924000,415.380193866838,999
2024-09-17 10:00:42.998000,415.3594339116802,9
2024-09-17 10:00:43.108000,415.3872700785456,996
2024-09-17 10:00:43.312000,415.3741373458741,10
2024-09-17 10:00:43.346000,415.3427611073653,1001
2024-09-17 10:00:43.373000,415.3505308278206,15
2024-09-17 10:00:43.559000,415.35523027039807,12
2024-09-17 10:00:43.600000,415.3650368805727,14
2024-09-17 10:00:43.927000,415.3610296397754,1001
2024-09-17 10:00:43.971000,415.3435025681432,99
2024-09-17 10:00:43.999000,415.3556935757462,1005
2024-09-17 10:00:44.067000,415.36031980546136,1000
2024-09-17 10:00:44.067000,415.3879163937232,13
2024-09-17 10:00:44.130000,415.3804724156842,996
2024-09-17 10:00:44.144000,415.3732180013623,105
2024-09-17 10:00:44.193000,415.3785644657539,1005
2024-09-17 10:00:44.309000,415.3689816705741,996
2024-09-17 10:00:44.378000,415.41759243273657,1000
2024-09-17 10:00:44.409000,415.4227378057295,99
2024-09-17 10:00:44.430000,415.3608163647139,1003
2024-09-17 10:00:44.468000,415.3608740691373,96
2024-09-17 10:00:44.490000,415.3994351775358,998
2024-09-17 10:00:44.549000,415.3816426559141,102
2024-09-17 10:00:44.642000,415.3791913314798,9
2024-09-17 10:00:44.683000,415.41980356519326,102
2024-09-17 10:00:44.708000,415.35974610150765,7
2024-09-17 10:00:44.746000,415.4023889417712,11
2024-09-17 10:00:44.871000,415.41492214495366,101
2024-09-17 10:00:45.029000,415.3467773779276,1005
2024-09-17 10:00:45.442000,415.35384442769663,11
2024-09-17 10:00:45.528000,415.36159609211376,1001
2024-09-17 10:00:45.577000,415.36448064325367,7
2024-09-17 10:00:45.591000,415.35380452180175,8
2024-09-17 10:00:45.695000,415.35199703912735,6
2024-09-17 10:00:45.733000,415.343909540002,1005
2024-09-17 10:00:45.816000,415.3274515959077,103
2024-09-17 10:00:45.854000,415.35770827141255,98
2024-09-17 10:00:45.967000,415.3326168604008,99
2024-09-17 10:00:46.007000,415.3327342708313,999
2024-09-17 10:00:46.056000,415.3513879896378,97
2024-09-17 10:00:46.244000,415.3356299859181,995
2024-09-17 10:00:46.295000,415.3411215228604,1003
2024-09-17 10:00:46.695000,415.33058682646447,104
2024-09-17 10:00:46.872000,415.3383461677493,6
2024-09-17 10:00:47.014000,415.2948679921638,97
2024-09-17 10:00:47.139000,415.2925930825588,999
2024-09-17 10:00:47.308000,415.3388933463723,10
2024-09-17 10:00:47.432000,415.3469703153023,12
2024-09-17 10:00:47.474000,415.2915654846212,104
2024-09-17 10:00:47.501000,415.3521935127645,5
2024-09-17 10:00:47.608000,415.3308548851872,105
2024-09-17 10:00:47.665000,415.34489659856513,8
2024-09-17 10:00:47.711000,415.3416160440688,99
2024-09-17 10:00:47.720000,415.29300882766415,999
2024-09-17 10:00:47.773000,415.32994324790434,7
2024-09-17 10:00:47.843000,415.3277289367936,101
2024-09-17 10:00:48.196000,415.280046777771,1005
2024-09-17 10:00:48.233000,415.2850238839206,1003
2024-09-17 10:00:48.233000,415.2970344500689,6
2024-09-17 10:00:48.319000,415.3125839136049,1003
2024-09-17 10:00:48.322000,415.3024932870387,98
2024-09-17 10:00:48.349000,415.2854689947425,14
2024-09-17 10:00:48.368000,415.2938997142335,11
2024-09-17 10:00:48.421000,415.28918432688994,12
2024-09-17 10:00:48.431000,415.2748884838974,995
2024-09-17 10:00:48.451000,415.26436587242085,10
2024-09-17 10:00:48.592000,415.2863967369166,95
2024-09-17 10:00:48.693000,415.2798286563933,1004
2024-09-17 10:00:48.712000,415.287981448814,1005
2024-09-17 10:00:48.828000,415.2972095638163,1003
2024-09-17 10:00:48.912000,415.2971143132762,100
2024-09-17 10:00:48.924000,415.27742213991735,103
2024-09-17 10:00:48.925000,415.3063492397663,7
2024-09-17 10:00:48.952000,415.2896621133035,13
2024-09-17 10:00:48.952000,415.2907540693705,9
2024-09-17 10:00:49.012000,415.3045200451664,11
2024-09-17 10:00:49.133000,415.2831590712784,1000
2024-09-17 10:00:49.189000,415.32561816078896,996
2024-09-17 10:00:49.238000,415.331621059489,1003
2024-09-17 10:00:49.337000,415.3184017047459,1003
2024-09-17 10:00:49.339000,415.2959623522504,105
2024-09-17 10:00:49.350000,415.3116228147835,98
2024-09-17 10:00:49.405000,415.3253452951823,13
2024-09-17 10:00:49.443000,415.3286913861048,102
2024-09-17 10:00:49.568000,415.298479762606,100
2024-09-17 10:00:49.651000,415.32225407028574,1003
2024-09-17 10:00:49.669000,415.3017269963773,996
2024-09-17 10:00:49.705000,415.30404309330606,95
2024-09-17 10:00:49.736000,415.2649418929083,9
2024-09-17 10:00:49.786000,415.2900245370883,997
2024-09-17 10:00:49.797000,415.282927851142,8
2024-09-17 10:00:49.902000,415.3331059852331,7
2024-09-17 10:00:50.009000,415.26592042808414,96
2024-09-17 10:00:50.131000,415.2992416743677,14
2024-09-17 10:00:50.162000,415.30269178598434,9
2024-09-17 10:00:50.203000,415.2868394229881,997
2024-09-17 10:00:50.203000,415.2815174303982,1000
2024-09-17 10:00:50.672000,415.2901412864636,997
2024-09-17 10:00:50.706000,415.29441790090976,101
2024-09-17 10:00:50.773000,415.2838915218608,97
2024-09-17 10:00:50.791000,415.2809016311808,105
2024-09-17 10:00:50.939000,415.2956256772162,102
2024-09-17 10:00:51.018000,415.2796101315773,1004
2024-09-17 10:00:51.029000,415.2908788333032,100
2024-09-17 10:00:51.124000,415.2958709370609,998
2024-09-17 10:00:51.173000,415.2959219679794,6
2024-09-17 10:00:51.190000,415.3335132024673,998
2024-09-17 10:00:51.243000,415.2797891361336,101
2024-09-17 10:00:51.262000,415.3096741936213,1002
2024-09-17 10:00:51.401000,415.27090317939343,97
2024-09-17 10:00:51.427000,415.3237667334437,996
2024-09-17 10:00:51.427000,415.33868365103945,100
2024-09-17 10:00:51.434000,415.2791983689727,1000
2024-09-17 10:00:51.437000,415.3155722349888,14
2024-09-17 10:00:51.538000,415.3060747794252,9
2024-09-17 10:00:51.548000,415.2830135539382,1002
2024-09-17 10:00:51.634000,415.30943318875205,998
2024-09-17 10:00:51.667000,415.3005436108549,14
2024-09-17 10:00:51.678000,415.3159429071967,97
2024-09-17 10:00:51.797000,415.317562829614,98
2024-09-17 10:00:51.870000,415.31881772864426,102
2024-09-17 10:00:51.874000,415.2934975388935,1000
2024-09-17 10:00:51.990000,415.3390552460884,10
2024-09-17 10:00:52.005000,415.33788558556085,95
2024-09-17 10:00:52.028000,415.34974744637657,1003
2024-09-17 10:00:52.309000,415.3605008289479,1001
2024-09-17 10:00:52.323000,415.3340557484371,1000
2024-09-17 10:00:52.324000,415.312753659178,1005
2024-09-17 10:00:52.355000,415.38051955182647,96
2024-09-17 10:00:52.427000,415.3353234517295,1005
2024-09-17 10:00:52.438000,415.3255031594853,999
2024-09-17 10:00:52.483000,415.3552003350474,97
2024-09-17 10:00:52.520000,415.33703142576377,1001
2024-09-17 10:00:52.540000,415.3413159790632,11
2024-09-17 10:00:52.542000,415.3574314156023,9
2024-09-17 10:00:52.561000,415.3499032734889,96
2024-09-17 10:00:52.565000,415.34892496302245,11
2024-09-17 10:00:52.664000,415.3360447780473,999
2024-09-17 10:00:52.703000,415.3340294941176,95
2024-09-17 10:00:52.713000,415.3534768606811,11
2024-09-17 10:00:52.767000,415.3214436649743,1004
2024-09-17 10:00:52.773000,415.3368689099436,14
2024-09-17 10:00:52.797000,415.33798583610695,101
2024-09-17 10:00:52.863000,415.33561189260007,1001
2024-09-17 10:00:52.871000,415.33793246711485,101
2024-09-17 10:00:52.915000,415.3487369193671,96
2024-09-17 10:00:52.964000,415.3395269117196,95
2024-09-17 10:00:52.994000,415.3684241358543,103
2024-09-17 10:00:53.154000,415.3908388520875,998
2024-09-17 10:00:53.173000,415.3389131725234,98
2024-09-17 10:00:53.234000,415.3743978109359,14
2024-09-17 10:00:53.235000,415.3376034434726,10
2024-09-17 10:00:53.281000,415.3492260542925,995
2024-09-17 10:00:53.449000,415.3910887127711,99
2024-09-17 10:00:53.682000,415.3616261365884,997
2024-09-17 10:00:53.735000,415.3738146742959,995
2024-09-17 10:00:53.868000,415.3839549428649,997
2024-09-17 10:00:53.969000,415.37076782854473,997
2024-09-17 10:00:54.037000,415.3210285975729,6
2024-09-17 10:00:54.087000,415.3097731871133,5
2024-09-17 10:00:54.095000,415.2931755533556,95
2024-09-17 10:00:54.106000,415.3341428139104,1003
2024-09-17 10:00:54.187000,415.2882250301602,105
2024-09-17 10:00:54.228000,415.28553847544737,101
2024-09-17 10:00:54.255000,415.30500554336834,13
2024-09-17 10:00:54.404000,415.30748894152407,105
2024-09-17 10:00:54.446000,415.3316034763289,95
2024-09-17 10:00:54.518000,415.2772792925744,95
2024-09-17 10:00:54.540000,415.283367314756,5
2024-09-17 10:00:54.561000,415.2922699774279,1004
2024-09-17 10:00:54.617000,415.3109199153889,101
2024-09-17 10:00:54.642000,415.2919753516229,101
2024-09-17 10:00:54.692000,415.3391853295272,104
2024-09-17 10:00:54.791000,415.29836347936657,1003
2024-09-17 10:00:55.094000,415.20529842848566,6
2024-09-17 10:00:55.120000,415.22066021884217,1002
2024-09-17 10:00:55.125000,415.2817709408625,9
2024-09-17 10:00:55.131000,415.1641076405637,12
2024-09-17 10:00:55.156000,415.1899891452407,105
2024-09-17 10:00:55.264000,415.1643266703449,96
2024-09-17 10:00:55.295000,415.1711328180954,995
2024-09-17 10:00:55.321000,415.2317817552395,15
2024-09-17 10:00:55.344000,415.1848942803131,998
2024-09-17 10:00:55.350000,415.2036511920281,104
2024-09-17 10:00:55.386000,415.2592123014721,100
2024-09-17 10:00:55.390000,415.2512292833432,11
2024-09-17 10:00:55.392000,415.1648669628376,1004
2024-09-17 10:00:55.423000,415.2222031629263,98
2024-09-17 10:00:55.479000,415.19496150928063,103
2024-09-17 10:00:55.480000,415.1903647948367,12
2024-09-17 10:00:55.483000,415.2629131480796,6
2024-09-17 10:00:55.585000,415.2298947139618,996
2024-09-17 10:00:55.639000,415.23460779969184,996
2024-09-17 10:00:55.656000,415.1908386462894,15
2024-09-17 10:00:55.704000,415.25460341265386,1000
2024-09-17 10:00:55.844000,415.16857956877607,101
2024-09-17 10:00:55.893000,415.22211370259737,11
2024-09-17 10:00:55.963000,415.2318881124171,101
2024-09-17 10:00:55.971000,415.2077813753572,6
2024-09-17 10:00:56.196000,415.2007225868288,10
2024-09-17 10:00:57.092000,415.1982025007003,997
2024-09-17 10:00:57.182000,415.1990319170787,14
2024-09-17 10:00:57.204000,415.2127865112515,6
2024-09-17 10:00:57.215000,415.1292459928982,7
2024-09-17 10:00:57.276000,415.1567548679199,96
2024-09-17 10:00:57.339000,415.1915327525337,100
2024-09-17 10:00:57.401000,415.17662135141416,6
2024-09-17 10:00:57.460000,415.1715607646741,14
2024-09-17 10:00:57.495000,415.2084997549416,102
2024-09-17 10:00:57.510000,415.2148652065187,105
2024-09-17 10:00:57.552000,415.1931095693161,100
2024-09-17 10:00:57.554000,415.1752605278325,11
2024-09-17 10:00:57.621000,415.1907056344891,12
2024-09-17 10:00:57.645000,415.2067552964492,998
2024-09-17 10:00:57.667000,415.1925494418052,105
2024-09-17 10:00:57.686000,415.1926955846856,98
2024-09-17 10:00:57.749000,415.16542063907406,96
2024-09-17 10:00:57.790000,415.1910489101378,6
2024-09-17 10:00:57.815000,415.1995117672859,995
2024-09-17 10:00:57.840000,415.1956659402623,1001
2024-09-17 10:00:57.845000,415.1758677373926,998
2024-09-17 10:00:57.897000,415.2091375601522,100
2024-09-17 10:00:59.015000,415.092935050524,96
2024-09-17 10:00:59.130000,415.0972333835948,998
2024-09-17 10:00:59.210000,415.13322767729375,1003
2024-09-17 10:00:59.235000,415.1424665777882,1001
2024-09-17 10:00:59.258000,415.1061886175973,1000
2024-09-17 10:00:59.276000,415.11322465617934,98
2024-09-17 10:00:59.305000,415.0945111284599,100
2024-09-17 10:00:59.422000,415.1198279641107,10
2024-09-17 10:00:59.466000,415.1039559861449,11
2024-09-17 10:00:59.474000,415.1284027264297,15
2024-09-17 10:00:59.531000,415.1291263403524,95
2024-09-17 10:00:59.606000,415.1325931550797,105
2024-09-17 10:00:59.608000,415.1357917487731,102
2024-09-17 10:00:59.621000,415.09814004583626,105
2024-09-17 10:00:59.635000,415.1355223661818,6
2024-09-17 10:00:59.728000,415.106382288919,997
2024-09-17 10:00:59.766000,415.1152789468522,13
2024-09-17 10:00:59.893000,415.09793946618953,9
2024-09-17 10:00:59.899000,415.111987109946,15
2024-09-17 10:00:59.920000,415.09929636837694,1004
2024-09-17 10:00:59.943000,415.1282941427754,995
