Timestamp,Price,Size
2024-09-16 14:03:00.018000,415.428763521191,1005
2024-09-16 14:03:00.040000,415.3904073688021,1002
2024-09-16 14:03:00.051000,415.4274670003084,14
2024-09-16 14:03:00.052000,415.3939796109677,1003
2024-09-16 14:03:00.063000,415.4103172779932,9
2024-09-16 14:03:00.066000,415.3851943600269,1004
2024-09-16 14:03:00.179000,415.4335312308139,97
2024-09-16 14:03:00.282000,415.4481209373259,1002
2024-09-16 14:03:00.289000,415.39318299072016,98
2024-09-16 14:03:00.467000,415.40079903115816,14
2024-09-16 14:03:00.489000,415.3916748204524,1005
2024-09-16 14:03:00.510000,415.4348288908466,102
2024-09-16 14:03:00.539000,415.3959571444947,11
2024-09-16 14:03:00.584000,415.4226811475357,998
2024-09-16 14:03:00.604000,415.4217936277321,105
2024-09-16 14:03:00.650000,415.411124446033,98
2024-09-16 14:03:00.691000,415.3951055986906,15
2024-09-16 14:03:00.727000,415.391364413547,996
2024-09-16 14:03:00.905000,415.4012474489096,103
2024-09-16 14:03:00.906000,415.4056599540048,96
2024-09-16 14:03:00.987000,415.4392811401312,7
2024-09-16 14:03:00.989000,415.3946968875336,1004
2024-09-16 14:03:01.137000,415.4725599964584,105
2024-09-16 14:03:01.173000,415.4466747572796,15
2024-09-16 14:03:01.253000,415.46510637688687,101
2024-09-16 14:03:01.271000,415.4920056870545,1003
2024-09-16 14:03:01.365000,415.4434610901498,102
2024-09-16 14:03:01.421000,415.4613628266473,1003
2024-09-16 14:03:01.552000,415.4711595191413,95
2024-09-16 14:03:01.556000,415.4769318045839,1000
2024-09-16 14:03:01.769000,415.49847870493767,103
2024-09-16 14:03:01.826000,415.4747909553553,8
2024-09-16 14:03:01.898000,415.4651334388657,101
2024-09-16 14:03:01.969000,415.468222157118,97
2024-09-16 14:03:02.051000,415.5717249483935,100
2024-09-16 14:03:02.160000,415.551159913146,999
2024-09-16 14:03:02.226000,415.5565817996662,98
2024-09-16 14:03:02.275000,415.5248655223199,996
2024-09-16 14:03:02.453000,415.5200373893029,100
2024-09-16 14:03:02.681000,415.5152047876056,5
2024-09-16 14:03:02.698000,415.5333717606894,11
2024-09-16 14:03:02.887000,415.5287416153877,7
2024-09-16 14:03:03.092000,415.5748695573444,1002
2024-09-16 14:03:03.098000,415.6010977546612,99
2024-09-16 14:03:03.210000,415.5614889101576,96
2024-09-16 14:03:03.442000,415.61552731122873,15
2024-09-16 14:03:03.612000,415.596357083218,9
2024-09-16 14:03:03.620000,415.614910754374,9
2024-09-16 14:03:03.673000,415.56056450506856,1000
2024-09-16 14:03:03.678000,415.604875704378,105
2024-09-16 14:03:03.721000,415.559757273957,8
2024-09-16 14:03:03.764000,415.5744833377544,12
2024-09-16 14:03:03.780000,415.5815639849073,995
2024-09-16 14:03:03.780000,415.6004374824856,13
2024-09-16 14:03:03.822000,415.5565120291008,5
2024-09-16 14:03:03.864000,415.58907591057897,100
2024-09-16 14:03:03.889000,415.6006395429101,104
2024-09-16 14:03:03.896000,415.5683127436823,6
2024-09-16 14:03:03.903000,415.574916976276,98
2024-09-16 14:03:03.917000,415.6033954816999,98
2024-09-16 14:03:03.951000,415.6069016481384,996
2024-09-16 14:03:03.968000,415.6022591975164,10
2024-09-16 14:03:03.998000,415.6149112919266,103
2024-09-16 14:03:04.011000,415.63760715937286,997
2024-09-16 14:03:04.052000,415.578330542041,101
2024-09-16 14:03:04.084000,415.6313803567018,103
2024-09-16 14:03:04.093000,415.62807040849793,6
2024-09-16 14:03:04.161000,415.6552912331096,97
2024-09-16 14:03:04.170000,415.6316166167358,6
2024-09-16 14:03:04.424000,415.6393790000248,96
2024-09-16 14:03:04.451000,415.5729544694419,7
2024-09-16 14:03:04.461000,415.61277165003526,11
2024-09-16 14:03:04.500000,415.6252414703547,99
2024-09-16 14:03:04.517000,415.58284735644105,1004
2024-09-16 14:03:04.528000,415.5856839711519,95
2024-09-16 14:03:04.577000,415.6385136357046,100
2024-09-16 14:03:04.640000,415.63859856171257,101
2024-09-16 14:03:04.685000,415.66169589765246,1002
2024-09-16 14:03:04.717000,415.6593913528755,97
2024-09-16 14:03:04.723000,415.594465772598,100
2024-09-16 14:03:04.729000,415.637084848311,1004
2024-09-16 14:03:04.789000,415.59754880617226,8
2024-09-16 14:03:04.914000,415.6048760047221,995
2024-09-16 14:03:04.925000,415.6062766712133,1001
2024-09-16 14:03:04.994000,415.63846248006166,14
2024-09-16 14:03:05.041000,415.6324907579808,103
2024-09-16 14:03:05.116000,415.6142171073582,12
2024-09-16 14:03:05.125000,415.6065840810713,8
2024-09-16 14:03:05.280000,415.6288770210932,1005
2024-09-16 14:03:05.322000,415.6163815128297,997
2024-09-16 14:03:05.385000,415.62614297600174,104
2024-09-16 14:03:05.440000,415.64017895752073,97
2024-09-16 14:03:05.448000,415.638593796714,100
2024-09-16 14:03:05.654000,415.6402777181689,12
2024-09-16 14:03:05.687000,415.62520773772616,1003
2024-09-16 14:03:05.739000,415.64405483629054,104
2024-09-16 14:03:05.874000,415.64483823319614,13
2024-09-16 14:03:06.019000,415.6130160273182,105
2024-09-16 14:03:06.053000,415.6235772424502,8
2024-09-16 14:03:06.106000,415.60401676291616,10
2024-09-16 14:03:06.106000,415.64726550438513,11
2024-09-16 14:03:06.161000,415.6391108558507,5
2024-09-16 14:03:06.185000,415.617052529369,1002
2024-09-16 14:03:06.217000,415.6291631328851,12
2024-09-16 14:03:06.243000,415.6652843515317,96
2024-09-16 14:03:06.245000,415.6415291080461,995
2024-09-16 14:03:06.298000,415.6347434550064,102
2024-09-16 14:03:06.421000,415.6156908316371,98
2024-09-16 14:03:06.460000,415.6368880997799,100
2024-09-16 14:03:06.472000,415.63420073535474,12
2024-09-16 14:03:06.484000,415.6199721168125,100
2024-09-16 14:03:06.504000,415.6288119913357,13
2024-09-16 14:03:06.510000,415.61548339336,1003
2024-09-16 14:03:06.573000,415.6575645332113,9
2024-09-16 14:03:06.682000,415.5940421623612,995
2024-09-16 14:03:06.696000,415.6519897637437,1005
2024-09-16 14:03:06.747000,415.62285220853056,5
2024-09-16 14:03:06.770000,415.59701905965466,103
2024-09-16 14:03:06.787000,415.6063443784838,7
2024-09-16 14:03:06.794000,415.63822172540415,998
2024-09-16 14:03:06.957000,415.62407000747993,1000
2024-09-16 14:03:07.038000,415.6397698268844,98
2024-09-16 14:03:07.073000,415.6379320233636,11
2024-09-16 14:03:07.106000,415.660350589503,1002
2024-09-16 14:03:07.122000,415.6190905198196,102
2024-09-16 14:03:07.165000,415.6139031628172,105
2024-09-16 14:03:07.188000,415.61927872675153,99
2024-09-16 14:03:07.193000,415.6134646449245,104
2024-09-16 14:03:07.206000,415.66835402350097,8
2024-09-16 14:03:07.245000,415.6278096068585,996
2024-09-16 14:03:07.260000,415.6211774714649,1002
2024-09-16 14:03:07.328000,415.6468010526311,99
2024-09-16 14:03:07.332000,415.6372800494111,6
2024-09-16 14:03:07.375000,415.6342093449163,102
2024-09-16 14:03:07.501000,415.61007965683626,105
2024-09-16 14:03:07.551000,415.61494798182486,1002
2024-09-16 14:03:07.632000,415.6283551821551,103
2024-09-16 14:03:07.648000,415.6064049660502,100
2024-09-16 14:03:07.663000,415.6178026032548,5
2024-09-16 14:03:07.679000,415.6179661386981,103
2024-09-16 14:03:07.701000,415.5978132903688,103
2024-09-16 14:03:07.728000,415.6449847934388,14
2024-09-16 14:03:07.740000,415.59416752527966,98
2024-09-16 14:03:07.821000,415.62804012993655,996
2024-09-16 14:03:07.841000,415.5906171551673,7
2024-09-16 14:03:07.877000,415.6254804836896,1005
2024-09-16 14:03:08.053000,415.6360428720683,9
2024-09-16 14:03:08.063000,415.63793745428296,98
2024-09-16 14:03:09.038000,415.6881073443229,101
2024-09-16 14:03:09.089000,415.6595754850004,997
2024-09-16 14:03:09.128000,415.696964206869,997
2024-09-16 14:03:09.166000,415.6641229839922,1003
2024-09-16 14:03:09.194000,415.6703587309412,105
2024-09-16 14:03:09.252000,415.68336191997474,100
2024-09-16 14:03:09.257000,415.67292777134975,12
2024-09-16 14:03:09.326000,415.67072061642745,1005
2024-09-16 14:03:09.425000,415.6314139139509,101
2024-09-16 14:03:09.435000,415.7018921295685,6
2024-09-16 14:03:09.466000,415.6879204944565,12
2024-09-16 14:03:09.521000,415.6925556070112,97
2024-09-16 14:03:09.536000,415.6720111199029,1005
2024-09-16 14:03:09.544000,415.6772461117153,999
2024-09-16 14:03:09.548000,415.6799754206684,97
2024-09-16 14:03:09.579000,415.7238385054496,103
2024-09-16 14:03:09.592000,415.7058168226729,100
2024-09-16 14:03:09.780000,415.63919161012944,101
2024-09-16 14:03:09.807000,415.6888215036291,12
2024-09-16 14:03:09.814000,415.69861944339857,97
2024-09-16 14:03:09.855000,415.6873588986613,96
2024-09-16 14:03:09.880000,415.6437313075812,15
2024-09-16 14:03:11.203000,415.71535989403935,96
2024-09-16 14:03:11.292000,415.706629108833,1004
2024-09-16 14:03:11.303000,415.6877666092928,6
2024-09-16 14:03:11.426000,415.6856931319786,12
2024-09-16 14:03:11.522000,415.7150388252273,1005
2024-09-16 14:03:11.550000,415.7056946155536,11
2024-09-16 14:03:11.562000,415.7039908493009,11
2024-09-16 14:03:11.580000,415.7238735977757,99
2024-09-16 14:03:11.582000,415.6962497447653,1005
2024-09-16 14:03:11.617000,415.7056779457082,6
2024-09-16 14:03:11.760000,415.71330923854185,9
2024-09-16 14:03:11.866000,415.6890320175687,13
2024-09-16 14:03:11.875000,415.7169709761191,995
2024-09-16 14:03:11.927000,415.7200587500627,15
2024-09-16 14:03:11.970000,415.6990020511481,104
2024-09-16 14:03:12.007000,415.6992092969151,996
2024-09-16 14:03:12.149000,415.705481651189,1004
2024-09-16 14:03:12.292000,415.6957127879843,7
2024-09-16 14:03:12.392000,415.69025611132207,7
2024-09-16 14:03:12.712000,415.7020652134551,1001
2024-09-16 14:03:12.836000,415.70557745369496,5
2024-09-16 14:03:12.903000,415.7104432283848,105
2024-09-16 14:03:13.013000,415.6318224617712,9
2024-09-16 14:03:13.034000,415.6880202327138,1005
2024-09-16 14:03:13.074000,415.63781868617394,1002
2024-09-16 14:03:13.117000,415.7025131106412,98
2024-09-16 14:03:13.124000,415.6788879624217,998
2024-09-16 14:03:13.176000,415.6619389388744,102
2024-09-16 14:03:13.211000,415.6559238434614,96
2024-09-16 14:03:13.249000,415.6034913629016,1002
2024-09-16 14:03:13.342000,415.7183799939749,1002
2024-09-16 14:03:13.363000,415.6346466401708,14
2024-09-16 14:03:13.404000,415.6449231439478,999
2024-09-16 14:03:13.413000,415.64616072943227,9
2024-09-16 14:03:13.424000,415.5916949058027,1000
2024-09-16 14:03:13.424000,415.6972434227192,103
2024-09-16 14:03:13.442000,415.648056874481,99
2024-09-16 14:03:13.482000,415.6040088202822,997
2024-09-16 14:03:13.514000,415.6697783051949,96
2024-09-16 14:03:13.647000,415.64229590950464,15
2024-09-16 14:03:13.671000,415.70641705383775,999
2024-09-16 14:03:13.706000,415.6874445045361,11
2024-09-16 14:03:13.711000,415.6175090691349,104
2024-09-16 14:03:13.712000,415.6357710258609,105
2024-09-16 14:03:13.818000,415.6873629067945,11
2024-09-16 14:03:13.828000,415.5955136047472,5
2024-09-16 14:03:13.920000,415.6963513849608,8
2024-09-16 14:03:13.959000,415.67492069211016,100
2024-09-16 14:03:14.025000,415.6243535325421,997
2024-09-16 14:03:14.077000,415.5818072440875,98
2024-09-16 14:03:14.112000,415.6007462560682,12
2024-09-16 14:03:14.133000,415.5865814578757,95
2024-09-16 14:03:14.180000,415.6002939496704,15
2024-09-16 14:03:14.186000,415.6446030720056,14
2024-09-16 14:03:14.198000,415.6486059790017,996
2024-09-16 14:03:14.273000,415.6096836890307,98
2024-09-16 14:03:14.285000,415.6198094094424,102
2024-09-16 14:03:14.326000,415.6136811936576,1002
2024-09-16 14:03:14.385000,415.5969974124442,15
2024-09-16 14:03:14.385000,415.6343185485281,101
2024-09-16 14:03:14.395000,415.6639077278503,12
2024-09-16 14:03:14.400000,415.6660971101071,1001
2024-09-16 14:03:14.421000,415.6433127227887,97
2024-09-16 14:03:14.501000,415.6356005841055,97
2024-09-16 14:03:14.548000,415.6366476339707,97
2024-09-16 14:03:14.549000,415.61729485104365,9
2024-09-16 14:03:14.566000,415.6292118810474,96
2024-09-16 14:03:14.648000,415.61244168292046,9
2024-09-16 14:03:14.806000,415.6156130644347,102
2024-09-16 14:03:14.850000,415.6436752933762,15
2024-09-16 14:03:15.070000,415.6445659972073,14
2024-09-16 14:03:15.207000,415.67573737700576,95
2024-09-16 14:03:15.413000,415.67580124100647,10
2024-09-16 14:03:15.607000,415.60795724327,101
2024-09-16 14:03:15.668000,415.6762262824165,12
2024-09-16 14:03:15.682000,415.66647587213794,1001
2024-09-16 14:03:15.727000,415.6746957167818,1002
2024-09-16 14:03:15.907000,415.664732336362,15
2024-09-16 14:03:15.935000,415.6673567958673,997
2024-09-16 14:03:15.942000,415.6356089847756,8
2024-09-16 14:03:15.978000,415.622243796239,101
2024-09-16 14:03:15.982000,415.6090480612872,8
2024-09-16 14:03:16.003000,415.6999408737957,103
2024-09-16 14:03:16.079000,415.6825137495161,995
2024-09-16 14:03:16.081000,415.68702987152415,95
2024-09-16 14:03:16.087000,415.6947062822314,1001
2024-09-16 14:03:16.125000,415.6880871458324,14
2024-09-16 14:03:16.130000,415.70178830522576,13
2024-09-16 14:03:16.167000,415.6941075846809,997
2024-09-16 14:03:16.220000,415.6943322572076,101
2024-09-16 14:03:16.247000,415.6763985574974,1003
2024-09-16 14:03:16.362000,415.689270301561,5
2024-09-16 14:03:16.374000,415.6896048350658,99
2024-09-16 14:03:16.384000,415.74144602559977,8
2024-09-16 14:03:16.433000,415.7208038498317,1001
2024-09-16 14:03:16.490000,415.7029342805766,15
2024-09-16 14:03:16.656000,415.6772445282316,998
2024-09-16 14:03:16.659000,415.74477590089,998
2024-09-16 14:03:16.706000,415.75563767733433,995
2024-09-16 14:03:16.716000,415.7641402829508,1005
2024-09-16 14:03:16.717000,415.756459294384,99
2024-09-16 14:03:16.719000,415.6982829110048,100
2024-09-16 14:03:16.785000,415.7180668929045,998
2024-09-16 14:03:16.793000,415.6951298686431,995
2024-09-16 14:03:16.798000,415.685609069098,15
2024-09-16 14:03:16.861000,415.71958807367054,996
2024-09-16 14:03:16.891000,415.710770302738,997
2024-09-16 14:03:16.900000,415.70087321357335,103
2024-09-16 14:03:16.977000,415.6984377726274,6
2024-09-16 14:03:16.992000,415.6860636240586,14
2024-09-16 14:03:17.049000,415.7217442528017,13
2024-09-16 14:03:17.568000,415.727370413132,14
2024-09-16 14:03:17.676000,415.7123960738135,15
2024-09-16 14:03:17.826000,415.7156845319829,12
2024-09-16 14:03:17.880000,415.7049498746629,101
2024-09-16 14:03:17.983000,415.743382601578,1002
2024-09-16 14:03:18.031000,415.7860197100304,1005
2024-09-16 14:03:18.032000,415.7762006633408,105
2024-09-16 14:03:18.135000,415.7246940790028,104
2024-09-16 14:03:18.163000,415.7890676139802,1004
2024-09-16 14:03:18.188000,415.7451135191309,1005
2024-09-16 14:03:18.222000,415.7280477036408,10
2024-09-16 14:03:18.395000,415.7241180710587,1005
2024-09-16 14:03:18.447000,415.77044054943855,103
2024-09-16 14:03:18.530000,415.7141561372296,1005
2024-09-16 14:03:18.570000,415.7633235258895,98
2024-09-16 14:03:18.635000,415.7849212524872,8
2024-09-16 14:03:18.751000,415.7260209230103,105
2024-09-16 14:03:18.788000,415.73282643574953,1005
2024-09-16 14:03:18.880000,415.7425851916203,8
2024-09-16 14:03:18.927000,415.78255101869007,98
2024-09-16 14:03:18.997000,415.7798853551933,1002
2024-09-16 14:03:19.004000,415.892255523528,11
2024-09-16 14:03:19.026000,415.875375177747,9
2024-09-16 14:03:19.032000,415.8504280376844,14
2024-09-16 14:03:19.045000,415.8482105026184,97
2024-09-16 14:03:19.071000,415.9160474658015,1004
2024-09-16 14:03:19.119000,415.8151110854079,10
2024-09-16 14:03:19.259000,415.9217689276644,1002
2024-09-16 14:03:19.285000,415.8401653868621,996
2024-09-16 14:03:19.353000,415.93722907687766,996
2024-09-16 14:03:19.355000,415.83288258375495,10
2024-09-16 14:03:19.383000,415.8722525004943,98
2024-09-16 14:03:19.414000,415.8113611653001,6
2024-09-16 14:03:19.544000,415.8742359810891,104
2024-09-16 14:03:19.565000,415.88189264190976,997
2024-09-16 14:03:19.593000,415.9380535249339,999
2024-09-16 14:03:19.747000,415.8766606984935,98
2024-09-16 14:03:19.766000,415.9144584579562,6
2024-09-16 14:03:19.808000,415.9269802701076,995
2024-09-16 14:03:19.875000,415.8030805371444,95
2024-09-16 14:03:19.950000,415.8984420387122,1004
2024-09-16 14:03:19.974000,415.9357560984871,996
2024-09-16 14:03:20.012000,415.9490513027089,9
2024-09-16 14:03:20.069000,415.9330772603053,97
2024-09-16 14:03:20.187000,415.948030663499,1001
2024-09-16 14:03:20.235000,415.9259902083484,1004
2024-09-16 14:03:20.301000,415.963427751967,5
2024-09-16 14:03:20.340000,415.9458220850476,996
2024-09-16 14:03:20.347000,415.9216607235864,1004
2024-09-16 14:03:20.384000,415.9252985369631,998
2024-09-16 14:03:20.400000,415.9325472137875,995
2024-09-16 14:03:20.407000,415.917995142933,1003
2024-09-16 14:03:20.455000,415.96481857324767,97
2024-09-16 14:03:20.524000,415.941580667142,1000
2024-09-16 14:03:20.530000,415.9395364251478,998
2024-09-16 14:03:20.640000,415.9595893866888,9
2024-09-16 14:03:20.643000,415.93069616126326,7
2024-09-16 14:03:20.751000,415.94767726818793,10
2024-09-16 14:03:20.752000,415.9390134958075,96
2024-09-16 14:03:20.757000,415.932250805648,997
2024-09-16 14:03:20.819000,415.9439570404303,1003
2024-09-16 14:03:20.853000,415.933943871429,14
2024-09-16 14:03:20.864000,415.9379609633299,102
2024-09-16 14:03:20.947000,415.91960180178336,9
2024-09-16 14:03:21.080000,415.8817129263964,997
2024-09-16 14:03:21.137000,415.8773936794216,96
2024-09-16 14:03:21.288000,415.9039511524625,6
2024-09-16 14:03:21.362000,415.91036778722895,9
2024-09-16 14:03:21.404000,415.8538389584737,13
2024-09-16 14:03:21.506000,415.8718336619101,998
2024-09-16 14:03:21.515000,415.8777521849429,1003
2024-09-16 14:03:21.597000,415.89737382788434,97
2024-09-16 14:03:21.671000,415.8452698947022,15
2024-09-16 14:03:21.755000,415.8801287279487,96
2024-09-16 14:03:21.772000,415.9120736574281,1004
2024-09-16 14:03:21.781000,415.8890144818415,105
2024-09-16 14:03:21.977000,415.8992602114472,997
2024-09-16 14:03:22.015000,415.85498590242497,97
2024-09-16 14:03:22.148000,415.8374867630024,97
2024-09-16 14:03:22.169000,415.8491227506348,997
2024-09-16 14:03:22.267000,415.8204683876245,7
2024-09-16 14:03:22.272000,415.80093222616176,1005
2024-09-16 14:03:22.274000,415.7534450631815,102
2024-09-16 14:03:22.283000,415.8605697532665,1002
2024-09-16 14:03:22.296000,415.80627124759,1000
2024-09-16 14:03:22.305000,415.8061687753343,1004
2024-09-16 14:03:22.340000,415.8455286081152,98
2024-09-16 14:03:22.429000,415.84863370692864,996
2024-09-16 14:03:22.539000,415.7982631949854,104
2024-09-16 14:03:22.574000,415.8651555951205,9
2024-09-16 14:03:22.611000,415.7745173816507,96
2024-09-16 14:03:22.628000,415.8210391487957,10
2024-09-16 14:03:22.649000,415.8643343394828,7
2024-09-16 14:03:22.684000,415.8582453732884,9
2024-09-16 14:03:22.736000,415.8194939289423,9
2024-09-16 14:03:22.739000,415.8075273534634,999
2024-09-16 14:03:22.744000,415.7531004259109,99
2024-09-16 14:03:22.851000,415.75545610402816,5
2024-09-16 14:03:22.852000,415.8672483228952,12
2024-09-16 14:03:22.869000,415.81359066294937,11
2024-09-16 14:03:22.899000,415.7500563760333,102
2024-09-16 14:03:22.925000,415.7352038746717,12
2024-09-16 14:03:22.950000,415.820010156706,10
2024-09-16 14:03:23.013000,415.76110825526746,97
2024-09-16 14:03:23.074000,415.7306665126896,13
2024-09-16 14:03:23.077000,415.7712609125954,1005
2024-09-16 14:03:23.127000,415.7614565567929,96
2024-09-16 14:03:23.251000,415.7516171639482,999
2024-09-16 14:03:23.475000,415.7624178695474,10
2024-09-16 14:03:23.504000,415.7483952172088,995
2024-09-16 14:03:23.515000,415.7391482791194,5
2024-09-16 14:03:23.543000,415.7351927292788,9
2024-09-16 14:03:23.562000,415.7515105883184,1002
2024-09-16 14:03:23.598000,415.7557797694312,100
2024-09-16 14:03:23.725000,415.75832696413534,1005
2024-09-16 14:03:23.794000,415.7813044891346,5
2024-09-16 14:03:23.818000,415.769039684754,9
2024-09-16 14:03:23.904000,415.7518308003872,999
2024-09-16 14:03:23.910000,415.7784424471792,95
2024-09-16 14:03:23.970000,415.72970472321873,14
2024-09-16 14:03:23.980000,415.7547761282404,98
2024-09-16 14:03:23.982000,415.7758275671292,10
2024-09-16 14:03:23.992000,415.7476679665088,95
2024-09-16 14:03:24.029000,415.754146225918,13
2024-09-16 14:03:24.037000,415.76323613946033,15
2024-09-16 14:03:24.061000,415.7947984997649,15
2024-09-16 14:03:24.065000,415.7614598289499,12
2024-09-16 14:03:24.079000,415.7493183601293,995
2024-09-16 14:03:24.105000,415.7940453795985,96
2024-09-16 14:03:24.132000,415.80023974938354,104
2024-09-16 14:03:24.175000,415.8197854074414,7
2024-09-16 14:03:24.259000,415.71354579403726,100
2024-09-16 14:03:24.307000,415.77665146093625,105
2024-09-16 14:03:24.355000,415.8071235776672,99
2024-09-16 14:03:24.371000,415.7988294106318,98
2024-09-16 14:03:24.498000,415.7997203749505,96
2024-09-16 14:03:24.517000,415.7627761645884,999
2024-09-16 14:03:24.525000,415.7838759715261,11
2024-09-16 14:03:24.544000,415.7990113338338,1002
2024-09-16 14:03:24.612000,415.7972078983035,98
2024-09-16 14:03:24.705000,415.7993628876066,996
2024-09-16 14:03:24.712000,415.79337620936894,995
2024-09-16 14:03:24.718000,415.8133016040872,11
2024-09-16 14:03:24.761000,415.76829689097457,1004
2024-09-16 14:03:24.763000,415.80860528542695,999
2024-09-16 14:03:24.768000,415.7548701868361,1000
2024-09-16 14:03:24.811000,415.7883611045879,1003
2024-09-16 14:03:24.823000,415.79029238140873,10
2024-09-16 14:03:24.876000,415.7599517267678,102
2024-09-16 14:03:24.883000,415.74725494953066,5
2024-09-16 14:03:24.962000,415.7565586894284,103
2024-09-16 14:03:24.973000,415.7667666598396,105
2024-09-16 14:03:25.085000,415.71020247514,99
2024-09-16 14:03:25.341000,415.7081765746925,15
2024-09-16 14:03:25.424000,415.70434727274096,102
2024-09-16 14:03:25.425000,415.7053837744584,7
2024-09-16 14:03:25.498000,415.7243117334745,1000
2024-09-16 14:03:25.546000,415.7037842103307,105
2024-09-16 14:03:25.558000,415.7004561716218,6
2024-09-16 14:03:25.597000,415.7234168850167,96
2024-09-16 14:03:25.617000,415.7122201529424,995
2024-09-16 14:03:25.732000,415.7045933351058,1003
2024-09-16 14:03:25.735000,415.70587631161777,95
2024-09-16 14:03:25.797000,415.71797796910136,995
2024-09-16 14:03:25.847000,415.73400734964537,1005
2024-09-16 14:03:25.857000,415.7229884932683,1000
2024-09-16 14:03:25.858000,415.73673854076935,1003
2024-09-16 14:03:25.939000,415.6990611841639,7
2024-09-16 14:03:25.992000,415.73560162700016,998
2024-09-16 14:03:26.067000,415.74289467398376,96
2024-09-16 14:03:26.202000,415.7355962942436,100
2024-09-16 14:03:26.225000,415.7539574544098,7
2024-09-16 14:03:26.455000,415.7462916592668,1002
2024-09-16 14:03:26.649000,415.7693508137176,97
2024-09-16 14:03:26.983000,415.7287350296787,996
2024-09-16 14:03:27.017000,415.8160985682935,6
2024-09-16 14:03:27.042000,415.7963760209325,15
2024-09-16 14:03:27.057000,415.8174245786989,1000
2024-09-16 14:03:27.105000,415.7683195175636,11
2024-09-16 14:03:27.117000,415.7720800821589,102
2024-09-16 14:03:27.142000,415.8010698001624,1002
2024-09-16 14:03:27.199000,415.7665045736607,8
2024-09-16 14:03:27.203000,415.7956998534278,103
2024-09-16 14:03:27.268000,415.7357559599694,1001
2024-09-16 14:03:27.298000,415.76340075267615,15
2024-09-16 14:03:27.324000,415.7775298187608,997
2024-09-16 14:03:27.343000,415.7522306383757,100
2024-09-16 14:03:27.364000,415.7694082669282,15
2024-09-16 14:03:27.391000,415.7999023004247,105
2024-09-16 14:03:27.394000,415.7543002073787,99
2024-09-16 14:03:27.416000,415.7701771114929,1005
2024-09-16 14:03:27.448000,415.8149885247608,14
2024-09-16 14:03:27.486000,415.7679535450615,104
2024-09-16 14:03:27.492000,415.76041915782304,96
2024-09-16 14:03:27.600000,415.8047252071631,100
2024-09-16 14:03:27.602000,415.7944165319101,104
2024-09-16 14:03:27.627000,415.7935021018483,996
2024-09-16 14:03:27.635000,415.7534289277578,1003
2024-09-16 14:03:27.695000,415.79026678610416,1005
2024-09-16 14:03:27.852000,415.8001614718863,998
2024-09-16 14:03:27.904000,415.8052629150208,104
2024-09-16 14:03:27.908000,415.808494150748,14
2024-09-16 14:03:28.041000,415.7231975114198,95
2024-09-16 14:03:28.096000,415.7371688217544,1002
2024-09-16 14:03:28.163000,415.7711863431039,95
2024-09-16 14:03:28.216000,415.7251113560884,104
2024-09-16 14:03:28.223000,415.76861310608274,1004
2024-09-16 14:03:28.276000,415.7421576192583,12
2024-09-16 14:03:28.288000,415.7307925949121,101
2024-09-16 14:03:28.296000,415.748116521327,9
2024-09-16 14:03:28.346000,415.735182887096,14
2024-09-16 14:03:28.406000,415.7325613714056,13
2024-09-16 14:03:28.442000,415.7474731377137,9
2024-09-16 14:03:28.514000,415.7455725230572,95
2024-09-16 14:03:28.639000,415.7486996632721,5
2024-09-16 14:03:28.656000,415.7333777143996,11
2024-09-16 14:03:28.679000,415.7413679125193,1001
2024-09-16 14:03:28.711000,415.731087290516,13
2024-09-16 14:03:28.745000,415.73172270604135,10
2024-09-16 14:03:28.767000,415.7413136748698,1000
2024-09-16 14:03:28.844000,415.7344624350656,97
2024-09-16 14:03:28.859000,415.7597704914839,12
2024-09-16 14:03:28.864000,415.7373753978515,11
2024-09-16 14:03:28.866000,415.7109545231849,998
2024-09-16 14:03:28.908000,415.75189065239033,997
2024-09-16 14:03:28.921000,415.7448738014039,996
2024-09-16 14:03:29.021000,415.7951938495937,10
2024-09-16 14:03:29.222000,415.78452994534615,8
2024-09-16 14:03:29.330000,415.7826887682215,7
2024-09-16 14:03:29.463000,415.7934441900042,1003
2024-09-16 14:03:29.487000,415.7914969414089,100
2024-09-16 14:03:29.544000,415.7930207747214,11
2024-09-16 14:03:29.571000,415.8025591864808,7
2024-09-16 14:03:29.726000,415.7899190440266,1003
2024-09-16 14:03:29.743000,415.8127961990616,1003
2024-09-16 14:03:29.791000,415.77182635088326,1002
2024-09-16 14:03:29.805000,415.8091892953539,104
2024-09-16 14:03:29.819000,415.7937725667917,97
2024-09-16 14:03:29.847000,415.7815776300324,997
2024-09-16 14:03:29.948000,415.7736533902528,1001
2024-09-16 14:03:30.007000,415.8021352053898,8
2024-09-16 14:03:30.019000,415.7690083391405,1005
2024-09-16 14:03:30.039000,415.7907467656798,12
2024-09-16 14:03:30.063000,415.7598628415713,13
2024-09-16 14:03:30.126000,415.7670710307606,96
2024-09-16 14:03:30.139000,415.76484067837,103
2024-09-16 14:03:30.421000,415.7639967701927,97
2024-09-16 14:03:30.473000,415.7958049321545,6
2024-09-16 14:03:30.519000,415.7804310073541,99
2024-09-16 14:03:30.721000,415.7712609091173,1005
2024-09-16 14:03:30.735000,415.8056354693505,9
2024-09-16 14:03:30.892000,415.7604593471121,95
2024-09-16 14:03:30.925000,415.80161356378375,996
2024-09-16 14:03:31.012000,415.7400424438285,98
2024-09-16 14:03:31.017000,415.7968202287572,96
2024-09-16 14:03:31.024000,415.759074697584,996
2024-09-16 14:03:31.124000,415.779367680525,5
2024-09-16 14:03:31.184000,415.771549977407,11
2024-09-16 14:03:31.192000,415.8107352218212,96
2024-09-16 14:03:31.246000,415.8074335963994,95
2024-09-16 14:03:31.268000,415.7576914396853,7
2024-09-16 14:03:31.310000,415.7450119046357,996
2024-09-16 14:03:31.417000,415.73690887320697,15
2024-09-16 14:03:31.526000,415.7873491541348,9
2024-09-16 14:03:31.584000,415.74009631256,13
2024-09-16 14:03:31.624000,415.7402509670274,99
2024-09-16 14:03:31.629000,415.7405973452274,99
2024-09-16 14:03:31.630000,415.7821618367872,96
2024-09-16 14:03:31.674000,415.797924982272,8
2024-09-16 14:03:31.700000,415.7811170098746,104
2024-09-16 14:03:31.702000,415.7536533388776,999
2024-09-16 14:03:32.052000,415.75273209014506,999
2024-09-16 14:03:32.270000,415.7798443441799,1000
2024-09-16 14:03:32.482000,415.7664357553948,102
2024-09-16 14:03:32.571000,415.7789679202903,98
2024-09-16 14:03:32.868000,415.784566137569,1004
2024-09-16 14:03:33.001000,415.72138734966313,14
2024-09-16 14:03:33.087000,415.7228602800637,998
2024-09-16 14:03:33.092000,415.7946240050304,13
2024-09-16 14:03:33.144000,415.74913363249823,15
2024-09-16 14:03:33.221000,415.7848630037641,998
2024-09-16 14:03:33.251000,415.6952242436892,1001
2024-09-16 14:03:33.325000,415.7409833571976,103
2024-09-16 14:03:33.422000,415.7352758980054,1001
2024-09-16 14:03:33.427000,415.7040585732527,102
2024-09-16 14:03:33.472000,415.8011335929261,1002
2024-09-16 14:03:33.488000,415.75049005684906,102
2024-09-16 14:03:33.531000,415.7682949473673,1005
2024-09-16 14:03:33.540000,415.80208554061306,999
2024-09-16 14:03:33.643000,415.707537113804,96
2024-09-16 14:03:33.652000,415.78455242659095,13
2024-09-16 14:03:33.656000,415.7378025017767,1003
2024-09-16 14:03:33.800000,415.7373879200675,95
2024-09-16 14:03:33.809000,415.7443209903087,1004
2024-09-16 14:03:33.913000,415.753004657516,1000
2024-09-16 14:03:33.936000,415.7193496841982,105
2024-09-16 14:03:33.942000,415.7844269508492,7
2024-09-16 14:03:33.946000,415.7729715800024,95
2024-09-16 14:03:35.195000,415.65142770120593,97
2024-09-16 14:03:35.234000,415.65552887873486,13
2024-09-16 14:03:35.354000,415.6497622306096,996
2024-09-16 14:03:35.428000,415.683701953642,95
2024-09-16 14:03:35.438000,415.6934032223279,8
2024-09-16 14:03:35.627000,415.6704654519172,103
2024-09-16 14:03:35.672000,415.6536174454519,99
2024-09-16 14:03:35.863000,415.6356480118,1005
2024-09-16 14:03:35.888000,415.6550698687723,103
2024-09-16 14:03:35.916000,415.6709689940285,9
2024-09-16 14:03:36.025000,415.6926808348791,1000
2024-09-16 14:03:36.229000,415.6134564205594,1002
2024-09-16 14:03:36.242000,415.6340620900207,104
2024-09-16 14:03:36.263000,415.6863934985786,1005
2024-09-16 14:03:36.298000,415.66369673079896,12
2024-09-16 14:03:36.470000,415.6177111381293,997
2024-09-16 14:03:36.547000,415.692328193683,8
2024-09-16 14:03:36.554000,415.61730673820193,1002
2024-09-16 14:03:36.704000,415.7001110863533,1002
2024-09-16 14:03:36.730000,415.6779201896557,104
2024-09-16 14:03:36.741000,415.69100232015006,1001
2024-09-16 14:03:36.761000,415.6458245616767,997
2024-09-16 14:03:36.826000,415.656151097936,999
2024-09-16 14:03:36.871000,415.6715960509495,11
2024-09-16 14:03:37.005000,415.6753410792575,1002
2024-09-16 14:03:37.068000,415.6511606555783,1003
2024-09-16 14:03:37.086000,415.65775356476655,13
2024-09-16 14:03:37.206000,415.667192105916,13
2024-09-16 14:03:37.221000,415.69989215947095,999
2024-09-16 14:03:37.231000,415.68524844852806,997
2024-09-16 14:03:37.245000,415.6812444349352,98
2024-09-16 14:03:37.270000,415.66138912449225,102
2024-09-16 14:03:37.471000,415.6985188732182,1002
2024-09-16 14:03:37.542000,415.71779668365343,995
2024-09-16 14:03:37.568000,415.6850908748786,1002
2024-09-16 14:03:37.662000,415.68663954614857,999
2024-09-16 14:03:37.820000,415.6749911640418,14
2024-09-16 14:03:37.846000,415.6840054844901,1004
2024-09-16 14:03:37.961000,415.7105466237032,1004
2024-09-16 14:03:38.155000,415.69475484430734,10
2024-09-16 14:03:38.204000,415.687453211287,6
2024-09-16 14:03:38.278000,415.7025482854583,7
2024-09-16 14:03:38.580000,415.70101909602414,5
2024-09-16 14:03:38.643000,415.6939562535569,13
2024-09-16 14:03:38.760000,415.7094658665735,11
2024-09-16 14:03:38.845000,415.7023932192428,6
2024-09-16 14:03:38.866000,415.6743930844058,997
2024-09-16 14:03:38.901000,415.6850628592711,998
2024-09-16 14:03:38.946000,415.6784863149544,14
2024-09-16 14:03:38.956000,415.669807338512,1000
2024-09-16 14:03:39.070000,415.7103179453849,10
2024-09-16 14:03:39.095000,415.6872701386951,101
2024-09-16 14:03:39.096000,415.6760661614304,999
2024-09-16 14:03:39.113000,415.717021982714,1005
2024-09-16 14:03:39.121000,415.7117268275184,8
2024-09-16 14:03:39.274000,415.7334502844984,5
2024-09-16 14:03:39.308000,415.7032889869608,100
2024-09-16 14:03:39.333000,415.687636146989,996
2024-09-16 14:03:39.333000,415.7222080631099,100
2024-09-16 14:03:39.356000,415.7180868593416,998
2024-09-16 14:03:39.664000,415.6948473146175,5
2024-09-16 14:03:39.678000,415.67826295433343,100
2024-09-16 14:03:39.736000,415.70665453423857,95
2024-09-16 14:03:39.781000,415.71541863260495,99
2024-09-16 14:03:39.808000,415.6828028338634,1003
2024-09-16 14:03:39.809000,415.6762025660004,7
2024-09-16 14:03:39.923000,415.6980727964624,14
2024-09-16 14:03:39.923000,415.6709106702369,1000
2024-09-16 14:03:39.954000,415.7296371859599,96
2024-09-16 14:03:40.013000,415.69483361470384,8
2024-09-16 14:03:40.030000,415.7206437614077,101
2024-09-16 14:03:40.031000,415.7134452296006,9
2024-09-16 14:03:40.209000,415.7244121735212,1003
2024-09-16 14:03:40.224000,415.7215517603499,99
2024-09-16 14:03:40.353000,415.7210692564765,8
2024-09-16 14:03:40.469000,415.6910293436708,1003
2024-09-16 14:03:40.605000,415.6960087622581,95
2024-09-16 14:03:40.759000,415.7280252750581,9
2024-09-16 14:03:40.775000,415.71836808957534,1003
2024-09-16 14:03:40.777000,415.7127338573938,98
2024-09-16 14:03:40.976000,415.7160021771991,6
2024-09-16 14:03:41.279000,415.668198190038,996
2024-09-16 14:03:41.435000,415.6679871064342,104
2024-09-16 14:03:41.481000,415.69576926928727,1000
2024-09-16 14:03:41.558000,415.68373290085066,11
2024-09-16 14:03:41.666000,415.7016898137524,96
2024-09-16 14:03:41.841000,415.67290072286175,995
2024-09-16 14:03:42.112000,415.562493072642,8
2024-09-16 14:03:42.159000,415.57755567192754,100
2024-09-16 14:03:42.169000,415.6122459556044,996
2024-09-16 14:03:42.210000,415.5518903947056,996
2024-09-16 14:03:42.212000,415.5465796482237,105
2024-09-16 14:03:42.238000,415.55267843712295,99
2024-09-16 14:03:42.254000,415.5903800090358,996
2024-09-16 14:03:42.255000,415.5759137150914,1001
2024-09-16 14:03:42.393000,415.5950114371632,14
2024-09-16 14:03:42.495000,415.55989634871145,996
2024-09-16 14:03:42.497000,415.60480830234025,102
2024-09-16 14:03:42.543000,415.6262493482664,8
2024-09-16 14:03:42.584000,415.5692430698062,11
2024-09-16 14:03:42.600000,415.5483736944671,1003
2024-09-16 14:03:42.622000,415.5681472775752,1000
2024-09-16 14:03:42.699000,415.6568255109349,13
2024-09-16 14:03:42.707000,415.5681807161528,996
2024-09-16 14:03:42.740000,415.5584203678927,96
2024-09-16 14:03:42.751000,415.5580765039229,14
2024-09-16 14:03:42.808000,415.5650949678008,96
2024-09-16 14:03:42.863000,415.5600803415895,996
2024-09-16 14:03:42.902000,415.5715964059085,13
2024-09-16 14:03:42.918000,415.5759209927238,99
2024-09-16 14:03:42.952000,415.6106471809651,97
2024-09-16 14:03:42.988000,415.5722761867557,103
2024-09-16 14:03:43.031000,415.5850656675072,11
2024-09-16 14:03:43.032000,415.5940138888325,14
2024-09-16 14:03:43.049000,415.5885676210359,15
2024-09-16 14:03:43.059000,415.5806604360792,96
2024-09-16 14:03:43.072000,415.5972855833085,6
2024-09-16 14:03:43.130000,415.5103442492273,12
2024-09-16 14:03:43.146000,415.5884174065562,7
2024-09-16 14:03:43.157000,415.5727891681945,998
2024-09-16 14:03:43.177000,415.5607158392664,7
2024-09-16 14:03:43.245000,415.57491844095466,104
2024-09-16 14:03:43.310000,415.5182233350542,100
2024-09-16 14:03:43.343000,415.554241619678,103
2024-09-16 14:03:43.506000,415.59410276025005,99
2024-09-16 14:03:43.522000,415.5450233620501,998
2024-09-16 14:03:43.579000,415.5773870660776,98
2024-09-16 14:03:43.582000,415.5640148975394,11
2024-09-16 14:03:43.590000,415.5666977975356,1003
2024-09-16 14:03:43.701000,415.5615868663592,103
2024-09-16 14:03:43.702000,415.5344938397921,99
2024-09-16 14:03:43.702000,415.5777791142717,998
2024-09-16 14:03:43.731000,415.5510240019924,103
2024-09-16 14:03:43.732000,415.5713319733114,96
2024-09-16 14:03:43.740000,415.5762908308926,13
2024-09-16 14:03:43.771000,415.5721846960251,105
2024-09-16 14:03:43.791000,415.5356564926326,13
2024-09-16 14:03:43.826000,415.6110776788106,12
2024-09-16 14:03:43.954000,415.55969033190456,98
2024-09-16 14:03:43.971000,415.53457530312,1000
2024-09-16 14:03:44,415.4776403880298,7
2024-09-16 14:03:44.009000,415.46408645352193,997
2024-09-16 14:03:44.016000,415.4927463928072,96
2024-09-16 14:03:44.079000,415.4438342170571,10
2024-09-16 14:03:44.146000,415.4897920227896,12
2024-09-16 14:03:44.244000,415.4798461429049,1003
2024-09-16 14:03:44.304000,415.4946541013646,95
2024-09-16 14:03:44.335000,415.4907680090835,1001
2024-09-16 14:03:44.429000,415.4926068490767,1005
2024-09-16 14:03:44.542000,415.5034357451504,7
2024-09-16 14:03:44.600000,415.44219277534137,13
2024-09-16 14:03:44.614000,415.4839890262484,997
2024-09-16 14:03:44.708000,415.48050888194274,97
2024-09-16 14:03:44.726000,415.4440167709767,1003
2024-09-16 14:03:44.764000,415.444302092464,98
2024-09-16 14:03:44.773000,415.4654328330682,9
2024-09-16 14:03:44.788000,415.48818450582905,10
2024-09-16 14:03:44.840000,415.4656801619554,98
2024-09-16 14:03:44.895000,415.49863097551406,103
2024-09-16 14:03:44.901000,415.5139959244278,96
2024-09-16 14:03:44.903000,415.4787479758464,9
2024-09-16 14:03:44.925000,415.4572649169485,101
2024-09-16 14:03:44.932000,415.4692345559943,8
2024-09-16 14:03:44.944000,415.4560721009915,15
2024-09-16 14:03:44.945000,415.4920356388472,95
2024-09-16 14:03:44.984000,415.45024195940135,15
2024-09-16 14:03:44.995000,415.4857086092325,1000
2024-09-16 14:03:45.013000,415.43608594100925,996
2024-09-16 14:03:45.060000,415.4574783082493,15
2024-09-16 14:03:45.098000,415.44476450272816,14
2024-09-16 14:03:45.100000,415.4372584386998,104
2024-09-16 14:03:45.128000,415.4342943252345,996
2024-09-16 14:03:45.130000,415.4639521461405,97
2024-09-16 14:03:45.155000,415.4509252060124,7
2024-09-16 14:03:45.184000,415.4481516351671,10
2024-09-16 14:03:45.242000,415.41149367251614,997
2024-09-16 14:03:45.258000,415.41921161850047,6
2024-09-16 14:03:45.306000,415.4362429469637,98
2024-09-16 14:03:45.349000,415.44020683085125,11
2024-09-16 14:03:45.396000,415.4269351300701,999
2024-09-16 14:03:45.406000,415.4579794881859,98
2024-09-16 14:03:45.463000,415.4452709076104,12
2024-09-16 14:03:45.530000,415.42343540159953,96
2024-09-16 14:03:45.603000,415.4428403000039,98
2024-09-16 14:03:45.607000,415.44396607986175,10
2024-09-16 14:03:45.613000,415.4609570869814,997
2024-09-16 14:03:45.690000,415.4411718929919,14
2024-09-16 14:03:45.743000,415.4405205693228,6
2024-09-16 14:03:45.788000,415.4112243039094,1005
2024-09-16 14:03:45.792000,415.4600434654032,95
2024-09-16 14:03:45.843000,415.4330095116945,8
2024-09-16 14:03:45.969000,415.4452521233685,999
2024-09-16 14:03:46.101000,415.55097828052175,11
2024-09-16 14:03:46.245000,415.5267042337937,103
2024-09-16 14:03:46.277000,415.5388157170436,8
2024-09-16 14:03:46.281000,415.4609755751272,1003
2024-09-16 14:03:46.366000,415.5296498582721,1002
2024-09-16 14:03:46.374000,415.4520715340821,7
2024-09-16 14:03:46.381000,415.4622337289288,9
2024-09-16 14:03:46.408000,415.5406881244652,996
2024-09-16 14:03:46.429000,415.5527168068085,995
2024-09-16 14:03:46.496000,415.5445681287727,96
2024-09-16 14:03:46.539000,415.5071399307918,12
2024-09-16 14:03:46.549000,415.5178402650976,14
2024-09-16 14:03:46.567000,415.5238988080933,100
2024-09-16 14:03:46.621000,415.4792715403698,95
2024-09-16 14:03:46.629000,415.4953978926911,10
2024-09-16 14:03:46.666000,415.5563862990458,9
2024-09-16 14:03:46.677000,415.522971689284,95
2024-09-16 14:03:46.771000,415.507354793529,99
2024-09-16 14:03:46.782000,415.4331630130243,105
2024-09-16 14:03:46.822000,415.4803936731,13
2024-09-16 14:03:46.983000,415.540442841634,11
2024-09-16 14:03:48.033000,415.52566913028375,95
2024-09-16 14:03:48.071000,415.6390793428591,997
2024-09-16 14:03:48.118000,415.5740628843657,1001
2024-09-16 14:03:48.165000,415.6303908408842,996
2024-09-16 14:03:48.237000,415.5790276006442,99
2024-09-16 14:03:48.285000,415.5962369184512,6
2024-09-16 14:03:48.390000,415.5741131081028,1001
2024-09-16 14:03:48.420000,415.5278591300169,10
2024-09-16 14:03:48.452000,415.632871748256,8
2024-09-16 14:03:48.459000,415.6330557215591,101
2024-09-16 14:03:48.477000,415.5727447538829,1000
2024-09-16 14:03:48.528000,415.5270886889548,1005
2024-09-16 14:03:48.590000,415.5644999840681,8
2024-09-16 14:03:48.657000,415.5689738606984,11
2024-09-16 14:03:48.662000,415.61156459268375,14
2024-09-16 14:03:48.668000,415.5863097022228,999
2024-09-16 14:03:48.723000,415.562603276927,1002
2024-09-16 14:03:48.780000,415.5455008297656,997
2024-09-16 14:03:48.789000,415.5720618695443,102
2024-09-16 14:03:48.792000,415.5741806107077,8
2024-09-16 14:03:48.794000,415.54940154561865,95
2024-09-16 14:03:48.827000,415.5280035347148,98
2024-09-16 14:03:48.874000,415.6340748426931,999
2024-09-16 14:03:48.992000,415.56963176203135,98
2024-09-16 14:03:49.019000,415.6577882031791,1002
2024-09-16 14:03:49.022000,415.6936435787306,6
2024-09-16 14:03:49.079000,415.6544621806367,1004
2024-09-16 14:03:49.080000,415.6339735902165,1002
2024-09-16 14:03:49.185000,415.6260314718251,1004
2024-09-16 14:03:49.195000,415.6376431835092,996
2024-09-16 14:03:49.232000,415.6351664113084,8
2024-09-16 14:03:49.240000,415.61489497071074,6
2024-09-16 14:03:49.368000,415.6671182335024,105
2024-09-16 14:03:49.373000,415.622286446308,996
2024-09-16 14:03:49.445000,415.6286249982896,1004
2024-09-16 14:03:49.466000,415.6618665668932,105
2024-09-16 14:03:49.468000,415.6349386015384,5
2024-09-16 14:03:49.482000,415.6421479351208,1004
2024-09-16 14:03:49.538000,415.634084700844,103
2024-09-16 14:03:49.690000,415.660946569316,12
2024-09-16 14:03:49.754000,415.6808621473934,100
2024-09-16 14:03:49.761000,415.632289754212,8
2024-09-16 14:03:49.932000,415.6929635222956,1000
2024-09-16 14:03:49.943000,415.6558867104121,98
2024-09-16 14:03:50.262000,415.6969152740724,999
2024-09-16 14:03:50.344000,415.6949089319749,14
2024-09-16 14:03:50.406000,415.68746837094864,1001
2024-09-16 14:03:50.561000,415.659679479698,9
2024-09-16 14:03:50.599000,415.67870251291686,99
2024-09-16 14:03:50.799000,415.7044272225416,96
2024-09-16 14:03:51.097000,415.6731859839445,10
2024-09-16 14:03:51.173000,415.68469602392673,6
2024-09-16 14:03:51.211000,415.6714617590312,5
2024-09-16 14:03:51.215000,415.6899464894655,98
2024-09-16 14:03:51.295000,415.6898376085745,103
2024-09-16 14:03:51.560000,415.7248279088933,996
2024-09-16 14:03:51.589000,415.6753364166356,13
2024-09-16 14:03:51.712000,415.7038346657271,11
2024-09-16 14:03:51.854000,415.6667637484266,1004
2024-09-16 14:03:51.911000,415.71758872127737,7
2024-09-16 14:03:51.938000,415.7075993037384,100
2024-09-16 14:03:51.943000,415.6693085493311,15
2024-09-16 14:03:52.002000,415.8947318719455,8
2024-09-16 14:03:52.013000,415.888483785516,9
2024-09-16 14:03:52.025000,415.7332066302219,8
2024-09-16 14:03:52.052000,415.8556550813339,8
2024-09-16 14:03:52.062000,415.8826317593195,10
2024-09-16 14:03:52.080000,415.7937697483651,95
2024-09-16 14:03:52.143000,415.9182631673463,998
2024-09-16 14:03:52.179000,415.8914647657117,99
2024-09-16 14:03:52.212000,415.912618784497,105
2024-09-16 14:03:52.244000,415.73760240034943,98
2024-09-16 14:03:52.254000,415.8739798389455,98
2024-09-16 14:03:52.295000,415.9220800780356,999
2024-09-16 14:03:52.297000,415.8869108369682,99
2024-09-16 14:03:52.386000,415.8660730866312,95
2024-09-16 14:03:52.443000,415.7355912179783,8
2024-09-16 14:03:52.444000,415.9282636606364,1001
2024-09-16 14:03:52.484000,415.8971998399561,12
2024-09-16 14:03:52.500000,415.9139226994771,998
2024-09-16 14:03:52.545000,415.8397478265224,11
2024-09-16 14:03:52.612000,415.8960339947994,95
2024-09-16 14:03:52.620000,415.7664554144922,9
2024-09-16 14:03:52.766000,415.875559742118,998
2024-09-16 14:03:52.797000,415.89454135700544,13
2024-09-16 14:03:52.844000,415.8870823920626,105
2024-09-16 14:03:52.882000,415.90749615899136,1005
2024-09-16 14:03:52.896000,415.9136747859221,15
2024-09-16 14:03:52.925000,415.8060829591623,6
2024-09-16 14:03:52.963000,415.887533235372,96
2024-09-16 14:03:53.103000,415.8326592568131,1004
2024-09-16 14:03:53.212000,415.8398283028423,100
2024-09-16 14:03:53.261000,415.81231246042086,101
2024-09-16 14:03:53.272000,415.864796119245,1000
2024-09-16 14:03:53.440000,415.87605520163015,996
2024-09-16 14:03:53.446000,415.8383516931138,13
2024-09-16 14:03:53.532000,415.8740235978005,101
2024-09-16 14:03:53.541000,415.8628783520633,95
2024-09-16 14:03:53.714000,415.8398949586866,996
2024-09-16 14:03:53.730000,415.8573096676417,8
2024-09-16 14:03:53.760000,415.8290243038553,95
2024-09-16 14:03:53.763000,415.84606061057787,999
2024-09-16 14:03:53.791000,415.8522437328326,996
2024-09-16 14:03:53.812000,415.86143894986895,5
2024-09-16 14:03:53.814000,415.8127886311977,1001
2024-09-16 14:03:53.815000,415.85704374709326,996
2024-09-16 14:03:53.833000,415.8276167021848,7
2024-09-16 14:03:53.845000,415.83832247776365,95
2024-09-16 14:03:53.858000,415.839848420648,12
2024-09-16 14:03:53.878000,415.85919324776177,103
2024-09-16 14:03:54.003000,415.82680551601504,998
2024-09-16 14:03:54.044000,415.8384021410466,7
2024-09-16 14:03:54.108000,415.8544355357438,15
2024-09-16 14:03:54.179000,415.8462802543173,102
2024-09-16 14:03:54.287000,415.8517364620757,100
2024-09-16 14:03:54.420000,415.8307983910443,9
2024-09-16 14:03:54.430000,415.7991294245636,103
2024-09-16 14:03:54.648000,415.8438971610602,999
2024-09-16 14:03:54.765000,415.8441705572929,95
2024-09-16 14:03:54.844000,415.8295238084505,100
2024-09-16 14:03:54.867000,415.86895473378166,996
2024-09-16 14:03:54.953000,415.8385934062783,105
2024-09-16 14:03:55.107000,415.8714380880757,100
2024-09-16 14:03:55.181000,415.8603217459339,5
2024-09-16 14:03:55.202000,415.840971899529,7
2024-09-16 14:03:55.209000,415.88217983053966,95
2024-09-16 14:03:55.440000,415.8598750183873,9
2024-09-16 14:03:55.457000,415.8710939921189,10
2024-09-16 14:03:55.625000,415.85824748859534,10
2024-09-16 14:03:55.667000,415.86450505011896,995
2024-09-16 14:03:55.726000,415.85827217174887,9
2024-09-16 14:03:55.767000,415.8601803074536,8
2024-09-16 14:03:55.775000,415.8586321379274,10
2024-09-16 14:03:55.873000,415.8392399738608,97
2024-09-16 14:03:56.006000,415.90546997115615,95
2024-09-16 14:03:56.010000,415.8457449859108,10
2024-09-16 14:03:56.061000,415.86579459590257,98
2024-09-16 14:03:56.096000,415.890093748263,999
2024-09-16 14:03:56.121000,415.8452182490923,5
2024-09-16 14:03:56.124000,415.83532706594457,8
2024-09-16 14:03:56.163000,415.8997711353054,7
2024-09-16 14:03:56.241000,415.8441635392984,7
2024-09-16 14:03:56.269000,415.81547376024673,11
2024-09-16 14:03:56.293000,415.8613982748447,1004
2024-09-16 14:03:56.332000,415.8138573804636,14
2024-09-16 14:03:56.340000,415.82670262111264,95
2024-09-16 14:03:56.350000,415.8900679325021,100
2024-09-16 14:03:56.376000,415.87034970731736,97
2024-09-16 14:03:56.383000,415.8176632631734,97
2024-09-16 14:03:56.409000,415.8909651249126,104
2024-09-16 14:03:56.439000,415.8655474694909,11
2024-09-16 14:03:56.494000,415.8480157909356,999
2024-09-16 14:03:56.526000,415.909929691768,15
2024-09-16 14:03:56.625000,415.83456559587086,11
2024-09-16 14:03:56.639000,415.8818961085016,9
2024-09-16 14:03:56.698000,415.8333577796242,98
2024-09-16 14:03:56.812000,415.8568644203309,1000
2024-09-16 14:03:56.893000,415.8525942651316,10
2024-09-16 14:03:56.931000,415.8396779451759,97
2024-09-16 14:03:56.969000,415.88308986218055,997
2024-09-16 14:03:56.973000,415.8771128570101,95
2024-09-16 14:03:57.022000,415.8106862492086,12
2024-09-16 14:03:57.375000,415.8219843805157,1002
2024-09-16 14:03:57.537000,415.815232947087,999
2024-09-16 14:03:57.741000,415.8057196910021,1002
2024-09-16 14:03:57.839000,415.8011871194269,1000
2024-09-16 14:03:57.907000,415.8072224914822,99
2024-09-16 14:03:57.955000,415.7968775588503,96
2024-09-16 14:03:57.994000,415.803805794106,104
2024-09-16 14:03:58.045000,415.7709741503893,12
2024-09-16 14:03:58.070000,415.8155095424506,13
2024-09-16 14:03:58.136000,415.7890721744644,102
2024-09-16 14:03:58.150000,415.7746493138735,103
2024-09-16 14:03:58.167000,415.7896792853538,100
2024-09-16 14:03:58.191000,415.8095943772397,96
2024-09-16 14:03:58.216000,415.79662562376967,12
2024-09-16 14:03:58.341000,415.818082442923,1002
2024-09-16 14:03:58.435000,415.8259520497252,1003
2024-09-16 14:03:58.446000,415.8124567894785,7
2024-09-16 14:03:58.543000,415.8013045435275,1001
2024-09-16 14:03:58.561000,415.7735699934288,7
2024-09-16 14:03:58.563000,415.8071167419125,14
2024-09-16 14:03:58.634000,415.7965380791149,105
2024-09-16 14:03:58.639000,415.762497365506,9
2024-09-16 14:03:58.669000,415.7980205269228,5
2024-09-16 14:03:58.672000,415.78425351715896,98
2024-09-16 14:03:58.680000,415.7910405997641,998
2024-09-16 14:03:58.776000,415.8023074436052,6
2024-09-16 14:03:58.879000,415.7588393601847,998
2024-09-16 14:03:58.882000,415.76527788379536,1001
2024-09-16 14:03:58.976000,415.7826570556997,7
2024-09-16 14:03:58.991000,415.7953447022331,102
2024-09-16 14:03:59.021000,415.79545174528505,6
2024-09-16 14:03:59.142000,415.7660823461904,12
2024-09-16 14:03:59.166000,415.7787013232284,1004
2024-09-16 14:03:59.170000,415.8429802198971,104
2024-09-16 14:03:59.215000,415.7927777125795,1005
2024-09-16 14:03:59.228000,415.8085274957874,100
2024-09-16 14:03:59.678000,415.8345527931676,15
2024-09-16 14:03:59.719000,415.77908219654415,97
2024-09-16 14:03:59.731000,415.7954553730698,1005
2024-09-16 14:03:59.741000,415.79836239574513,999
2024-09-16 14:03:59.762000,415.8341070761837,996
2024-09-16 14:03:59.763000,415.80233674898255,6
2024-09-16 14:03:59.910000,415.80640219022985,1003
2024-09-16 14:03:59.923000,415.8189549220753,1004
