Timestamp,Price,Size
2024-09-20 10:16:00.066000,424.0100346461549,1003
2024-09-20 10:16:00.067000,424.0587268770449,1004
2024-09-20 10:16:00.227000,424.0465898316821,100
2024-09-20 10:16:00.229000,424.0678224045721,1001
2024-09-20 10:16:00.276000,424.0295527679911,104
2024-09-20 10:16:00.315000,424.0313201745726,15
2024-09-20 10:16:00.356000,423.99617514123565,1000
2024-09-20 10:16:00.383000,424.0032335578173,95
2024-09-20 10:16:00.444000,424.0165293750501,6
2024-09-20 10:16:00.459000,424.0257973980907,99
2024-09-20 10:16:00.558000,424.01055577941287,1004
2024-09-20 10:16:00.563000,424.0426852177255,998
2024-09-20 10:16:00.602000,424.0515495861143,1004
2024-09-20 10:16:00.603000,423.9949500347272,102
2024-09-20 10:16:00.605000,424.0517405973913,99
2024-09-20 10:16:00.696000,424.0375210370701,9
2024-09-20 10:16:00.715000,424.06721556454886,10
2024-09-20 10:16:00.739000,424.0640005369757,9
2024-09-20 10:16:00.747000,424.052513807568,10
2024-09-20 10:16:00.765000,424.0468106423632,11
2024-09-20 10:16:00.778000,423.99903877104737,996
2024-09-20 10:16:00.786000,424.0298893609549,10
2024-09-20 10:16:00.824000,424.05439781320416,1001
2024-09-20 10:16:00.877000,424.06044647141846,1005
2024-09-20 10:16:00.878000,424.0628808434347,15
2024-09-20 10:16:00.944000,424.00655871610576,12
2024-09-20 10:16:00.955000,423.9924448814433,1003
2024-09-20 10:16:00.983000,424.0039050620347,997
2024-09-20 10:16:01.005000,424.0761829656568,11
2024-09-20 10:16:01.075000,424.09807714399113,102
2024-09-20 10:16:01.087000,424.11252306884455,8
2024-09-20 10:16:01.129000,424.1402146715808,995
2024-09-20 10:16:01.181000,424.0602902774462,105
2024-09-20 10:16:01.198000,424.0715381407095,5
2024-09-20 10:16:01.268000,424.1393000782765,100
2024-09-20 10:16:01.420000,424.1071971087623,95
2024-09-20 10:16:01.432000,424.1098785141359,1002
2024-09-20 10:16:01.468000,424.1045813149244,999
2024-09-20 10:16:01.480000,424.11715485461104,100
2024-09-20 10:16:01.532000,424.1071433014629,998
2024-09-20 10:16:01.655000,424.0414326966956,1005
2024-09-20 10:16:01.669000,424.03195756935145,9
2024-09-20 10:16:01.670000,424.04620192531104,6
2024-09-20 10:16:01.677000,424.0156048895018,103
2024-09-20 10:16:01.782000,424.1112058056806,8
2024-09-20 10:16:01.795000,424.056468983206,1001
2024-09-20 10:16:01.799000,424.0211288264365,5
2024-09-20 10:16:01.810000,424.1430432733391,100
2024-09-20 10:16:01.874000,424.11509491446026,1000
2024-09-20 10:16:01.987000,424.0893154845013,1005
2024-09-20 10:16:02.027000,424.1466647497879,1000
2024-09-20 10:16:02.035000,424.1798027704146,101
2024-09-20 10:16:02.056000,424.17437092016746,6
2024-09-20 10:16:02.130000,424.2034526880324,100
2024-09-20 10:16:02.133000,424.18213077148897,8
2024-09-20 10:16:02.151000,424.2027103559692,995
2024-09-20 10:16:02.188000,424.21471626560543,99
2024-09-20 10:16:02.192000,424.1842640469386,999
2024-09-20 10:16:02.194000,424.1452057426354,98
2024-09-20 10:16:02.196000,424.16806798372016,7
2024-09-20 10:16:02.363000,424.2007754022944,997
2024-09-20 10:16:02.375000,424.1622674799443,999
2024-09-20 10:16:02.460000,424.21176581626594,103
2024-09-20 10:16:02.726000,424.1570794221612,997
2024-09-20 10:16:02.738000,424.1780284913111,998
2024-09-20 10:16:02.772000,424.1564160474443,997
2024-09-20 10:16:02.853000,424.14583174646185,1001
2024-09-20 10:16:02.881000,424.1816480820251,12
2024-09-20 10:16:02.921000,424.1242543168572,999
2024-09-20 10:16:02.954000,424.13473000195,6
2024-09-20 10:16:02.966000,424.1579481259208,15
2024-09-20 10:16:03.026000,424.2015487415948,15
2024-09-20 10:16:03.092000,424.19704398275866,7
2024-09-20 10:16:03.105000,424.18066585582176,101
2024-09-20 10:16:03.111000,424.2074140311456,996
2024-09-20 10:16:03.373000,424.18822464597326,1002
2024-09-20 10:16:03.374000,424.1785496177039,1002
2024-09-20 10:16:03.424000,424.1931196277659,9
2024-09-20 10:16:03.468000,424.2445067327982,1004
2024-09-20 10:16:03.486000,424.2619286577196,1002
2024-09-20 10:16:03.502000,424.25760622740313,14
2024-09-20 10:16:03.506000,424.2455938123092,998
2024-09-20 10:16:03.518000,424.2213015997757,103
2024-09-20 10:16:03.524000,424.1838442406308,1000
2024-09-20 10:16:03.567000,424.1815576806347,5
2024-09-20 10:16:03.620000,424.19828501666166,998
2024-09-20 10:16:03.691000,424.2069216189735,997
2024-09-20 10:16:03.702000,424.1963908061488,96
2024-09-20 10:16:03.784000,424.1898927781877,995
2024-09-20 10:16:03.786000,424.2370776002023,102
2024-09-20 10:16:03.907000,424.2444236855355,10
2024-09-20 10:16:03.922000,424.2388442008765,96
2024-09-20 10:16:03.996000,424.245737399753,1004
2024-09-20 10:16:04.079000,424.14752282130326,6
2024-09-20 10:16:04.125000,424.10736508554623,14
2024-09-20 10:16:04.133000,424.16340855069353,7
2024-09-20 10:16:04.166000,424.117060751545,998
2024-09-20 10:16:04.268000,424.0829442621689,101
2024-09-20 10:16:04.402000,424.1787174591176,1005
2024-09-20 10:16:04.403000,424.1526058441967,8
2024-09-20 10:16:04.804000,424.1101113801948,1003
2024-09-20 10:16:04.944000,424.1303639009454,1005
2024-09-20 10:16:05.039000,424.1657124405374,996
2024-09-20 10:16:05.095000,424.16717521219897,5
2024-09-20 10:16:05.126000,424.1413994601714,9
2024-09-20 10:16:05.129000,424.1536719227476,1003
2024-09-20 10:16:05.129000,424.167528224914,99
2024-09-20 10:16:05.215000,424.1515791622244,12
2024-09-20 10:16:05.261000,424.0897279148678,97
2024-09-20 10:16:05.409000,424.1636882701728,98
2024-09-20 10:16:05.430000,424.0881460327757,97
2024-09-20 10:16:05.481000,424.1026854868406,9
2024-09-20 10:16:05.497000,424.14428273097707,102
2024-09-20 10:16:05.503000,424.1450854282367,1001
2024-09-20 10:16:05.640000,424.1699803908869,1001
2024-09-20 10:16:05.669000,424.1194294007672,100
2024-09-20 10:16:05.687000,424.0874851835974,105
2024-09-20 10:16:05.762000,424.10339139189495,9
2024-09-20 10:16:05.802000,424.0885287203312,103
2024-09-20 10:16:05.803000,424.07350230852654,998
2024-09-20 10:16:05.825000,424.17246908454615,6
2024-09-20 10:16:05.853000,424.1051244010113,15
2024-09-20 10:16:05.880000,424.1213823034484,105
2024-09-20 10:16:05.883000,424.1392418706335,10
2024-09-20 10:16:05.913000,424.1562067179845,8
2024-09-20 10:16:05.967000,424.13042841090095,13
2024-09-20 10:16:05.998000,424.15065885783207,997
2024-09-20 10:16:06.008000,424.1926298667887,11
2024-09-20 10:16:06.119000,424.1528538575151,103
2024-09-20 10:16:06.120000,424.1716668176268,13
2024-09-20 10:16:06.134000,424.1655824873455,102
2024-09-20 10:16:06.145000,424.15805311579606,100
2024-09-20 10:16:06.343000,424.1952697381049,15
2024-09-20 10:16:06.378000,424.1721804514154,12
2024-09-20 10:16:06.401000,424.1637372274434,104
2024-09-20 10:16:06.441000,424.204810564893,105
2024-09-20 10:16:06.441000,424.1815641877218,1001
2024-09-20 10:16:06.505000,424.1857663826475,97
2024-09-20 10:16:06.516000,424.1596165974889,998
2024-09-20 10:16:06.527000,424.1718056602114,995
2024-09-20 10:16:06.585000,424.1423924191384,997
2024-09-20 10:16:06.594000,424.1566778738684,996
2024-09-20 10:16:06.611000,424.1572035848037,98
2024-09-20 10:16:06.650000,424.1777426219716,12
2024-09-20 10:16:06.685000,424.1663505910484,7
2024-09-20 10:16:06.712000,424.1814102696054,95
2024-09-20 10:16:06.725000,424.16462614574505,10
2024-09-20 10:16:06.750000,424.178069921844,1004
2024-09-20 10:16:06.756000,424.15987295122585,999
2024-09-20 10:16:06.763000,424.1764372619605,10
2024-09-20 10:16:06.842000,424.161196353486,105
2024-09-20 10:16:06.993000,424.1767331561076,100
2024-09-20 10:16:07,424.1891672800122,13
2024-09-20 10:16:07.118000,424.18625409128526,100
2024-09-20 10:16:07.373000,424.2017372374815,15
2024-09-20 10:16:07.515000,424.2107851642105,13
2024-09-20 10:16:07.629000,424.2066376087411,999
2024-09-20 10:16:07.715000,424.2032081334982,1005
2024-09-20 10:16:07.861000,424.1998746846656,998
2024-09-20 10:16:07.867000,424.1921528411642,104
2024-09-20 10:16:07.905000,424.2082602383491,10
2024-09-20 10:16:07.927000,424.1712649442711,995
2024-09-20 10:16:07.944000,424.2034974381101,11
2024-09-20 10:16:08.014000,424.1278480149379,15
2024-09-20 10:16:08.068000,424.1649938933104,999
2024-09-20 10:16:08.070000,424.2744933151401,97
2024-09-20 10:16:08.084000,424.1368773999363,996
2024-09-20 10:16:08.145000,424.3014726141887,997
2024-09-20 10:16:08.248000,424.2836640150264,95
2024-09-20 10:16:08.329000,424.20696853690265,6
2024-09-20 10:16:08.333000,424.2925079467032,6
2024-09-20 10:16:08.407000,424.1705145509122,996
2024-09-20 10:16:08.456000,424.1573388585146,95
2024-09-20 10:16:08.523000,424.255358937905,997
2024-09-20 10:16:08.601000,424.2062625135499,11
2024-09-20 10:16:08.661000,424.2058225816363,99
2024-09-20 10:16:08.719000,424.1240503129272,998
2024-09-20 10:16:08.784000,424.1672760454046,998
2024-09-20 10:16:08.799000,424.1487531158208,1005
2024-09-20 10:16:08.801000,424.178729221648,996
2024-09-20 10:16:08.841000,424.1170721855912,8
2024-09-20 10:16:08.867000,424.28237725149165,102
2024-09-20 10:16:08.904000,424.172702693737,1001
2024-09-20 10:16:08.920000,424.2299077920055,9
2024-09-20 10:16:09.135000,424.2993161773781,14
2024-09-20 10:16:10.061000,424.30222158160353,98
2024-09-20 10:16:10.255000,424.29459961971736,96
2024-09-20 10:16:11.022000,424.3154387760296,9
2024-09-20 10:16:11.059000,424.3127203873916,7
2024-09-20 10:16:11.171000,424.3391726336132,95
2024-09-20 10:16:11.183000,424.2985075859645,96
2024-09-20 10:16:11.200000,424.3377968230131,100
2024-09-20 10:16:11.219000,424.3498596882875,8
2024-09-20 10:16:11.239000,424.2880269631368,1001
2024-09-20 10:16:11.247000,424.31773762019793,999
2024-09-20 10:16:11.265000,424.3634602812966,1005
2024-09-20 10:16:11.275000,424.2974900950156,95
2024-09-20 10:16:11.402000,424.3242059797572,102
2024-09-20 10:16:11.474000,424.3364464337201,13
2024-09-20 10:16:11.477000,424.3032431075996,100
2024-09-20 10:16:11.530000,424.3096673652711,15
2024-09-20 10:16:11.538000,424.2925674790481,1005
2024-09-20 10:16:11.571000,424.3577945364956,1002
2024-09-20 10:16:11.592000,424.3092626057064,1001
2024-09-20 10:16:11.608000,424.3454982795614,9
2024-09-20 10:16:11.635000,424.3113911774616,96
2024-09-20 10:16:11.681000,424.3503246511802,9
2024-09-20 10:16:11.690000,424.3642348263897,1000
2024-09-20 10:16:11.758000,424.3382713498025,995
2024-09-20 10:16:11.779000,424.3224273363392,103
2024-09-20 10:16:11.851000,424.30870011157657,10
2024-09-20 10:16:11.895000,424.3465695113869,1003
2024-09-20 10:16:11.947000,424.29568684763086,95
2024-09-20 10:16:11.973000,424.31103927364455,14
2024-09-20 10:16:11.975000,424.3485322801852,98
2024-09-20 10:16:14.118000,424.32086097029554,95
2024-09-20 10:16:14.179000,424.2834366003198,6
2024-09-20 10:16:14.197000,424.2700576370952,998
2024-09-20 10:16:14.207000,424.2618530464765,10
2024-09-20 10:16:14.304000,424.29142927952745,98
2024-09-20 10:16:14.319000,424.2970576751072,96
2024-09-20 10:16:14.469000,424.285143574582,998
2024-09-20 10:16:14.488000,424.2758268210988,1005
2024-09-20 10:16:14.524000,424.290687136749,997
2024-09-20 10:16:14.606000,424.29767053970295,14
2024-09-20 10:16:14.685000,424.2778793512072,101
2024-09-20 10:16:14.924000,424.286267696527,1001
2024-09-20 10:16:14.957000,424.28348796397984,9
2024-09-20 10:16:15.041000,424.2704080562498,1003
2024-09-20 10:16:15.130000,424.2849994830876,99
2024-09-20 10:16:15.173000,424.27157424752926,8
2024-09-20 10:16:15.187000,424.2779451201441,996
2024-09-20 10:16:15.207000,424.305140649473,100
2024-09-20 10:16:15.237000,424.3005498690084,105
2024-09-20 10:16:15.247000,424.29610999869885,11
2024-09-20 10:16:15.266000,424.3251303635177,9
2024-09-20 10:16:15.291000,424.2687032672108,7
2024-09-20 10:16:15.297000,424.2769563855353,5
2024-09-20 10:16:15.414000,424.2822169299653,95
2024-09-20 10:16:15.476000,424.2907622916284,14
2024-09-20 10:16:15.500000,424.2770108578603,7
2024-09-20 10:16:15.506000,424.2927020620159,1000
2024-09-20 10:16:15.577000,424.2668614288019,97
2024-09-20 10:16:15.668000,424.28088012170406,5
2024-09-20 10:16:15.714000,424.27549544150935,95
2024-09-20 10:16:15.833000,424.2847486071256,8
2024-09-20 10:16:15.848000,424.3012770210511,102
2024-09-20 10:16:15.975000,424.2700106180164,102
2024-09-20 10:16:15.999000,424.2743933983227,10
2024-09-20 10:16:16.237000,424.3080300243426,998
2024-09-20 10:16:16.773000,424.3094013575724,97
2024-09-20 10:16:17.412000,424.27857800523066,996
2024-09-20 10:16:17.516000,424.2980245327618,100
2024-09-20 10:16:17.581000,424.2608083417403,1002
2024-09-20 10:16:18.082000,424.2008428653141,998
2024-09-20 10:16:18.085000,424.201636979656,996
2024-09-20 10:16:18.095000,424.212894162092,99
2024-09-20 10:16:18.103000,424.2130253035793,100
2024-09-20 10:16:18.111000,424.1899502781032,1004
2024-09-20 10:16:18.131000,424.2259340506829,99
2024-09-20 10:16:18.234000,424.1892356751086,95
2024-09-20 10:16:18.253000,424.22873686054,8
2024-09-20 10:16:18.261000,424.26272241768174,101
2024-09-20 10:16:18.360000,424.2692262913959,15
2024-09-20 10:16:18.390000,424.2132745341152,6
2024-09-20 10:16:18.407000,424.1961041141278,7
2024-09-20 10:16:18.462000,424.1978046123234,11
2024-09-20 10:16:18.558000,424.1857672457713,996
2024-09-20 10:16:18.559000,424.1852152515802,1005
2024-09-20 10:16:18.568000,424.1845723397191,9
2024-09-20 10:16:18.699000,424.2134327927988,9
2024-09-20 10:16:18.748000,424.1881963183776,98
2024-09-20 10:16:18.749000,424.2501395869863,998
2024-09-20 10:16:18.775000,424.2112724599551,1004
2024-09-20 10:16:18.834000,424.1970558649894,13
2024-09-20 10:16:18.883000,424.2443300518021,997
2024-09-20 10:16:18.916000,424.2607925352518,102
2024-09-20 10:16:18.924000,424.2092675546148,13
2024-09-20 10:16:18.988000,424.2372606252788,14
2024-09-20 10:16:19.176000,424.20981596179433,6
2024-09-20 10:16:19.311000,424.2067898671116,15
2024-09-20 10:16:19.345000,424.2183743802331,998
2024-09-20 10:16:19.488000,424.2069085005571,1000
2024-09-20 10:16:19.537000,424.2137950154511,12
2024-09-20 10:16:19.654000,424.2184015103026,996
2024-09-20 10:16:19.801000,424.2230808785128,98
2024-09-20 10:16:19.907000,424.2060191136449,102
2024-09-20 10:16:19.944000,424.2165511606837,105
2024-09-20 10:16:19.946000,424.2182036854855,999
2024-09-20 10:16:19.999000,424.2103093234532,15
2024-09-20 10:16:20.007000,424.2326095877007,97
2024-09-20 10:16:20.188000,424.2308680134613,104
2024-09-20 10:16:20.218000,424.23168457860623,14
2024-09-20 10:16:20.232000,424.2338924673445,102
2024-09-20 10:16:20.285000,424.23294609672905,99
2024-09-20 10:16:20.296000,424.243195281519,14
2024-09-20 10:16:20.300000,424.2347049322535,96
2024-09-20 10:16:20.439000,424.2633047626581,101
2024-09-20 10:16:20.452000,424.22903793620657,103
2024-09-20 10:16:20.464000,424.2141740345687,14
2024-09-20 10:16:20.479000,424.2004826420532,95
2024-09-20 10:16:20.484000,424.2530827896813,99
2024-09-20 10:16:20.496000,424.2301337622731,1002
2024-09-20 10:16:20.602000,424.2388959754071,96
2024-09-20 10:16:20.608000,424.2395089627914,999
2024-09-20 10:16:20.681000,424.2236333307225,96
2024-09-20 10:16:20.731000,424.2519741442413,9
2024-09-20 10:16:20.737000,424.222482718917,96
2024-09-20 10:16:20.737000,424.25220557835104,997
2024-09-20 10:16:20.788000,424.22293478293017,97
2024-09-20 10:16:20.802000,424.22947696148105,96
2024-09-20 10:16:20.850000,424.246366728395,102
2024-09-20 10:16:20.876000,424.23024919031633,12
2024-09-20 10:16:21.017000,424.1885439874314,997
2024-09-20 10:16:21.061000,424.1995428937967,995
2024-09-20 10:16:21.069000,424.17454465349465,1001
2024-09-20 10:16:21.123000,424.1951128720768,101
2024-09-20 10:16:21.124000,424.17339161267137,8
2024-09-20 10:16:21.340000,424.19498331784666,1000
2024-09-20 10:16:21.437000,424.1992182719136,97
2024-09-20 10:16:21.461000,424.2059651313391,97
2024-09-20 10:16:21.551000,424.17674802864406,14
2024-09-20 10:16:21.603000,424.1867938414219,14
2024-09-20 10:16:21.732000,424.1707964623852,11
2024-09-20 10:16:21.743000,424.2158560975704,14
2024-09-20 10:16:21.743000,424.1963625000284,6
2024-09-20 10:16:21.783000,424.2009137098476,97
2024-09-20 10:16:21.845000,424.1873423278208,997
2024-09-20 10:16:21.880000,424.1965007324496,95
2024-09-20 10:16:21.960000,424.1915238927197,95
2024-09-20 10:16:21.967000,424.2027020951739,101
2024-09-20 10:16:22.101000,424.2105940249507,9
2024-09-20 10:16:22.130000,424.1984736968745,999
2024-09-20 10:16:22.142000,424.2070783958511,995
2024-09-20 10:16:22.254000,424.2018968671932,1003
2024-09-20 10:16:22.328000,424.2027680835554,105
2024-09-20 10:16:22.465000,424.2102619248823,105
2024-09-20 10:16:22.526000,424.2067888423248,103
2024-09-20 10:16:22.618000,424.1791194161184,96
2024-09-20 10:16:22.772000,424.2110547953432,1002
2024-09-20 10:16:22.912000,424.2162384101026,6
2024-09-20 10:16:23.184000,424.14095188936506,12
2024-09-20 10:16:23.232000,424.17567981580106,101
2024-09-20 10:16:23.280000,424.18866618380974,1003
2024-09-20 10:16:23.295000,424.2155904235944,97
2024-09-20 10:16:23.390000,424.2181326400439,15
2024-09-20 10:16:23.407000,424.19841860591,12
2024-09-20 10:16:23.577000,424.162554827837,1001
2024-09-20 10:16:23.690000,424.1943085557712,101
2024-09-20 10:16:23.759000,424.21167181619,13
2024-09-20 10:16:23.778000,424.2221457002517,105
2024-09-20 10:16:23.818000,424.169071504582,1004
2024-09-20 10:16:24.142000,424.17144443669207,13
2024-09-20 10:16:24.194000,424.157190480384,100
2024-09-20 10:16:24.221000,424.1696235429012,8
2024-09-20 10:16:24.239000,424.1969449699194,11
2024-09-20 10:16:24.297000,424.1842444897376,1003
2024-09-20 10:16:24.418000,424.15074395744415,7
2024-09-20 10:16:24.464000,424.1820808458012,995
2024-09-20 10:16:24.611000,424.19802911813895,100
2024-09-20 10:16:24.777000,424.2152036012152,11
2024-09-20 10:16:24.883000,424.1931016050905,10
2024-09-20 10:16:25.227000,424.2137581292504,100
2024-09-20 10:16:25.297000,424.2057394599527,995
2024-09-20 10:16:25.494000,424.1966510054171,103
2024-09-20 10:16:25.670000,424.217224026729,95
2024-09-20 10:16:25.850000,424.21946689012685,104
2024-09-20 10:16:26.071000,424.2011010075153,996
2024-09-20 10:16:26.079000,424.1890261003545,10
2024-09-20 10:16:26.083000,424.1865178611456,102
2024-09-20 10:16:26.100000,424.16745941798666,100
2024-09-20 10:16:26.107000,424.1975823855472,1001
2024-09-20 10:16:26.137000,424.21809766181366,102
2024-09-20 10:16:26.144000,424.18347192903184,995
2024-09-20 10:16:26.150000,424.2051786044756,104
2024-09-20 10:16:26.207000,424.2093922859936,1002
2024-09-20 10:16:26.280000,424.1799901979264,15
2024-09-20 10:16:26.307000,424.1842362286216,997
2024-09-20 10:16:26.405000,424.1561939344395,97
2024-09-20 10:16:26.416000,424.1711538083348,999
2024-09-20 10:16:26.463000,424.1771454481448,15
2024-09-20 10:16:26.480000,424.1623201353842,999
2024-09-20 10:16:26.533000,424.2164316212854,11
2024-09-20 10:16:26.560000,424.161268413909,102
2024-09-20 10:16:26.573000,424.1740239002403,96
2024-09-20 10:16:26.656000,424.17738373748784,1002
2024-09-20 10:16:26.804000,424.17266747521217,11
2024-09-20 10:16:26.811000,424.2037898556022,12
2024-09-20 10:16:26.959000,424.1924057763682,8
2024-09-20 10:16:26.994000,424.1661085914924,14
2024-09-20 10:16:27.023000,424.28456345669537,14
2024-09-20 10:16:27.095000,424.2014404209425,104
2024-09-20 10:16:27.142000,424.2171365889888,104
2024-09-20 10:16:27.143000,424.1941677239249,1001
2024-09-20 10:16:27.177000,424.2480459507683,104
2024-09-20 10:16:27.278000,424.2742699641315,15
2024-09-20 10:16:27.387000,424.2330230803572,95
2024-09-20 10:16:27.393000,424.2128763293448,15
2024-09-20 10:16:27.436000,424.22647598379376,1004
2024-09-20 10:16:27.505000,424.2073617453695,101
2024-09-20 10:16:27.517000,424.2179755704929,96
2024-09-20 10:16:27.552000,424.2793726527431,1000
2024-09-20 10:16:27.609000,424.2658130111736,100
2024-09-20 10:16:28.071000,424.3626199708487,100
2024-09-20 10:16:28.112000,424.2650185321178,11
2024-09-20 10:16:28.133000,424.2758053918515,1002
2024-09-20 10:16:28.181000,424.37171827939767,99
2024-09-20 10:16:28.188000,424.39032833550976,11
2024-09-20 10:16:28.271000,424.35599323473406,996
2024-09-20 10:16:28.311000,424.26423703068,101
2024-09-20 10:16:28.339000,424.3659521130586,1001
2024-09-20 10:16:28.472000,424.35491819442433,14
2024-09-20 10:16:28.526000,424.3807193604247,995
2024-09-20 10:16:28.577000,424.2639409746574,1004
2024-09-20 10:16:28.605000,424.2705211015667,104
2024-09-20 10:16:28.613000,424.341250140305,95
2024-09-20 10:16:28.662000,424.3544367576751,15
2024-09-20 10:16:28.696000,424.3242031459637,15
2024-09-20 10:16:28.710000,424.3687765464371,7
2024-09-20 10:16:28.726000,424.2858723997297,13
2024-09-20 10:16:28.777000,424.3956474865752,105
2024-09-20 10:16:28.794000,424.2544431396478,1005
2024-09-20 10:16:28.810000,424.3894297675048,102
2024-09-20 10:16:28.816000,424.2961400824652,11
2024-09-20 10:16:28.879000,424.2939443719192,1003
2024-09-20 10:16:28.925000,424.3356850375516,1001
2024-09-20 10:16:28.959000,424.296601475264,996
2024-09-20 10:16:28.986000,424.3784679127096,102
2024-09-20 10:16:28.990000,424.34751932717006,7
2024-09-20 10:16:29.012000,424.2951275792724,14
2024-09-20 10:16:29.028000,424.3285746598087,95
2024-09-20 10:16:29.035000,424.3060752551028,13
2024-09-20 10:16:29.087000,424.2656295213072,8
2024-09-20 10:16:29.096000,424.358207971788,100
2024-09-20 10:16:29.172000,424.27470470351307,100
2024-09-20 10:16:29.252000,424.312055912264,102
2024-09-20 10:16:29.396000,424.35326922754336,1004
2024-09-20 10:16:29.403000,424.3523758430294,105
2024-09-20 10:16:29.420000,424.2986410554922,100
2024-09-20 10:16:29.426000,424.2834514217316,5
2024-09-20 10:16:29.440000,424.2861821381816,1002
2024-09-20 10:16:29.453000,424.3375961524078,1001
2024-09-20 10:16:29.453000,424.33684743156647,10
2024-09-20 10:16:29.482000,424.3563086322061,14
2024-09-20 10:16:29.528000,424.2912198544576,95
2024-09-20 10:16:29.572000,424.3583189394959,999
2024-09-20 10:16:29.781000,424.2838803436596,103
2024-09-20 10:16:29.804000,424.3214080855125,96
2024-09-20 10:16:29.807000,424.3000658277856,101
2024-09-20 10:16:29.854000,424.30960063719846,5
2024-09-20 10:16:29.868000,424.2951226401289,1001
2024-09-20 10:16:29.900000,424.32703428565344,97
2024-09-20 10:16:29.909000,424.32257543424754,14
2024-09-20 10:16:29.936000,424.35693343211904,14
2024-09-20 10:16:29.968000,424.3061763576174,104
2024-09-20 10:16:30.896000,424.28642773142514,5
2024-09-20 10:16:31.346000,424.2748504545885,998
2024-09-20 10:16:31.515000,424.2823612566428,100
2024-09-20 10:16:32.018000,424.2790245056158,97
2024-09-20 10:16:32.023000,424.3025103649405,999
2024-09-20 10:16:32.107000,424.3192935193052,14
2024-09-20 10:16:32.172000,424.3125328503687,9
2024-09-20 10:16:32.175000,424.29360497942486,100
2024-09-20 10:16:32.237000,424.3208485164133,1005
2024-09-20 10:16:32.257000,424.2942192548679,5
2024-09-20 10:16:32.291000,424.2911156177056,8
2024-09-20 10:16:32.313000,424.3142859754364,102
2024-09-20 10:16:32.314000,424.2746024065057,8
2024-09-20 10:16:32.324000,424.2707491202341,96
2024-09-20 10:16:32.385000,424.2966695895552,103
2024-09-20 10:16:32.502000,424.3138901793653,97
2024-09-20 10:16:32.553000,424.3105132582297,1003
2024-09-20 10:16:32.567000,424.3096946677829,101
2024-09-20 10:16:32.644000,424.28882883899314,11
2024-09-20 10:16:32.741000,424.3022933050308,104
2024-09-20 10:16:32.777000,424.2827505269233,103
2024-09-20 10:16:32.866000,424.2744493196234,99
2024-09-20 10:16:32.932000,424.284332917934,102
2024-09-20 10:16:33.061000,424.1534991735553,8
2024-09-20 10:16:33.132000,424.1956986726421,6
2024-09-20 10:16:33.171000,424.1883628442783,100
2024-09-20 10:16:33.210000,424.16220629344,996
2024-09-20 10:16:33.315000,424.2022467364242,9
2024-09-20 10:16:33.434000,424.2445574718656,97
2024-09-20 10:16:33.436000,424.2047231292457,104
2024-09-20 10:16:33.443000,424.26530437916654,6
2024-09-20 10:16:33.487000,424.2268366895418,97
2024-09-20 10:16:33.499000,424.24239030876777,998
2024-09-20 10:16:33.527000,424.18874338463104,997
2024-09-20 10:16:33.530000,424.2214634468064,998
2024-09-20 10:16:33.577000,424.1777631089337,104
2024-09-20 10:16:33.640000,424.1497375082003,1001
2024-09-20 10:16:33.670000,424.1553711079564,1002
2024-09-20 10:16:33.797000,424.185194684459,1001
2024-09-20 10:16:33.977000,424.2394809418856,10
2024-09-20 10:16:34.032000,424.2122381948136,1005
2024-09-20 10:16:34.070000,424.2042055553581,999
2024-09-20 10:16:34.181000,424.2000435567701,103
2024-09-20 10:16:34.251000,424.22823346909416,6
2024-09-20 10:16:34.282000,424.1841970500939,102
2024-09-20 10:16:34.309000,424.1985677024258,102
2024-09-20 10:16:34.840000,424.2242129355696,8
2024-09-20 10:16:35.090000,424.2033823453434,8
2024-09-20 10:16:36.081000,424.2388186176675,14
2024-09-20 10:16:36.095000,424.23751891242426,15
2024-09-20 10:16:36.111000,424.2050567624979,105
2024-09-20 10:16:36.180000,424.2357971144062,104
2024-09-20 10:16:36.319000,424.2488371958279,11
2024-09-20 10:16:36.338000,424.2346727710392,6
2024-09-20 10:16:36.346000,424.2450611852827,995
2024-09-20 10:16:36.365000,424.2161417926671,104
2024-09-20 10:16:36.374000,424.23329984993086,12
2024-09-20 10:16:36.465000,424.2507142297295,12
2024-09-20 10:16:36.498000,424.2584354981659,1000
2024-09-20 10:16:36.535000,424.2480642509671,103
2024-09-20 10:16:36.564000,424.2267428935801,995
2024-09-20 10:16:36.595000,424.2196708683944,95
2024-09-20 10:16:36.619000,424.23522595475873,1005
2024-09-20 10:16:36.718000,424.2287574350144,1003
2024-09-20 10:16:36.722000,424.2409148366921,996
2024-09-20 10:16:36.853000,424.2400137815287,95
2024-09-20 10:16:36.980000,424.2656816911582,1004
2024-09-20 10:16:37.033000,424.1149741977412,6
2024-09-20 10:16:37.078000,424.22346539681934,1003
2024-09-20 10:16:37.185000,424.2163125099736,13
2024-09-20 10:16:37.207000,424.1392789258887,105
2024-09-20 10:16:37.330000,424.2142663433594,100
2024-09-20 10:16:37.424000,424.23506817357713,103
2024-09-20 10:16:37.472000,424.227013794691,100
2024-09-20 10:16:37.476000,424.1841009667333,101
2024-09-20 10:16:37.491000,424.1604366474984,14
2024-09-20 10:16:37.561000,424.16800898888266,101
2024-09-20 10:16:37.584000,424.2272964348598,12
2024-09-20 10:16:37.839000,424.2111483425799,1005
2024-09-20 10:16:37.880000,424.23307426760334,1001
2024-09-20 10:16:37.932000,424.1444104103299,998
2024-09-20 10:16:37.973000,424.121926279557,1000
2024-09-20 10:16:38.174000,424.15675340718553,98
2024-09-20 10:16:38.311000,424.1210202368841,999
2024-09-20 10:16:38.369000,424.1383615992339,105
2024-09-20 10:16:38.396000,424.1577783503287,100
2024-09-20 10:16:38.404000,424.2134117922516,8
2024-09-20 10:16:38.427000,424.2017788238144,14
2024-09-20 10:16:38.539000,424.1909210887828,15
2024-09-20 10:16:38.652000,424.1622407506462,10
2024-09-20 10:16:38.718000,424.2014321745012,995
2024-09-20 10:16:38.777000,424.2106606266488,6
2024-09-20 10:16:38.833000,424.1792122170689,103
2024-09-20 10:16:38.836000,424.14461849298846,5
2024-09-20 10:16:38.842000,424.18770786030177,5
2024-09-20 10:16:39.090000,424.20203902923794,100
2024-09-20 10:16:39.143000,424.2309940157356,995
2024-09-20 10:16:39.147000,424.1793347039985,1000
2024-09-20 10:16:39.150000,424.1981817500544,5
2024-09-20 10:16:39.206000,424.20296411639066,101
2024-09-20 10:16:39.215000,424.2244573505796,100
2024-09-20 10:16:39.240000,424.20366269926143,105
2024-09-20 10:16:39.252000,424.2120316376767,14
2024-09-20 10:16:39.315000,424.2054667765892,1001
2024-09-20 10:16:39.317000,424.1970220639173,1003
2024-09-20 10:16:39.332000,424.22365137719305,1005
2024-09-20 10:16:39.337000,424.2104659394402,6
2024-09-20 10:16:39.416000,424.1880039518391,102
2024-09-20 10:16:39.512000,424.2326409851931,15
2024-09-20 10:16:39.558000,424.2089606495416,102
2024-09-20 10:16:39.823000,424.1882170769772,98
2024-09-20 10:16:39.845000,424.20394437117545,96
2024-09-20 10:16:39.962000,424.20153330515694,103
2024-09-20 10:16:40.048000,424.2144448016387,9
2024-09-20 10:16:40.064000,424.2200677341911,5
2024-09-20 10:16:40.102000,424.1989158538038,6
2024-09-20 10:16:40.110000,424.2180184765016,8
2024-09-20 10:16:40.147000,424.2023537915645,1002
2024-09-20 10:16:40.177000,424.235224280258,13
2024-09-20 10:16:40.186000,424.2449327535022,1004
2024-09-20 10:16:40.237000,424.19226156064167,999
2024-09-20 10:16:40.280000,424.2255797980888,104
2024-09-20 10:16:40.342000,424.2298215275863,6
2024-09-20 10:16:40.394000,424.2163029632779,1004
2024-09-20 10:16:40.487000,424.22863162937705,997
2024-09-20 10:16:40.497000,424.2091728650862,7
2024-09-20 10:16:40.505000,424.22731602772336,101
2024-09-20 10:16:40.570000,424.2347322772732,6
2024-09-20 10:16:40.878000,424.2137395803277,97
2024-09-20 10:16:40.898000,424.2444131833132,5
2024-09-20 10:16:40.964000,424.2251592727128,14
2024-09-20 10:16:41.181000,424.24251108845147,95
2024-09-20 10:16:41.263000,424.24559906972206,102
2024-09-20 10:16:41.629000,424.2251238176334,14
2024-09-20 10:16:42.056000,424.2379962893257,103
2024-09-20 10:16:42.334000,424.2298620191672,6
2024-09-20 10:16:42.461000,424.2256194346895,11
2024-09-20 10:16:42.548000,424.24265906890815,6
2024-09-20 10:16:43.039000,424.2254857864706,1002
2024-09-20 10:16:43.057000,424.1549857233034,101
2024-09-20 10:16:43.096000,424.19791515310254,100
2024-09-20 10:16:43.108000,424.2380759717017,104
2024-09-20 10:16:43.121000,424.2299495341319,103
2024-09-20 10:16:43.135000,424.1519865867386,96
2024-09-20 10:16:43.208000,424.1447404933034,15
2024-09-20 10:16:43.223000,424.15764662866576,14
2024-09-20 10:16:43.281000,424.1391867959976,104
2024-09-20 10:16:43.299000,424.1453178341289,101
2024-09-20 10:16:43.321000,424.1580359244888,7
2024-09-20 10:16:43.328000,424.23953647680383,996
2024-09-20 10:16:43.392000,424.1554259748296,104
2024-09-20 10:16:43.606000,424.1650587663023,96
2024-09-20 10:16:43.669000,424.1708701533115,995
2024-09-20 10:16:43.674000,424.2495056255344,11
2024-09-20 10:16:43.709000,424.150194993099,999
2024-09-20 10:16:43.715000,424.23852948982994,1004
2024-09-20 10:16:43.775000,424.15233784592425,1003
2024-09-20 10:16:43.822000,424.2200623282962,10
2024-09-20 10:16:43.847000,424.2461063300747,999
2024-09-20 10:16:43.959000,424.20135759164606,105
2024-09-20 10:16:43.968000,424.2043916914759,7
2024-09-20 10:16:43.971000,424.2524448956199,10
2024-09-20 10:16:44.030000,424.208955378852,103
2024-09-20 10:16:44.047000,424.20925373759405,995
2024-09-20 10:16:44.063000,424.1775277115376,14
2024-09-20 10:16:44.069000,424.2702446657784,6
2024-09-20 10:16:44.071000,424.30161259936256,96
2024-09-20 10:16:44.082000,424.20546875904176,7
2024-09-20 10:16:44.135000,424.2722415817374,1001
2024-09-20 10:16:44.205000,424.1678462808883,98
2024-09-20 10:16:44.224000,424.2465909826031,999
2024-09-20 10:16:44.376000,424.1970309241387,999
2024-09-20 10:16:44.434000,424.1796987042285,999
2024-09-20 10:16:44.438000,424.1931224616557,97
2024-09-20 10:16:44.438000,424.2547300844594,103
2024-09-20 10:16:44.455000,424.1916552432085,101
2024-09-20 10:16:44.474000,424.2499609310162,996
2024-09-20 10:16:44.533000,424.28217144399576,1002
2024-09-20 10:16:44.563000,424.184113659288,7
2024-09-20 10:16:44.605000,424.1648815755333,6
2024-09-20 10:16:44.633000,424.2942729768106,996
2024-09-20 10:16:44.641000,424.25690785958426,105
2024-09-20 10:16:44.706000,424.3055507960968,6
2024-09-20 10:16:44.707000,424.1787522502606,95
2024-09-20 10:16:44.796000,424.2215853162799,104
2024-09-20 10:16:44.854000,424.14777972461,97
2024-09-20 10:16:44.911000,424.2046225183741,96
2024-09-20 10:16:44.969000,424.268075738541,12
2024-09-20 10:16:44.989000,424.2082203252436,1003
2024-09-20 10:16:45.083000,424.2958018773122,997
2024-09-20 10:16:45.271000,424.2720434342359,15
2024-09-20 10:16:45.349000,424.2869901908017,998
2024-09-20 10:16:45.404000,424.2878511613112,998
2024-09-20 10:16:45.519000,424.28575385718153,12
2024-09-20 10:16:45.686000,424.28050308582016,1002
2024-09-20 10:16:45.812000,424.2711424881021,1000
2024-09-20 10:16:45.898000,424.2862565441579,103
2024-09-20 10:16:45.934000,424.2925509553415,11
2024-09-20 10:16:45.947000,424.2735916219144,1004
2024-09-20 10:16:46.028000,424.3098655635088,1002
2024-09-20 10:16:46.125000,424.3032647951704,996
2024-09-20 10:16:46.128000,424.2807293424989,998
2024-09-20 10:16:46.142000,424.3150057749403,105
2024-09-20 10:16:46.146000,424.2618144438649,105
2024-09-20 10:16:46.192000,424.3157529351299,97
2024-09-20 10:16:46.236000,424.2636572763639,101
2024-09-20 10:16:46.366000,424.28065730728434,14
2024-09-20 10:16:46.383000,424.2864459993097,97
2024-09-20 10:16:46.385000,424.2713973675131,104
2024-09-20 10:16:46.417000,424.28639805200856,11
2024-09-20 10:16:46.426000,424.2804325668864,101
2024-09-20 10:16:46.426000,424.3096529538774,97
2024-09-20 10:16:46.427000,424.2680826278981,11
2024-09-20 10:16:46.480000,424.2926200739144,7
2024-09-20 10:16:46.512000,424.2647522978629,9
2024-09-20 10:16:46.720000,424.27917136281474,1004
2024-09-20 10:16:46.726000,424.3112431602144,14
2024-09-20 10:16:46.727000,424.3049049091225,996
2024-09-20 10:16:46.782000,424.29204796255584,100
2024-09-20 10:16:46.789000,424.2797207449712,995
2024-09-20 10:16:46.797000,424.2665412838853,97
2024-09-20 10:16:46.800000,424.270884432417,995
2024-09-20 10:16:46.856000,424.2863169892296,7
2024-09-20 10:16:47.025000,424.2894908689066,10
2024-09-20 10:16:47.123000,424.3334889112405,98
2024-09-20 10:16:47.205000,424.3270885106641,996
2024-09-20 10:16:47.237000,424.3496656569052,996
2024-09-20 10:16:47.320000,424.3038979842459,104
2024-09-20 10:16:47.496000,424.32713976165536,6
2024-09-20 10:16:47.726000,424.3699216696534,102
2024-09-20 10:16:47.864000,424.3230597825292,999
2024-09-20 10:16:47.872000,424.2891589803015,95
2024-09-20 10:16:48.031000,424.3188373975354,101
2024-09-20 10:16:48.160000,424.3357401705548,105
2024-09-20 10:16:48.305000,424.3408957240995,12
2024-09-20 10:16:48.357000,424.36659131680057,14
2024-09-20 10:16:48.547000,424.35264737857824,15
2024-09-20 10:16:48.561000,424.3199223715191,8
2024-09-20 10:16:48.760000,424.3388800384215,104
2024-09-20 10:16:48.960000,424.330405799222,95
2024-09-20 10:16:49.633000,424.3594056627351,99
2024-09-20 10:16:49.949000,424.3257920779672,6
2024-09-20 10:16:51.055000,424.37406134818536,999
2024-09-20 10:16:51.145000,424.3392284460796,995
2024-09-20 10:16:51.279000,424.34069682684185,98
2024-09-20 10:16:51.312000,424.36096874903706,14
2024-09-20 10:16:51.467000,424.3479744386388,12
2024-09-20 10:16:51.475000,424.36483595785904,104
2024-09-20 10:16:51.569000,424.3424021795773,103
2024-09-20 10:16:51.605000,424.34651285769456,11
2024-09-20 10:16:51.745000,424.3425912254439,105
2024-09-20 10:16:51.788000,424.3476362310289,1001
2024-09-20 10:16:51.795000,424.33414316971,6
2024-09-20 10:16:51.847000,424.3327136380864,998
2024-09-20 10:16:51.994000,424.374342428164,8
2024-09-20 10:16:52.171000,424.3091545418302,11
2024-09-20 10:16:52.307000,424.3076615888784,9
2024-09-20 10:16:52.356000,424.3161196123378,6
2024-09-20 10:16:52.401000,424.3144126545705,7
2024-09-20 10:16:52.409000,424.3143682272363,102
2024-09-20 10:16:52.873000,424.3326728758366,15
2024-09-20 10:16:52.934000,424.3150021020088,995
2024-09-20 10:16:53.008000,424.272179717895,104
2024-09-20 10:16:53.020000,424.3152431292839,5
2024-09-20 10:16:53.065000,424.35154440872,104
2024-09-20 10:16:53.079000,424.3313513640712,100
2024-09-20 10:16:53.100000,424.3074377313027,1004
2024-09-20 10:16:53.128000,424.336079305421,11
2024-09-20 10:16:53.217000,424.3216846522761,14
2024-09-20 10:16:53.254000,424.28701275537486,1002
2024-09-20 10:16:53.276000,424.31372802654016,101
2024-09-20 10:16:53.309000,424.3371165743905,12
2024-09-20 10:16:53.372000,424.3484941507486,105
2024-09-20 10:16:53.557000,424.30038393819024,15
2024-09-20 10:16:53.622000,424.2970436004333,1003
2024-09-20 10:16:53.682000,424.2815378795232,997
2024-09-20 10:16:53.855000,424.2760763035501,102
2024-09-20 10:16:53.875000,424.2910507913832,996
2024-09-20 10:16:53.888000,424.3177207790328,105
2024-09-20 10:16:53.894000,424.276053407424,9
2024-09-20 10:16:53.929000,424.3444824311944,99
2024-09-20 10:16:53.951000,424.306667970478,105
2024-09-20 10:16:53.967000,424.31674702952034,997
2024-09-20 10:16:53.969000,424.28925291353727,1005
2024-09-20 10:16:54.009000,424.2879173909269,996
2024-09-20 10:16:54.058000,424.3003399730625,10
2024-09-20 10:16:54.089000,424.32359966472825,11
2024-09-20 10:16:54.113000,424.2974853465253,102
2024-09-20 10:16:54.217000,424.3086820625288,13
2024-09-20 10:16:54.278000,424.2686786089984,998
2024-09-20 10:16:54.363000,424.2720343589857,996
2024-09-20 10:16:54.402000,424.3340324187722,105
2024-09-20 10:16:54.418000,424.3432138875132,1004
2024-09-20 10:16:54.466000,424.3307576444439,1000
2024-09-20 10:16:54.682000,424.3188360869531,10
2024-09-20 10:16:54.768000,424.326207827937,97
2024-09-20 10:16:54.777000,424.2720925779288,7
2024-09-20 10:16:54.935000,424.3200397602004,9
2024-09-20 10:16:54.962000,424.2726753883241,101
2024-09-20 10:16:54.975000,424.3048754661687,96
2024-09-20 10:16:54.991000,424.3561294469082,1002
2024-09-20 10:16:55.010000,424.2693307953592,1005
2024-09-20 10:16:55.050000,424.2482961173768,8
2024-09-20 10:16:55.086000,424.2654660461805,105
2024-09-20 10:16:55.130000,424.275176707884,1003
2024-09-20 10:16:55.256000,424.280013260542,1004
2024-09-20 10:16:55.394000,424.278505474556,98
2024-09-20 10:16:55.402000,424.2291518858873,995
2024-09-20 10:16:55.466000,424.2485624564584,15
2024-09-20 10:16:55.507000,424.2443720917956,996
2024-09-20 10:16:55.542000,424.2298315010989,96
2024-09-20 10:16:55.579000,424.2629719878276,1002
2024-09-20 10:16:55.614000,424.221850486704,103
2024-09-20 10:16:55.669000,424.239173325257,1005
2024-09-20 10:16:55.711000,424.24810816070567,996
2024-09-20 10:16:55.769000,424.24681035282975,103
2024-09-20 10:16:55.865000,424.2354084534843,105
2024-09-20 10:16:55.897000,424.2258662972966,95
2024-09-20 10:16:55.905000,424.2387578975515,95
2024-09-20 10:16:55.931000,424.3002317154156,1004
2024-09-20 10:16:56.001000,424.2539303160998,997
2024-09-20 10:16:56.117000,424.2793929181149,5
2024-09-20 10:16:56.205000,424.2430131288189,98
2024-09-20 10:16:56.293000,424.2570740071399,96
2024-09-20 10:16:56.334000,424.250483063854,100
2024-09-20 10:16:56.447000,424.2831827148674,997
2024-09-20 10:16:56.447000,424.2823281798367,10
2024-09-20 10:16:56.538000,424.2555083471728,13
2024-09-20 10:16:56.859000,424.298689512797,996
2024-09-20 10:16:56.881000,424.2402707560706,7
2024-09-20 10:16:56.898000,424.2347289854229,1003
2024-09-20 10:16:57.089000,424.3264147744255,99
2024-09-20 10:16:57.166000,424.31053276643,97
2024-09-20 10:16:57.181000,424.33430483938895,7
2024-09-20 10:16:57.280000,424.3117914140093,105
2024-09-20 10:16:57.328000,424.3113607616153,98
2024-09-20 10:16:57.640000,424.3165918333321,95
2024-09-20 10:16:57.818000,424.3067856410491,1005
2024-09-20 10:16:57.843000,424.3212185002023,995
2024-09-20 10:16:57.894000,424.3257017608012,9
2024-09-20 10:16:57.959000,424.2936859922879,1002
2024-09-20 10:16:57.961000,424.3181575102884,101
2024-09-20 10:16:58.030000,424.316476655362,104
2024-09-20 10:16:58.130000,424.3347611057079,98
2024-09-20 10:16:58.224000,424.3295851469215,999
2024-09-20 10:16:58.233000,424.31499369608514,101
2024-09-20 10:16:58.252000,424.3135178072969,1001
2024-09-20 10:16:58.491000,424.3081729262967,998
2024-09-20 10:16:58.632000,424.3123984289828,99
2024-09-20 10:16:58.807000,424.3037995690296,101
2024-09-20 10:16:58.953000,424.32908251586633,101
2024-09-20 10:16:59.106000,424.3055258252489,1005
2024-09-20 10:16:59.434000,424.3025069840898,1001
2024-09-20 10:16:59.952000,424.31937701160615,9
