Timestamp,Price,Size
2024-09-16 14:10:00.006000,415.6278929291429,5
2024-09-16 14:10:00.036000,415.6327516051469,97
2024-09-16 14:10:00.074000,415.571011006562,105
2024-09-16 14:10:00.145000,415.5868325336228,996
2024-09-16 14:10:00.173000,415.6372295382604,105
2024-09-16 14:10:00.295000,415.594443869216,6
2024-09-16 14:10:00.314000,415.613799621428,8
2024-09-16 14:10:00.382000,415.590514418232,12
2024-09-16 14:10:00.391000,415.5707675552087,1002
2024-09-16 14:10:00.760000,415.56116320895023,6
2024-09-16 14:10:00.873000,415.5779059845944,105
2024-09-16 14:10:01.029000,415.5751948487994,9
2024-09-16 14:10:01.044000,415.5717433142358,95
2024-09-16 14:10:01.055000,415.5853353235006,1004
2024-09-16 14:10:01.065000,415.5795240920184,101
2024-09-16 14:10:01.156000,415.5825223577319,99
2024-09-16 14:10:01.165000,415.5744278896283,998
2024-09-16 14:10:01.279000,415.5829932405942,996
2024-09-16 14:10:01.290000,415.5767446754048,14
2024-09-16 14:10:01.300000,415.5762216406071,1001
2024-09-16 14:10:01.309000,415.61462743177606,999
2024-09-16 14:10:01.325000,415.57214642320105,1000
2024-09-16 14:10:01.435000,415.5819415721877,11
2024-09-16 14:10:01.504000,415.55159977543616,7
2024-09-16 14:10:01.547000,415.5757770666767,11
2024-09-16 14:10:01.574000,415.5951403555966,100
2024-09-16 14:10:01.581000,415.59700228796737,999
2024-09-16 14:10:01.644000,415.56831190406905,11
2024-09-16 14:10:01.705000,415.5672284285591,998
2024-09-16 14:10:01.733000,415.6006637262311,97
2024-09-16 14:10:01.745000,415.6109218491688,96
2024-09-16 14:10:01.771000,415.5749579597439,97
2024-09-16 14:10:01.788000,415.6085898558098,997
2024-09-16 14:10:02.096000,415.5296350371332,999
2024-09-16 14:10:02.250000,415.4971967145586,99
2024-09-16 14:10:02.266000,415.5406865033033,1001
2024-09-16 14:10:02.295000,415.54980742602544,98
2024-09-16 14:10:02.302000,415.50564478122106,100
2024-09-16 14:10:02.303000,415.5681041450327,995
2024-09-16 14:10:02.386000,415.5374621468615,12
2024-09-16 14:10:02.422000,415.5080604108127,99
2024-09-16 14:10:02.431000,415.50733884904986,1000
2024-09-16 14:10:02.492000,415.5141601236895,12
2024-09-16 14:10:02.496000,415.5081274158566,13
2024-09-16 14:10:02.522000,415.5136116961308,5
2024-09-16 14:10:02.654000,415.5258332577264,997
2024-09-16 14:10:02.678000,415.5249772498794,96
2024-09-16 14:10:02.758000,415.5407507644962,999
2024-09-16 14:10:02.760000,415.51364156492673,1004
2024-09-16 14:10:02.796000,415.5223144282031,1001
2024-09-16 14:10:02.835000,415.4943183285486,1005
2024-09-16 14:10:02.865000,415.5200468594451,6
2024-09-16 14:10:02.868000,415.48394128995983,15
2024-09-16 14:10:02.895000,415.50480966409305,7
2024-09-16 14:10:02.983000,415.5701815443786,5
2024-09-16 14:10:03.002000,415.4511630505985,95
2024-09-16 14:10:03.064000,415.47120111802826,7
2024-09-16 14:10:03.092000,415.4599438472887,96
2024-09-16 14:10:03.152000,415.46770820005,15
2024-09-16 14:10:03.178000,415.4560731961815,11
2024-09-16 14:10:03.199000,415.4481701181911,7
2024-09-16 14:10:03.232000,415.45698854779965,11
2024-09-16 14:10:03.351000,415.4636951081702,11
2024-09-16 14:10:03.405000,415.4824826562258,100
2024-09-16 14:10:03.634000,415.4613355164095,1003
2024-09-16 14:10:03.662000,415.4839569065263,6
2024-09-16 14:10:03.684000,415.469494794849,5
2024-09-16 14:10:03.709000,415.46233932410337,1001
2024-09-16 14:10:03.762000,415.48105812488063,98
2024-09-16 14:10:03.789000,415.46049619025206,7
2024-09-16 14:10:03.875000,415.4795206285722,1000
2024-09-16 14:10:03.935000,415.4714626592398,101
2024-09-16 14:10:04.039000,415.4331579864999,1001
2024-09-16 14:10:04.171000,415.4490054996952,99
2024-09-16 14:10:04.221000,415.44994742459335,11
2024-09-16 14:10:04.328000,415.4422374944074,999
2024-09-16 14:10:04.378000,415.43229168460925,95
2024-09-16 14:10:04.523000,415.4633459696,997
2024-09-16 14:10:04.588000,415.4531910067519,11
2024-09-16 14:10:04.701000,415.4369486275374,1000
2024-09-16 14:10:04.743000,415.461839221724,10
2024-09-16 14:10:04.800000,415.4334479987057,1002
2024-09-16 14:10:04.811000,415.4348373573993,15
2024-09-16 14:10:04.956000,415.44479693288486,1004
2024-09-16 14:10:05.039000,415.51170201805536,104
2024-09-16 14:10:05.119000,415.52014144653697,995
2024-09-16 14:10:05.162000,415.44936751067104,999
2024-09-16 14:10:05.188000,415.5095903847496,103
2024-09-16 14:10:05.224000,415.52924753667526,1003
2024-09-16 14:10:05.326000,415.5269090862539,1001
2024-09-16 14:10:05.380000,415.4769296474351,100
2024-09-16 14:10:05.411000,415.4588512398347,95
2024-09-16 14:10:05.415000,415.51696793404506,102
2024-09-16 14:10:05.492000,415.4378721529913,8
2024-09-16 14:10:05.573000,415.43978096434296,1001
2024-09-16 14:10:05.657000,415.5093097428543,996
2024-09-16 14:10:05.676000,415.4430324354389,1000
2024-09-16 14:10:05.808000,415.5018632041136,102
2024-09-16 14:10:05.889000,415.5073976398552,8
2024-09-16 14:10:05.914000,415.4572381671858,996
2024-09-16 14:10:05.920000,415.4581354965449,104
2024-09-16 14:10:05.954000,415.512474045817,1005
2024-09-16 14:10:06.029000,415.49582228025696,997
2024-09-16 14:10:06.198000,415.5239560158831,6
2024-09-16 14:10:06.213000,415.5330357781869,8
2024-09-16 14:10:06.219000,415.5202959848135,6
2024-09-16 14:10:06.221000,415.49994732283,7
2024-09-16 14:10:06.305000,415.5070898686437,12
2024-09-16 14:10:06.346000,415.49891601701546,8
2024-09-16 14:10:06.380000,415.5147799040197,995
2024-09-16 14:10:06.407000,415.5623811507135,1004
2024-09-16 14:10:06.638000,415.5596358878621,999
2024-09-16 14:10:06.693000,415.4945931003056,103
2024-09-16 14:10:06.719000,415.5066994849017,96
2024-09-16 14:10:06.740000,415.5271234603615,1000
2024-09-16 14:10:06.770000,415.51814495673153,1000
2024-09-16 14:10:06.771000,415.5300921389189,7
2024-09-16 14:10:06.776000,415.560332622172,97
2024-09-16 14:10:06.781000,415.5013533921933,105
2024-09-16 14:10:06.821000,415.5097330519487,97
2024-09-16 14:10:06.837000,415.5683075640088,1002
2024-09-16 14:10:06.851000,415.54251255761005,1002
2024-09-16 14:10:06.873000,415.5221482034379,12
2024-09-16 14:10:06.887000,415.5225124769403,998
2024-09-16 14:10:06.899000,415.5584127882258,13
2024-09-16 14:10:06.922000,415.55250341524913,1003
2024-09-16 14:10:06.924000,415.5061366961763,999
2024-09-16 14:10:06.999000,415.53376011015393,12
2024-09-16 14:10:07.004000,415.4899248697397,105
2024-09-16 14:10:07.026000,415.48841524141255,99
2024-09-16 14:10:07.041000,415.4896573128777,95
2024-09-16 14:10:07.114000,415.48969200981577,10
2024-09-16 14:10:07.246000,415.52206702433983,101
2024-09-16 14:10:07.254000,415.4677902052397,1000
2024-09-16 14:10:07.331000,415.4946780568483,98
2024-09-16 14:10:07.353000,415.519346726912,9
2024-09-16 14:10:07.408000,415.4786574309526,1003
2024-09-16 14:10:07.411000,415.5160865101284,1005
2024-09-16 14:10:07.415000,415.5028300732093,98
2024-09-16 14:10:07.428000,415.5070332315399,997
2024-09-16 14:10:07.439000,415.5244684287599,999
2024-09-16 14:10:07.440000,415.4699013333708,1000
2024-09-16 14:10:07.441000,415.50434561785374,102
2024-09-16 14:10:07.468000,415.4802492421188,98
2024-09-16 14:10:07.545000,415.5118913963373,13
2024-09-16 14:10:07.651000,415.5088731691808,102
2024-09-16 14:10:07.723000,415.51705075506754,97
2024-09-16 14:10:07.734000,415.48188286142187,1003
2024-09-16 14:10:07.734000,415.4930304531524,105
2024-09-16 14:10:07.761000,415.514789981194,995
2024-09-16 14:10:07.808000,415.5112847179755,9
2024-09-16 14:10:07.897000,415.4887397979131,97
2024-09-16 14:10:07.981000,415.4774163934261,7
2024-09-16 14:10:08.002000,415.51291856840606,1001
2024-09-16 14:10:08.054000,415.4909191711502,6
2024-09-16 14:10:08.078000,415.5013646986228,98
2024-09-16 14:10:08.090000,415.4815412512522,104
2024-09-16 14:10:08.283000,415.520463305028,998
2024-09-16 14:10:08.395000,415.49513919880167,103
2024-09-16 14:10:08.591000,415.5073158758522,998
2024-09-16 14:10:08.772000,415.48902372307526,1005
2024-09-16 14:10:08.796000,415.4968584770738,11
2024-09-16 14:10:09.063000,415.5152637303962,101
2024-09-16 14:10:09.098000,415.51057532719415,8
2024-09-16 14:10:09.157000,415.5085908166525,11
2024-09-16 14:10:09.397000,415.50725639289857,1005
2024-09-16 14:10:09.400000,415.5316549905021,1003
2024-09-16 14:10:09.512000,415.5278174357699,100
2024-09-16 14:10:09.639000,415.5257895018154,11
2024-09-16 14:10:09.686000,415.5129281035877,1005
2024-09-16 14:10:09.698000,415.5270239084429,6
2024-09-16 14:10:09.711000,415.5226377906564,14
2024-09-16 14:10:09.738000,415.5243407858872,98
2024-09-16 14:10:09.743000,415.5150003366009,1004
2024-09-16 14:10:09.783000,415.5310004861537,103
2024-09-16 14:10:09.850000,415.5135319242205,13
2024-09-16 14:10:10.121000,415.5278355563036,12
2024-09-16 14:10:10.314000,415.5342550169005,1000
2024-09-16 14:10:10.522000,415.5416021859358,100
2024-09-16 14:10:11.042000,415.52011179844754,8
2024-09-16 14:10:11.084000,415.4942183249672,7
2024-09-16 14:10:11.129000,415.511047606207,100
2024-09-16 14:10:11.178000,415.4824305983584,998
2024-09-16 14:10:11.264000,415.5135543952836,8
2024-09-16 14:10:11.316000,415.5057072476951,10
2024-09-16 14:10:11.388000,415.4828865717549,5
2024-09-16 14:10:11.388000,415.49134560996606,102
2024-09-16 14:10:11.395000,415.5173560300556,97
2024-09-16 14:10:11.407000,415.49856909195216,1004
2024-09-16 14:10:11.447000,415.514029957717,95
2024-09-16 14:10:11.474000,415.4988996205856,100
2024-09-16 14:10:11.484000,415.4912175454047,11
2024-09-16 14:10:11.511000,415.49546176540696,10
2024-09-16 14:10:11.561000,415.520635331109,997
2024-09-16 14:10:11.584000,415.50987590193614,10
2024-09-16 14:10:11.597000,415.48873510480144,100
2024-09-16 14:10:11.680000,415.4826363814125,101
2024-09-16 14:10:11.685000,415.4710298313736,997
2024-09-16 14:10:11.752000,415.5093643582844,10
2024-09-16 14:10:11.823000,415.51168999966205,1003
2024-09-16 14:10:12.406000,415.5031225802,97
2024-09-16 14:10:13.158000,415.5138912441821,104
2024-09-16 14:10:13.373000,415.5035935800884,102
2024-09-16 14:10:14.476000,415.4873855983896,99
2024-09-16 14:10:14.602000,415.5001166278438,997
2024-09-16 14:10:14.743000,415.4950149919223,96
2024-09-16 14:10:14.802000,415.46375805758606,100
2024-09-16 14:10:14.851000,415.4699196109591,996
2024-09-16 14:10:14.954000,415.5045432639382,104
2024-09-16 14:10:15.016000,415.4862521029383,15
2024-09-16 14:10:15.048000,415.4822585045407,99
2024-09-16 14:10:15.074000,415.4692889795919,1001
2024-09-16 14:10:15.079000,415.4266991001339,998
2024-09-16 14:10:15.080000,415.4638929098196,8
2024-09-16 14:10:15.101000,415.4385008519674,5
2024-09-16 14:10:15.114000,415.50144566999023,101
2024-09-16 14:10:15.127000,415.4923345549177,104
2024-09-16 14:10:15.183000,415.4798409353989,103
2024-09-16 14:10:15.273000,415.4903296455613,7
2024-09-16 14:10:15.392000,415.46964699508845,15
2024-09-16 14:10:15.631000,415.4695238412747,103
2024-09-16 14:10:15.644000,415.45871048335846,6
2024-09-16 14:10:15.649000,415.4646393039953,1000
2024-09-16 14:10:15.739000,415.439738027889,8
2024-09-16 14:10:15.796000,415.4447590917533,996
2024-09-16 14:10:15.813000,415.4715055889364,102
2024-09-16 14:10:15.869000,415.4645059960389,1000
2024-09-16 14:10:15.876000,415.4957395391348,995
2024-09-16 14:10:15.945000,415.4681020407065,95
2024-09-16 14:10:15.951000,415.490828723113,1004
2024-09-16 14:10:16.055000,415.43591294218913,1002
2024-09-16 14:10:16.143000,415.4258995820678,995
2024-09-16 14:10:16.189000,415.4236779972017,8
2024-09-16 14:10:16.210000,415.4361115973911,96
2024-09-16 14:10:16.311000,415.4468383185096,7
2024-09-16 14:10:16.363000,415.4691084427196,9
2024-09-16 14:10:16.475000,415.4174691912285,996
2024-09-16 14:10:16.483000,415.4309532319805,14
2024-09-16 14:10:16.529000,415.4221499596344,95
2024-09-16 14:10:16.570000,415.4785880400656,95
2024-09-16 14:10:16.654000,415.4267066867726,10
2024-09-16 14:10:16.818000,415.4772850456658,15
2024-09-16 14:10:16.819000,415.47555143903605,100
2024-09-16 14:10:16.872000,415.44151793997065,104
2024-09-16 14:10:16.931000,415.4538138591746,997
2024-09-16 14:10:17.027000,415.3568675456027,5
2024-09-16 14:10:17.099000,415.44492604471895,1002
2024-09-16 14:10:17.104000,415.4029469727458,11
2024-09-16 14:10:17.126000,415.3822816939389,6
2024-09-16 14:10:17.141000,415.4654616816045,6
2024-09-16 14:10:17.164000,415.40284357236976,98
2024-09-16 14:10:17.207000,415.4077249610824,14
2024-09-16 14:10:17.274000,415.4414812125344,999
2024-09-16 14:10:17.319000,415.444717238589,95
2024-09-16 14:10:17.364000,415.44800971474353,1002
2024-09-16 14:10:17.378000,415.452987253918,101
2024-09-16 14:10:17.405000,415.3738334385853,11
2024-09-16 14:10:17.433000,415.44630521144194,101
2024-09-16 14:10:17.474000,415.4039151549049,1005
2024-09-16 14:10:17.487000,415.4073820826865,998
2024-09-16 14:10:17.496000,415.4072897482195,996
2024-09-16 14:10:17.526000,415.46240046172665,102
2024-09-16 14:10:17.528000,415.3897744261679,5
2024-09-16 14:10:17.556000,415.4469948072951,100
2024-09-16 14:10:17.571000,415.47262865532167,102
2024-09-16 14:10:17.597000,415.4458801747402,103
2024-09-16 14:10:17.630000,415.45373443931,103
2024-09-16 14:10:17.708000,415.4387348048597,100
2024-09-16 14:10:17.778000,415.418805333375,1001
2024-09-16 14:10:17.816000,415.413055104947,102
2024-09-16 14:10:17.892000,415.4502305948248,999
2024-09-16 14:10:17.908000,415.4217924333452,99
2024-09-16 14:10:17.946000,415.4246624464515,101
2024-09-16 14:10:17.986000,415.39003023516494,98
2024-09-16 14:10:18,415.3604447331806,997
2024-09-16 14:10:18.405000,415.311100068136,6
2024-09-16 14:10:18.425000,415.3176455553976,997
2024-09-16 14:10:18.492000,415.2790696859079,102
2024-09-16 14:10:18.571000,415.2539038236396,8
2024-09-16 14:10:18.653000,415.30892190932025,97
2024-09-16 14:10:18.965000,415.2561228099808,96
2024-09-16 14:10:18.974000,415.3214070449158,995
2024-09-16 14:10:19.026000,415.22668975368384,999
2024-09-16 14:10:19.083000,415.2759021918692,98
2024-09-16 14:10:19.141000,415.2478097870047,1003
2024-09-16 14:10:19.203000,415.2846335449117,96
2024-09-16 14:10:19.307000,415.3020793874459,102
2024-09-16 14:10:19.389000,415.2918733912701,99
2024-09-16 14:10:19.451000,415.2625743631726,7
2024-09-16 14:10:19.454000,415.2702889550502,12
2024-09-16 14:10:19.460000,415.2924197192504,99
2024-09-16 14:10:19.512000,415.2759919591967,996
2024-09-16 14:10:19.604000,415.2549347274853,13
2024-09-16 14:10:19.748000,415.2679509961432,100
2024-09-16 14:10:19.800000,415.27942671498647,95
2024-09-16 14:10:19.843000,415.2496603506917,5
2024-09-16 14:10:19.868000,415.2442973004253,995
2024-09-16 14:10:19.913000,415.2835489493979,99
2024-09-16 14:10:19.993000,415.2644312486331,100
2024-09-16 14:10:19.996000,415.2538498125367,12
2024-09-16 14:10:20.065000,415.33483441949767,1001
2024-09-16 14:10:20.078000,415.3400630466695,96
2024-09-16 14:10:20.097000,415.33155272379867,997
2024-09-16 14:10:20.104000,415.2410449490034,104
2024-09-16 14:10:20.160000,415.3177835555996,9
2024-09-16 14:10:20.167000,415.2997615756235,96
2024-09-16 14:10:20.172000,415.29614491829096,996
2024-09-16 14:10:20.216000,415.3031110076474,98
2024-09-16 14:10:20.222000,415.2956806452896,1000
2024-09-16 14:10:20.246000,415.3066537274589,95
2024-09-16 14:10:20.278000,415.3016543962769,8
2024-09-16 14:10:20.332000,415.247848985914,8
2024-09-16 14:10:20.355000,415.3378687969941,13
2024-09-16 14:10:20.379000,415.3102642008368,8
2024-09-16 14:10:20.391000,415.3199883019488,101
2024-09-16 14:10:20.459000,415.3372585631037,998
2024-09-16 14:10:20.565000,415.311147663097,998
2024-09-16 14:10:20.577000,415.32989950850833,997
2024-09-16 14:10:20.636000,415.31207812414885,997
2024-09-16 14:10:20.678000,415.3315160141876,13
2024-09-16 14:10:20.805000,415.2683687424357,5
2024-09-16 14:10:20.809000,415.2906521808298,6
2024-09-16 14:10:20.958000,415.30630844865175,7
2024-09-16 14:10:20.986000,415.28552135464616,101
2024-09-16 14:10:21.122000,415.2919031340016,13
2024-09-16 14:10:21.197000,415.330582562136,14
2024-09-16 14:10:21.277000,415.3065143128246,1001
2024-09-16 14:10:21.320000,415.2853572973156,102
2024-09-16 14:10:21.356000,415.2908423173764,102
2024-09-16 14:10:21.416000,415.306379619285,6
2024-09-16 14:10:21.477000,415.3172903349916,12
2024-09-16 14:10:21.498000,415.3418916285117,9
2024-09-16 14:10:21.724000,415.30998203642446,5
2024-09-16 14:10:21.738000,415.31278659778553,995
2024-09-16 14:10:21.788000,415.2995821341114,14
2024-09-16 14:10:21.799000,415.3190561352976,995
2024-09-16 14:10:21.836000,415.3118929429965,100
2024-09-16 14:10:21.879000,415.3076992681826,997
2024-09-16 14:10:21.920000,415.2943579033492,97
2024-09-16 14:10:21.941000,415.2958138896898,13
2024-09-16 14:10:22.027000,415.3371994942996,100
2024-09-16 14:10:22.027000,415.3154722004933,103
2024-09-16 14:10:22.043000,415.3495078524583,12
2024-09-16 14:10:22.065000,415.3007522687979,998
2024-09-16 14:10:22.073000,415.3431354564058,97
2024-09-16 14:10:22.091000,415.297848021518,103
2024-09-16 14:10:22.110000,415.3533601173506,15
2024-09-16 14:10:22.135000,415.3305059982497,98
2024-09-16 14:10:22.165000,415.3364575750558,105
2024-09-16 14:10:22.178000,415.28532663002215,5
2024-09-16 14:10:22.216000,415.3481157640306,95
2024-09-16 14:10:22.268000,415.3229412513121,15
2024-09-16 14:10:22.432000,415.3323805032154,96
2024-09-16 14:10:22.539000,415.3537094112365,10
2024-09-16 14:10:22.576000,415.335898749773,13
2024-09-16 14:10:22.643000,415.3101570363133,15
2024-09-16 14:10:22.645000,415.3412319238296,5
2024-09-16 14:10:22.661000,415.3342043913561,995
2024-09-16 14:10:22.663000,415.33074260828863,1005
2024-09-16 14:10:22.678000,415.3420421985035,999
2024-09-16 14:10:22.691000,415.32149897968094,7
2024-09-16 14:10:22.786000,415.3280849332762,6
2024-09-16 14:10:22.790000,415.30757719954096,12
2024-09-16 14:10:22.856000,415.3402972771432,997
2024-09-16 14:10:22.880000,415.31161220836657,12
2024-09-16 14:10:22.891000,415.2945234870657,13
2024-09-16 14:10:22.951000,415.3244922911457,995
2024-09-16 14:10:23.073000,415.3131402889006,1002
2024-09-16 14:10:23.123000,415.3059207561355,995
2024-09-16 14:10:23.174000,415.3284253066497,15
2024-09-16 14:10:23.197000,415.3005349817056,998
2024-09-16 14:10:23.223000,415.3168336806494,1000
2024-09-16 14:10:23.230000,415.3319141285284,10
2024-09-16 14:10:23.241000,415.3231902782991,10
2024-09-16 14:10:23.289000,415.3404404157658,95
2024-09-16 14:10:23.297000,415.3205248826005,14
2024-09-16 14:10:23.374000,415.3294778613138,95
2024-09-16 14:10:23.392000,415.3014797383669,15
2024-09-16 14:10:23.427000,415.3075813178573,99
2024-09-16 14:10:23.462000,415.29723690978494,103
2024-09-16 14:10:23.634000,415.3301506228111,95
2024-09-16 14:10:23.687000,415.3166794640507,14
2024-09-16 14:10:23.779000,415.3393779778076,999
2024-09-16 14:10:23.781000,415.32510394806513,95
2024-09-16 14:10:23.827000,415.30717426505504,1002
2024-09-16 14:10:24.010000,415.3428652124622,99
2024-09-16 14:10:24.035000,415.3506259634317,1004
2024-09-16 14:10:24.569000,415.3412523615052,998
2024-09-16 14:10:24.662000,415.34515439307694,1005
2024-09-16 14:10:25.035000,415.260378764148,96
2024-09-16 14:10:25.042000,415.2912389581364,101
2024-09-16 14:10:25.092000,415.296609285645,15
2024-09-16 14:10:25.228000,415.2870394610982,7
2024-09-16 14:10:25.237000,415.32164823160446,1005
2024-09-16 14:10:25.265000,415.27047303405567,1002
2024-09-16 14:10:25.287000,415.30042868739946,9
2024-09-16 14:10:25.375000,415.31214296462826,1000
2024-09-16 14:10:25.407000,415.2823292636509,10
2024-09-16 14:10:25.408000,415.3170863937589,1001
2024-09-16 14:10:25.451000,415.30120727402925,6
2024-09-16 14:10:25.522000,415.3183501293928,97
2024-09-16 14:10:25.538000,415.30814893044425,7
2024-09-16 14:10:25.592000,415.3022063028487,10
2024-09-16 14:10:25.740000,415.30502174673103,14
2024-09-16 14:10:25.777000,415.30686428992885,95
2024-09-16 14:10:25.788000,415.3184406887013,8
2024-09-16 14:10:25.816000,415.2793382056113,104
2024-09-16 14:10:25.869000,415.30141599044384,104
2024-09-16 14:10:25.893000,415.28694420225,13
2024-09-16 14:10:25.973000,415.2894079292223,1003
2024-09-16 14:10:25.990000,415.3078787329876,99
2024-09-16 14:10:26.022000,415.34217484014295,10
2024-09-16 14:10:26.057000,415.309179894504,96
2024-09-16 14:10:26.107000,415.41797991656426,997
2024-09-16 14:10:26.130000,415.3701810184644,14
2024-09-16 14:10:26.139000,415.270665183114,7
2024-09-16 14:10:26.225000,415.3616410544176,1005
2024-09-16 14:10:26.309000,415.3556461320899,1000
2024-09-16 14:10:26.321000,415.4399710537989,8
2024-09-16 14:10:26.332000,415.40678653085257,95
2024-09-16 14:10:26.336000,415.36314140092105,101
2024-09-16 14:10:26.374000,415.2970844587463,11
2024-09-16 14:10:26.501000,415.4057204317023,13
2024-09-16 14:10:26.528000,415.2909599706383,101
2024-09-16 14:10:26.541000,415.350622822353,997
2024-09-16 14:10:26.575000,415.3904723193356,1003
2024-09-16 14:10:26.575000,415.32419791290977,1001
2024-09-16 14:10:26.916000,415.4318080585443,1004
2024-09-16 14:10:26.928000,415.3128637990952,998
2024-09-16 14:10:26.953000,415.2833061326172,14
2024-09-16 14:10:27.113000,415.504303733023,97
2024-09-16 14:10:27.133000,415.4873631346173,102
2024-09-16 14:10:27.210000,415.4708599819856,1003
2024-09-16 14:10:27.300000,415.4538533300224,1002
2024-09-16 14:10:27.322000,415.5003628925552,1005
2024-09-16 14:10:27.346000,415.4646665764869,1001
2024-09-16 14:10:27.393000,415.4414927107691,1001
2024-09-16 14:10:27.518000,415.4619162171739,10
2024-09-16 14:10:27.595000,415.4823138000127,1005
2024-09-16 14:10:27.792000,415.4617045934406,999
2024-09-16 14:10:27.795000,415.4785566588545,997
2024-09-16 14:10:27.801000,415.5070881477286,7
2024-09-16 14:10:28.157000,415.403010424549,999
2024-09-16 14:10:28.296000,415.3925451830936,997
2024-09-16 14:10:28.519000,415.4029070301012,1005
2024-09-16 14:10:28.547000,415.41945811182575,1003
2024-09-16 14:10:28.593000,415.4063517866503,102
2024-09-16 14:10:28.597000,415.4085514210733,103
2024-09-16 14:10:28.885000,415.3869029444633,1004
2024-09-16 14:10:28.936000,415.36859658100406,103
2024-09-16 14:10:28.951000,415.4089724176152,95
2024-09-16 14:10:28.956000,415.427622970593,99
2024-09-16 14:10:28.994000,415.3698830717736,15
2024-09-16 14:10:29.068000,415.404602107077,9
2024-09-16 14:10:29.233000,415.3951888930667,1002
2024-09-16 14:10:29.389000,415.4250634197981,10
2024-09-16 14:10:29.479000,415.376117447076,8
2024-09-16 14:10:29.563000,415.36654968680944,999
2024-09-16 14:10:29.767000,415.3982099022373,10
2024-09-16 14:10:29.773000,415.3815566221337,1004
2024-09-16 14:10:29.901000,415.3962926340608,101
2024-09-16 14:10:29.956000,415.37193155494015,1002
2024-09-16 14:10:29.982000,415.4044853262519,1005
2024-09-16 14:10:30.052000,415.4019489372399,95
2024-09-16 14:10:30.103000,415.38768713327687,9
2024-09-16 14:10:30.120000,415.4005695600681,12
2024-09-16 14:10:30.227000,415.36862371110135,12
2024-09-16 14:10:30.260000,415.3709988596147,101
2024-09-16 14:10:30.385000,415.42096261144223,8
2024-09-16 14:10:30.450000,415.35192090941257,999
2024-09-16 14:10:30.494000,415.3896128876184,1000
2024-09-16 14:10:30.495000,415.3861263719159,104
2024-09-16 14:10:30.900000,415.3898313595275,103
2024-09-16 14:10:31.008000,415.3333260819328,104
2024-09-16 14:10:31.097000,415.3123788851196,7
2024-09-16 14:10:31.319000,415.337525221588,998
2024-09-16 14:10:31.364000,415.3334513040082,6
2024-09-16 14:10:31.383000,415.35152707194857,5
2024-09-16 14:10:31.398000,415.3334072435108,1001
2024-09-16 14:10:31.571000,415.3699232442443,998
2024-09-16 14:10:31.645000,415.31492117796745,105
2024-09-16 14:10:31.717000,415.3519288140984,998
2024-09-16 14:10:31.735000,415.361951278531,99
2024-09-16 14:10:31.817000,415.33185738587497,95
2024-09-16 14:10:31.884000,415.3266180545333,104
2024-09-16 14:10:31.930000,415.3172437878527,95
2024-09-16 14:10:31.935000,415.3303514160137,14
2024-09-16 14:10:31.987000,415.31068738242624,105
2024-09-16 14:10:32.234000,415.3452030565473,1002
2024-09-16 14:10:32.297000,415.33848567301663,104
2024-09-16 14:10:32.351000,415.3430001969611,15
2024-09-16 14:10:32.444000,415.3861085226781,13
2024-09-16 14:10:32.514000,415.3321769563668,10
2024-09-16 14:10:32.516000,415.36518969676376,104
2024-09-16 14:10:32.623000,415.36321576621424,8
2024-09-16 14:10:32.673000,415.329272943342,996
2024-09-16 14:10:32.790000,415.3082792793113,95
2024-09-16 14:10:32.800000,415.3476520496117,96
2024-09-16 14:10:32.823000,415.3604743345501,10
2024-09-16 14:10:32.855000,415.3819094485828,1002
2024-09-16 14:10:32.933000,415.3626320111061,1003
2024-09-16 14:10:32.976000,415.3588838262783,996
2024-09-16 14:10:33.006000,415.3402725321046,5
2024-09-16 14:10:33.035000,415.33931405780777,13
2024-09-16 14:10:33.074000,415.3632967936828,6
2024-09-16 14:10:33.150000,415.30406112174967,998
2024-09-16 14:10:33.341000,415.3226200074173,11
2024-09-16 14:10:33.345000,415.3125305527063,9
2024-09-16 14:10:33.389000,415.2528960029856,999
2024-09-16 14:10:33.408000,415.35253042201833,8
2024-09-16 14:10:33.467000,415.2663613381917,98
2024-09-16 14:10:33.556000,415.2708486510937,1005
2024-09-16 14:10:33.705000,415.35286135898446,999
2024-09-16 14:10:33.717000,415.2949403326531,96
2024-09-16 14:10:33.848000,415.3512543206152,8
2024-09-16 14:10:33.888000,415.2522392997817,995
2024-09-16 14:10:33.896000,415.2542629923527,103
2024-09-16 14:10:33.957000,415.2824243657421,100
2024-09-16 14:10:34.075000,415.3051473133902,10
2024-09-16 14:10:34.108000,415.2495187902931,10
2024-09-16 14:10:34.133000,415.3140046629399,12
2024-09-16 14:10:34.150000,415.3163959115356,104
2024-09-16 14:10:34.249000,415.2728960785536,1002
2024-09-16 14:10:34.422000,415.2567222139721,995
2024-09-16 14:10:34.466000,415.2790250245958,5
2024-09-16 14:10:34.471000,415.2877140025616,9
2024-09-16 14:10:34.653000,415.2685784521098,8
2024-09-16 14:10:34.665000,415.2770855067224,1002
2024-09-16 14:10:34.668000,415.2747331531665,1000
2024-09-16 14:10:34.681000,415.2534054077956,6
2024-09-16 14:10:34.699000,415.273693957873,100
2024-09-16 14:10:34.791000,415.3052126279078,105
2024-09-16 14:10:34.816000,415.3240984121904,103
2024-09-16 14:10:34.876000,415.2593860416711,1001
2024-09-16 14:10:34.889000,415.2479236520262,1002
2024-09-16 14:10:34.891000,415.2632975996146,8
2024-09-16 14:10:34.920000,415.2583222393692,7
2024-09-16 14:10:34.932000,415.31263675886566,105
2024-09-16 14:10:34.942000,415.2723904649007,15
2024-09-16 14:10:35.007000,415.30626672885126,12
2024-09-16 14:10:35.126000,415.3119171862091,5
2024-09-16 14:10:35.147000,415.32612761945296,95
2024-09-16 14:10:35.193000,415.3121794943504,100
2024-09-16 14:10:35.254000,415.3154243127549,6
2024-09-16 14:10:35.470000,415.3171447401576,8
2024-09-16 14:10:35.507000,415.3076056408052,15
2024-09-16 14:10:35.515000,415.3215470015399,1001
2024-09-16 14:10:35.546000,415.3419454290178,7
2024-09-16 14:10:35.564000,415.3225938678345,96
2024-09-16 14:10:35.684000,415.3154306749541,103
2024-09-16 14:10:35.745000,415.328193643205,10
2024-09-16 14:10:35.856000,415.3201707817993,998
2024-09-16 14:10:35.862000,415.30446421226,103
2024-09-16 14:10:35.866000,415.3384449808262,15
2024-09-16 14:10:35.906000,415.3340521907592,995
2024-09-16 14:10:36.024000,415.3440882462292,105
2024-09-16 14:10:36.046000,415.3430328600655,998
2024-09-16 14:10:36.085000,415.34261769880976,1004
2024-09-16 14:10:36.088000,415.36645685941744,1002
2024-09-16 14:10:36.089000,415.3443601961097,105
2024-09-16 14:10:36.091000,415.3703727205413,1005
2024-09-16 14:10:36.101000,415.3422055072893,99
2024-09-16 14:10:36.104000,415.3421520474095,104
2024-09-16 14:10:36.218000,415.326417371243,15
2024-09-16 14:10:36.325000,415.3400094948239,8
2024-09-16 14:10:36.355000,415.3254602187616,1003
2024-09-16 14:10:36.385000,415.3178369342467,97
2024-09-16 14:10:36.424000,415.3453360434912,99
2024-09-16 14:10:36.475000,415.3465554783201,7
2024-09-16 14:10:36.514000,415.34978277465416,99
2024-09-16 14:10:36.555000,415.3275355946909,11
2024-09-16 14:10:36.603000,415.3794456097618,1000
2024-09-16 14:10:36.763000,415.3281911351381,6
2024-09-16 14:10:36.779000,415.3284543126216,97
2024-09-16 14:10:36.866000,415.3561373479584,98
2024-09-16 14:10:36.880000,415.3338148937745,1005
2024-09-16 14:10:36.910000,415.3466259745664,9
2024-09-16 14:10:36.912000,415.3417223310171,6
2024-09-16 14:10:36.943000,415.3438824939536,103
2024-09-16 14:10:36.951000,415.3486777295619,102
2024-09-16 14:10:37.016000,415.358909598236,998
2024-09-16 14:10:37.088000,415.3717213300771,996
2024-09-16 14:10:37.198000,415.3490750382416,996
2024-09-16 14:10:37.269000,415.3813385643175,995
2024-09-16 14:10:37.311000,415.3640572921821,103
2024-09-16 14:10:37.373000,415.3481671040265,1002
2024-09-16 14:10:37.494000,415.3555102846674,1004
2024-09-16 14:10:37.521000,415.3769496560421,997
2024-09-16 14:10:37.525000,415.37051003588834,7
2024-09-16 14:10:37.585000,415.3878070849032,1000
2024-09-16 14:10:37.666000,415.372935713715,7
2024-09-16 14:10:37.709000,415.3607947576612,97
2024-09-16 14:10:37.785000,415.3618506501926,101
2024-09-16 14:10:37.803000,415.3572589908429,102
2024-09-16 14:10:37.895000,415.3868542093582,5
2024-09-16 14:10:37.941000,415.3759911399472,1002
2024-09-16 14:10:38.048000,415.3849329448589,100
2024-09-16 14:10:38.140000,415.3850407849807,105
2024-09-16 14:10:38.611000,415.3937713272781,9
2024-09-16 14:10:39.021000,415.3930309512714,995
2024-09-16 14:10:39.126000,415.4080377393909,6
2024-09-16 14:10:39.157000,415.3859367956875,15
2024-09-16 14:10:39.164000,415.3912290286033,1003
2024-09-16 14:10:39.207000,415.4041800184964,105
2024-09-16 14:10:39.208000,415.3886116639459,11
2024-09-16 14:10:39.312000,415.40065547273673,105
2024-09-16 14:10:39.317000,415.40960955415375,11
2024-09-16 14:10:39.371000,415.397219909664,1000
2024-09-16 14:10:39.400000,415.3999729015361,1000
2024-09-16 14:10:39.404000,415.41697059109646,7
2024-09-16 14:10:39.410000,415.4076302474497,98
2024-09-16 14:10:39.421000,415.3874110839069,1003
2024-09-16 14:10:39.449000,415.4196935117631,999
2024-09-16 14:10:39.466000,415.4023570581673,13
2024-09-16 14:10:39.488000,415.4098834699331,998
2024-09-16 14:10:39.504000,415.42550636368986,96
2024-09-16 14:10:39.551000,415.37245820122257,998
2024-09-16 14:10:39.615000,415.4077136499629,1005
2024-09-16 14:10:39.834000,415.4169603019771,99
2024-09-16 14:10:39.899000,415.3962897460735,100
2024-09-16 14:10:40.040000,415.36294580389983,95
2024-09-16 14:10:40.050000,415.388511530371,6
2024-09-16 14:10:40.167000,415.3754557942247,9
2024-09-16 14:10:40.228000,415.3661980662728,15
2024-09-16 14:10:40.262000,415.3832056196867,995
2024-09-16 14:10:40.349000,415.3880364297476,14
2024-09-16 14:10:40.389000,415.3839590983519,1000
2024-09-16 14:10:40.526000,415.3803720549373,105
2024-09-16 14:10:40.594000,415.4022736428128,6
2024-09-16 14:10:40.682000,415.38750946155534,11
2024-09-16 14:10:40.834000,415.3845205814977,105
2024-09-16 14:10:40.854000,415.3734860653189,7
2024-09-16 14:10:40.871000,415.3745071955373,1004
2024-09-16 14:10:40.886000,415.3962983146766,103
2024-09-16 14:10:40.900000,415.3874507142468,7
2024-09-16 14:10:40.925000,415.37149107022026,1005
2024-09-16 14:10:40.929000,415.3892777495119,9
2024-09-16 14:10:40.930000,415.3885317841919,1003
2024-09-16 14:10:40.958000,415.3974014006049,11
2024-09-16 14:10:40.985000,415.3968253920557,998
2024-09-16 14:10:41.006000,415.3942027074137,103
2024-09-16 14:10:41.054000,415.4137835602646,5
2024-09-16 14:10:41.061000,415.3689789771401,15
2024-09-16 14:10:41.065000,415.39986052185066,104
2024-09-16 14:10:41.066000,415.391731529998,999
2024-09-16 14:10:41.176000,415.3850721035126,104
2024-09-16 14:10:41.255000,415.3797313355378,1005
2024-09-16 14:10:41.337000,415.3943450635208,103
2024-09-16 14:10:41.353000,415.3857741136305,13
2024-09-16 14:10:41.394000,415.4028264974869,12
2024-09-16 14:10:41.466000,415.4007327958819,1004
2024-09-16 14:10:41.476000,415.44995551059526,104
2024-09-16 14:10:41.550000,415.46467565947967,98
2024-09-16 14:10:41.596000,415.36571791842914,102
2024-09-16 14:10:41.632000,415.3847581584946,7
2024-09-16 14:10:41.638000,415.39860404823565,97
2024-09-16 14:10:41.677000,415.3787440849698,95
2024-09-16 14:10:41.719000,415.3836889481971,15
2024-09-16 14:10:41.839000,415.4547207134461,15
2024-09-16 14:10:41.883000,415.3786286777957,15
2024-09-16 14:10:41.964000,415.3659150569936,99
2024-09-16 14:10:41.978000,415.44971382368414,13
2024-09-16 14:10:42.110000,415.46824842983904,100
2024-09-16 14:10:42.444000,415.473601107182,11
2024-09-16 14:10:42.466000,415.4727436618122,95
2024-09-16 14:10:42.989000,415.473452044589,105
2024-09-16 14:10:43.230000,415.4325838006512,1001
2024-09-16 14:10:43.255000,415.443842323345,14
2024-09-16 14:10:43.422000,415.445023595451,10
2024-09-16 14:10:43.555000,415.46214867435225,101
2024-09-16 14:10:43.556000,415.4307617673525,12
2024-09-16 14:10:43.963000,415.4403841351637,5
2024-09-16 14:10:44.070000,415.4358871651256,1005
2024-09-16 14:10:46.034000,415.42749393781975,1004
2024-09-16 14:10:46.082000,415.42006169647226,105
2024-09-16 14:10:46.128000,415.4402123317403,1003
2024-09-16 14:10:46.205000,415.4486494276079,6
2024-09-16 14:10:46.662000,415.40912966793474,96
2024-09-16 14:10:46.708000,415.4287858580181,995
2024-09-16 14:10:46.980000,415.4323867885791,99
2024-09-16 14:10:46.982000,415.4278915102291,1005
2024-09-16 14:10:46.987000,415.4174693244904,8
2024-09-16 14:10:47.090000,415.4589046220999,1003
2024-09-16 14:10:47.227000,415.4631191990361,98
2024-09-16 14:10:47.397000,415.4300149679969,102
2024-09-16 14:10:47.637000,415.47470633649726,103
2024-09-16 14:10:47.856000,415.46294590977055,103
2024-09-16 14:10:47.890000,415.47189864324736,98
2024-09-16 14:10:47.894000,415.4697715098404,100
2024-09-16 14:10:47.932000,415.4476229951799,996
2024-09-16 14:10:47.995000,415.4683297658596,105
2024-09-16 14:10:48.055000,415.41524468243256,998
2024-09-16 14:10:48.148000,415.4210951282714,997
2024-09-16 14:10:48.246000,415.408361096966,102
2024-09-16 14:10:48.246000,415.3985382975821,97
2024-09-16 14:10:48.461000,415.4435650341508,998
2024-09-16 14:10:48.894000,415.4519109804533,1001
2024-09-16 14:10:50.128000,415.3904841489073,1003
2024-09-16 14:10:50.339000,415.4235050518659,5
2024-09-16 14:10:50.419000,415.4165817747765,101
2024-09-16 14:10:50.426000,415.3971699920017,104
2024-09-16 14:10:50.436000,415.4064907317028,103
2024-09-16 14:10:50.445000,415.42302991759647,103
2024-09-16 14:10:50.675000,415.403745162301,7
2024-09-16 14:10:50.739000,415.3865960753269,8
2024-09-16 14:10:50.753000,415.4356178815797,11
2024-09-16 14:10:51.701000,415.39596308332654,95
2024-09-16 14:10:52.043000,415.3937079559208,105
2024-09-16 14:10:52.064000,415.36185224702666,13
2024-09-16 14:10:52.077000,415.4135034860605,100
2024-09-16 14:10:52.083000,415.4024232573829,7
2024-09-16 14:10:52.091000,415.4123114223479,105
2024-09-16 14:10:52.103000,415.37333281590463,1004
2024-09-16 14:10:52.141000,415.3539720599194,1005
2024-09-16 14:10:52.169000,415.3850797695381,1000
2024-09-16 14:10:52.310000,415.42350178178896,105
2024-09-16 14:10:52.313000,415.3822813743377,995
2024-09-16 14:10:52.331000,415.3876646836685,9
2024-09-16 14:10:52.340000,415.37109665625616,9
2024-09-16 14:10:52.374000,415.3615350509996,10
2024-09-16 14:10:52.378000,415.38670634241606,12
2024-09-16 14:10:52.469000,415.3738601875594,102
2024-09-16 14:10:52.485000,415.43025451437336,1001
2024-09-16 14:10:52.488000,415.4021781381474,995
2024-09-16 14:10:52.667000,415.39281546485824,97
2024-09-16 14:10:52.726000,415.38264043479097,98
2024-09-16 14:10:52.728000,415.38559631234,9
2024-09-16 14:10:52.734000,415.3663283798314,10
2024-09-16 14:10:52.756000,415.38305375484833,1001
2024-09-16 14:10:52.886000,415.3605526668021,104
2024-09-16 14:10:52.921000,415.3588490951613,996
2024-09-16 14:10:52.956000,415.43474817283953,999
2024-09-16 14:10:53.018000,415.4214683271053,13
2024-09-16 14:10:53.096000,415.4362128550185,14
2024-09-16 14:10:53.273000,415.4318220656401,5
2024-09-16 14:10:53.358000,415.4500817783329,11
2024-09-16 14:10:53.378000,415.4583629639234,98
2024-09-16 14:10:53.419000,415.4092088862215,101
2024-09-16 14:10:53.430000,415.40724375978976,6
2024-09-16 14:10:53.477000,415.4255066037997,98
2024-09-16 14:10:53.508000,415.45019638663774,7
2024-09-16 14:10:53.520000,415.4199368368125,8
2024-09-16 14:10:53.526000,415.4562109623235,10
2024-09-16 14:10:53.543000,415.4249144967726,15
2024-09-16 14:10:53.555000,415.4348308353579,1001
2024-09-16 14:10:53.578000,415.4424904210855,1003
2024-09-16 14:10:53.589000,415.43465027025474,10
2024-09-16 14:10:53.628000,415.43329423659566,6
2024-09-16 14:10:53.706000,415.42669683196885,997
2024-09-16 14:10:53.735000,415.4123350057932,103
2024-09-16 14:10:53.753000,415.4402102117799,11
2024-09-16 14:10:53.870000,415.4640834509203,996
2024-09-16 14:10:53.870000,415.4519485782834,12
2024-09-16 14:10:53.876000,415.4403320987991,13
2024-09-16 14:10:53.881000,415.4767827576024,5
2024-09-16 14:10:53.941000,415.44200529388655,997
2024-09-16 14:10:53.986000,415.4471085558283,96
2024-09-16 14:10:53.995000,415.4180399144,995
2024-09-16 14:10:54.338000,415.39886187717366,13
2024-09-16 14:10:54.370000,415.42416256444346,5
2024-09-16 14:10:54.468000,415.3963159209588,12
2024-09-16 14:10:54.538000,415.4114081398778,104
2024-09-16 14:10:54.740000,415.42657677813366,998
2024-09-16 14:10:54.805000,415.40997541779,14
2024-09-16 14:10:54.854000,415.3943321684269,997
2024-09-16 14:10:54.908000,415.4126478552847,1004
2024-09-16 14:10:55.019000,415.3999835159168,12
2024-09-16 14:10:55.056000,415.3578701588548,102
2024-09-16 14:10:55.183000,415.3576252716989,997
2024-09-16 14:10:55.270000,415.369344684292,105
2024-09-16 14:10:55.307000,415.38856557578936,999
2024-09-16 14:10:55.346000,415.40295891032025,1005
2024-09-16 14:10:55.359000,415.3512710140125,15
2024-09-16 14:10:55.380000,415.3557760871739,999
2024-09-16 14:10:55.417000,415.3882829876175,6
2024-09-16 14:10:55.520000,415.35229802236137,997
2024-09-16 14:10:55.533000,415.3464607773892,11
2024-09-16 14:10:55.579000,415.3618293733182,13
2024-09-16 14:10:55.705000,415.39413025884,1004
2024-09-16 14:10:55.732000,415.385645662127,11
2024-09-16 14:10:55.737000,415.3523081188406,104
2024-09-16 14:10:55.741000,415.3821199030252,999
2024-09-16 14:10:55.774000,415.3447575354252,1003
2024-09-16 14:10:55.803000,415.3920988996144,1003
2024-09-16 14:10:55.912000,415.36200693996585,105
2024-09-16 14:10:55.933000,415.3800996559826,105
2024-09-16 14:10:56.028000,415.3830899939563,1000
2024-09-16 14:10:56.074000,415.4139812858716,10
2024-09-16 14:10:56.195000,415.4084957478772,997
2024-09-16 14:10:56.230000,415.42970170269473,9
2024-09-16 14:10:56.256000,415.39032908110266,15
2024-09-16 14:10:56.266000,415.3765921472914,14
2024-09-16 14:10:56.483000,415.3780140453485,1000
2024-09-16 14:10:56.628000,415.4274707582906,996
2024-09-16 14:10:56.630000,415.3873564627361,14
2024-09-16 14:10:56.630000,415.4145840013076,13
2024-09-16 14:10:56.690000,415.39790105501135,5
2024-09-16 14:10:56.831000,415.4245252049889,95
2024-09-16 14:10:56.850000,415.4049197337517,105
2024-09-16 14:10:56.850000,415.427041481574,7
2024-09-16 14:10:56.916000,415.3878465709296,7
2024-09-16 14:10:56.940000,415.3747415825345,12
2024-09-16 14:10:57.040000,415.3148138168767,103
2024-09-16 14:10:57.046000,415.348767158146,105
2024-09-16 14:10:57.070000,415.42235740847167,9
2024-09-16 14:10:57.116000,415.389022703933,995
2024-09-16 14:10:57.150000,415.4070861078761,997
2024-09-16 14:10:57.163000,415.4249440856252,999
2024-09-16 14:10:57.176000,415.37160412061496,998
2024-09-16 14:10:57.261000,415.42604766212224,999
2024-09-16 14:10:57.275000,415.33491832050015,1002
2024-09-16 14:10:57.288000,415.4211286267261,99
2024-09-16 14:10:57.382000,415.3449659054747,998
2024-09-16 14:10:57.384000,415.30409415976027,997
2024-09-16 14:10:57.405000,415.3088839089235,98
2024-09-16 14:10:57.432000,415.4196362201446,1000
2024-09-16 14:10:57.453000,415.36979454275047,96
2024-09-16 14:10:57.496000,415.40680711722285,995
2024-09-16 14:10:57.510000,415.4246812302162,6
2024-09-16 14:10:57.538000,415.3958114242323,5
2024-09-16 14:10:57.614000,415.4236170998879,1004
2024-09-16 14:10:57.639000,415.3351059172433,997
2024-09-16 14:10:57.785000,415.4121487025257,100
2024-09-16 14:10:58.055000,415.3244390453383,97
2024-09-16 14:10:58.767000,415.3211396304568,1002
2024-09-16 14:10:59.386000,415.3346108886231,10
2024-09-16 14:10:59.468000,415.35639882400807,1003
2024-09-16 14:10:59.712000,415.33057375241526,9
2024-09-16 14:10:59.712000,415.3271064090307,98
2024-09-16 14:10:59.784000,415.3463947094104,102
