Timestamp,Price,Size
2024-09-16 14:39:00.004000,415.0850638887518,7
2024-09-16 14:39:00.086000,415.0273394712913,103
2024-09-16 14:39:00.090000,415.0455436577482,995
2024-09-16 14:39:00.165000,415.02632848931466,5
2024-09-16 14:39:00.253000,415.0398445919477,1004
2024-09-16 14:39:00.406000,415.025954273981,11
2024-09-16 14:39:00.459000,415.059995210786,999
2024-09-16 14:39:00.502000,415.04029355715016,1003
2024-09-16 14:39:00.550000,415.0443809064536,11
2024-09-16 14:39:00.785000,415.0300538731591,13
2024-09-16 14:39:00.803000,415.0524180715969,102
2024-09-16 14:39:01.107000,415.0929467738546,98
2024-09-16 14:39:01.148000,415.08178910172944,103
2024-09-16 14:39:01.149000,415.061145521026,14
2024-09-16 14:39:01.152000,415.08654986781073,997
2024-09-16 14:39:01.167000,415.1070225674533,6
2024-09-16 14:39:01.418000,415.07262108714485,6
2024-09-16 14:39:01.463000,415.1017451389936,97
2024-09-16 14:39:01.477000,415.0752721795533,10
2024-09-16 14:39:01.511000,415.0783800497075,98
2024-09-16 14:39:01.542000,415.0714476222973,998
2024-09-16 14:39:01.561000,415.0845470770212,6
2024-09-16 14:39:01.635000,415.06331647507415,9
2024-09-16 14:39:01.640000,415.0577127492588,1000
2024-09-16 14:39:01.655000,415.070083577288,105
2024-09-16 14:39:01.693000,415.052783629906,99
2024-09-16 14:39:01.704000,415.08362566900416,996
2024-09-16 14:39:01.707000,415.06928386138605,6
2024-09-16 14:39:01.738000,415.04675441176977,11
2024-09-16 14:39:01.740000,415.0556705503782,102
2024-09-16 14:39:01.749000,415.0904789025886,999
2024-09-16 14:39:01.793000,415.0777703210288,105
2024-09-16 14:39:01.826000,415.0518538355354,96
2024-09-16 14:39:01.860000,415.0329384720296,996
2024-09-16 14:39:01.879000,415.0656006727778,97
2024-09-16 14:39:03.056000,415.06380925586416,96
2024-09-16 14:39:03.077000,415.0770115734556,996
2024-09-16 14:39:03.098000,415.0653934727561,1002
2024-09-16 14:39:03.171000,415.1034185242033,1002
2024-09-16 14:39:03.212000,415.0942771226818,6
2024-09-16 14:39:03.227000,415.0824822018919,997
2024-09-16 14:39:03.289000,415.0350470693591,1001
2024-09-16 14:39:03.295000,415.0217625906975,6
2024-09-16 14:39:03.430000,415.0864456892977,1001
2024-09-16 14:39:03.450000,415.0499997521077,10
2024-09-16 14:39:03.553000,415.0710773062916,105
2024-09-16 14:39:03.560000,415.0813221932553,15
2024-09-16 14:39:03.601000,415.0755469372008,999
2024-09-16 14:39:03.652000,415.0526665331497,101
2024-09-16 14:39:03.690000,415.0751334329019,997
2024-09-16 14:39:03.694000,415.1130732452935,14
2024-09-16 14:39:03.702000,415.0843570314221,96
2024-09-16 14:39:03.728000,415.06555942177073,13
2024-09-16 14:39:03.738000,415.03559881734833,15
2024-09-16 14:39:03.760000,415.0993747022342,6
2024-09-16 14:39:03.766000,415.077742147945,95
2024-09-16 14:39:03.782000,415.06413122908185,1004
2024-09-16 14:39:03.799000,415.108032988929,7
2024-09-16 14:39:03.818000,415.07361073503466,1000
2024-09-16 14:39:03.822000,415.0872637068795,14
2024-09-16 14:39:04.018000,415.0294337192118,8
2024-09-16 14:39:04.046000,415.0615854562144,102
2024-09-16 14:39:04.083000,415.0943045209338,8
2024-09-16 14:39:04.121000,415.0407008885631,1001
2024-09-16 14:39:04.159000,415.0924165103473,8
2024-09-16 14:39:04.162000,415.0508542668695,1001
2024-09-16 14:39:04.193000,415.013141658493,12
2024-09-16 14:39:04.206000,415.02236001536,6
2024-09-16 14:39:04.230000,415.0808310384033,98
2024-09-16 14:39:04.313000,415.0542796011247,101
2024-09-16 14:39:04.350000,415.06252011563527,1001
2024-09-16 14:39:04.366000,415.0234909048321,105
2024-09-16 14:39:04.379000,415.01216245013126,104
2024-09-16 14:39:04.439000,415.0085368242752,15
2024-09-16 14:39:04.445000,415.0026801397839,998
2024-09-16 14:39:04.490000,415.0009855419747,6
2024-09-16 14:39:04.494000,415.0289434883317,15
2024-09-16 14:39:04.610000,415.080119463477,999
2024-09-16 14:39:04.699000,415.01069000843273,101
2024-09-16 14:39:04.739000,415.05303829032766,997
2024-09-16 14:39:04.818000,415.0254882321729,10
2024-09-16 14:39:04.831000,415.0783552684305,1003
2024-09-16 14:39:04.844000,415.0369573262148,13
2024-09-16 14:39:04.929000,415.0701936734925,1004
2024-09-16 14:39:04.933000,415.0626241378904,6
2024-09-16 14:39:05.270000,415.0511183761544,8
2024-09-16 14:39:05.564000,415.0416853794214,8
2024-09-16 14:39:05.816000,415.0415307949026,98
2024-09-16 14:39:06.106000,415.0684561499535,15
2024-09-16 14:39:06.213000,415.0861958302045,996
2024-09-16 14:39:06.327000,415.0303234937565,102
2024-09-16 14:39:06.449000,415.05725866650863,95
2024-09-16 14:39:06.460000,415.08242732288574,15
2024-09-16 14:39:06.646000,415.0964565318133,7
2024-09-16 14:39:06.805000,415.03231359072873,14
2024-09-16 14:39:08.015000,415.0947897472368,998
2024-09-16 14:39:08.080000,415.0563689156583,14
2024-09-16 14:39:08.238000,415.0713259120612,101
2024-09-16 14:39:08.278000,415.0479634997085,102
2024-09-16 14:39:08.293000,415.07164835509735,1001
2024-09-16 14:39:08.307000,415.0822374815899,15
2024-09-16 14:39:08.439000,415.06164962093584,5
2024-09-16 14:39:08.442000,415.0667889986075,13
2024-09-16 14:39:08.452000,415.0809436691948,998
2024-09-16 14:39:08.457000,415.0507325309524,1000
2024-09-16 14:39:08.474000,415.07086206658806,15
2024-09-16 14:39:08.480000,415.0680440193856,100
2024-09-16 14:39:08.482000,415.101413254365,97
2024-09-16 14:39:08.484000,415.0904144341799,15
2024-09-16 14:39:08.540000,415.05751150266656,1004
2024-09-16 14:39:08.594000,415.07856556165456,6
2024-09-16 14:39:08.622000,415.05936866066327,1003
2024-09-16 14:39:08.629000,415.0643381673205,103
2024-09-16 14:39:08.706000,415.0572884886271,996
2024-09-16 14:39:08.714000,415.0854857668312,102
2024-09-16 14:39:08.755000,415.0718934557848,1005
2024-09-16 14:39:08.780000,415.09536931449145,999
2024-09-16 14:39:08.829000,415.0894611046572,997
2024-09-16 14:39:08.836000,415.0955856087473,995
2024-09-16 14:39:08.859000,415.0492155252368,104
2024-09-16 14:39:09.013000,415.0421806000048,11
2024-09-16 14:39:09.234000,415.00431745018415,11
2024-09-16 14:39:09.371000,415.0484811919949,11
2024-09-16 14:39:09.378000,415.0362957360936,1003
2024-09-16 14:39:09.472000,415.04732191710417,14
2024-09-16 14:39:09.482000,415.0335486676399,997
2024-09-16 14:39:09.493000,415.0432125252708,102
2024-09-16 14:39:09.533000,415.04504123225513,102
2024-09-16 14:39:09.748000,415.0340754482405,97
2024-09-16 14:39:09.839000,415.0146604830744,9
2024-09-16 14:39:09.873000,415.0388852373256,11
2024-09-16 14:39:09.882000,415.0559628692008,6
2024-09-16 14:39:09.913000,415.0285206125747,1005
2024-09-16 14:39:09.969000,415.0223219019133,11
2024-09-16 14:39:10.073000,415.0664828810332,8
2024-09-16 14:39:10.098000,415.0563825258215,95
2024-09-16 14:39:10.106000,418.8991910805584,8
2024-09-16 14:39:10.111000,415.0762096328028,95
2024-09-16 14:39:10.125000,415.0442183179394,104
2024-09-16 14:39:10.227000,415.0716309600813,10
2024-09-16 14:39:10.235000,415.0785382511514,104
2024-09-16 14:39:10.365000,415.0752204234561,104
2024-09-16 14:39:10.521000,415.0644571892019,102
2024-09-16 14:39:10.639000,415.0555928459241,13
2024-09-16 14:39:10.661000,415.0806466400349,1003
2024-09-16 14:39:10.663000,415.07963426017176,13
2024-09-16 14:39:10.835000,415.08636627903047,998
2024-09-16 14:39:10.852000,415.0760976059916,1002
2024-09-16 14:39:10.865000,415.03893032064326,996
2024-09-16 14:39:10.930000,415.071712271508,6
2024-09-16 14:39:10.957000,415.0503701362271,102
2024-09-16 14:39:10.980000,415.0720327455799,998
2024-09-16 14:39:12.009000,415.01874186243225,10
2024-09-16 14:39:12.101000,415.0600319019801,104
2024-09-16 14:39:12.246000,415.06146456609633,6
2024-09-16 14:39:12.270000,415.0554777537904,11
2024-09-16 14:39:12.279000,415.0466331576536,998
2024-09-16 14:39:12.409000,415.0592208831302,99
2024-09-16 14:39:12.723000,415.0328593587436,14
2024-09-16 14:39:12.804000,415.0373841867908,6
2024-09-16 14:39:12.855000,415.0558899408219,1005
2024-09-16 14:39:12.864000,415.0691041731777,105
2024-09-16 14:39:13.006000,415.1240377981996,995
2024-09-16 14:39:13.036000,415.0128201216312,95
2024-09-16 14:39:13.056000,415.01055068046577,1001
2024-09-16 14:39:13.091000,415.0879117011469,1004
2024-09-16 14:39:13.100000,415.063971111123,11
2024-09-16 14:39:13.116000,415.1176772233184,104
2024-09-16 14:39:13.209000,415.1101521084258,100
2024-09-16 14:39:13.223000,415.04330096512496,5
2024-09-16 14:39:13.255000,415.041664318013,13
2024-09-16 14:39:13.347000,415.1215164869973,11
2024-09-16 14:39:13.377000,415.09496832164,98
2024-09-16 14:39:13.489000,415.1047229028231,8
2024-09-16 14:39:13.537000,415.1032620782644,10
2024-09-16 14:39:13.560000,415.0912024828452,103
2024-09-16 14:39:13.573000,415.08136769667686,8
2024-09-16 14:39:13.598000,415.0596884614677,999
2024-09-16 14:39:13.629000,415.0091350421844,998
2024-09-16 14:39:13.663000,415.1091083372648,6
2024-09-16 14:39:13.718000,415.0523324646609,1001
2024-09-16 14:39:13.875000,415.0115992182329,103
2024-09-16 14:39:13.970000,415.0435745832956,104
2024-09-16 14:39:13.978000,415.018865579974,15
2024-09-16 14:39:14.407000,415.1219612538427,103
2024-09-16 14:39:15.306000,418.9956474084628,95
2024-09-16 14:39:16.012000,415.2110047890947,6
2024-09-16 14:39:16.036000,415.2155970457308,1005
2024-09-16 14:39:16.051000,415.1617147797625,997
2024-09-16 14:39:16.125000,415.1338208510789,96
2024-09-16 14:39:16.149000,415.1836958535724,104
2024-09-16 14:39:16.205000,415.1314382391628,102
2024-09-16 14:39:16.208000,415.1579373130483,5
2024-09-16 14:39:16.220000,415.2008749220807,997
2024-09-16 14:39:16.227000,415.19966129388905,997
2024-09-16 14:39:16.291000,415.16728012865946,996
2024-09-16 14:39:16.309000,415.15928674938544,7
2024-09-16 14:39:16.358000,415.1279026793734,104
2024-09-16 14:39:16.422000,415.12285997598497,97
2024-09-16 14:39:16.457000,415.2133719689011,996
2024-09-16 14:39:16.519000,415.21434758340007,1001
2024-09-16 14:39:16.525000,415.1912184348061,96
2024-09-16 14:39:16.561000,415.2165679241904,100
2024-09-16 14:39:16.561000,415.2174360135321,11
2024-09-16 14:39:16.564000,415.22362657652775,105
2024-09-16 14:39:16.569000,415.1339226132262,999
2024-09-16 14:39:16.593000,415.13772315449137,101
2024-09-16 14:39:16.647000,415.17594293425327,6
2024-09-16 14:39:16.655000,415.2058995877171,1003
2024-09-16 14:39:16.665000,415.20372847909255,1001
2024-09-16 14:39:16.702000,415.19337590595165,1005
2024-09-16 14:39:16.715000,415.1348813264013,14
2024-09-16 14:39:16.820000,415.2193246701754,98
2024-09-16 14:39:16.821000,415.2129327668391,96
2024-09-16 14:39:16.973000,415.1328763888674,997
2024-09-16 14:39:17.138000,415.2020041171475,105
2024-09-16 14:39:17.195000,415.20109853364943,6
2024-09-16 14:39:17.295000,415.1904448967085,9
2024-09-16 14:39:17.618000,415.1946525027468,999
2024-09-16 14:39:17.651000,415.2082227451986,98
2024-09-16 14:39:17.697000,415.20008896023415,1000
2024-09-16 14:39:17.765000,415.19582494494233,12
2024-09-16 14:39:17.771000,415.20246229459775,1003
2024-09-16 14:39:17.799000,415.19684830198673,998
2024-09-16 14:39:17.812000,415.1995953662392,14
2024-09-16 14:39:17.837000,415.20430836439215,13
2024-09-16 14:39:18.039000,415.199733733042,101
2024-09-16 14:39:18.293000,415.2008254131366,97
2024-09-16 14:39:18.321000,415.2134633324295,99
2024-09-16 14:39:18.609000,415.2161691156175,102
2024-09-16 14:39:18.616000,415.20870443771264,98
2024-09-16 14:39:18.757000,415.1957206634058,997
2024-09-16 14:39:18.797000,415.1682438823577,1000
2024-09-16 14:39:18.828000,415.1718626892445,1002
2024-09-16 14:39:18.862000,415.2010252937705,996
2024-09-16 14:39:18.892000,415.1619848116647,999
2024-09-16 14:39:18.902000,415.2033526020839,1003
2024-09-16 14:39:18.923000,415.2076776317791,1004
2024-09-16 14:39:18.979000,415.1921051586356,103
2024-09-16 14:39:19.025000,415.2099227095159,9
2024-09-16 14:39:19.367000,415.1795813476887,99
2024-09-16 14:39:19.393000,419.1386602765742,995
2024-09-16 14:39:19.416000,415.1603313523877,104
2024-09-16 14:39:19.462000,415.18380235644366,1003
2024-09-16 14:39:19.489000,415.1455917849002,15
2024-09-16 14:39:19.519000,415.17656846114704,95
2024-09-16 14:39:19.529000,415.1511090511071,14
2024-09-16 14:39:19.591000,415.1461803964172,101
2024-09-16 14:39:19.616000,415.1490136427208,104
2024-09-16 14:39:19.621000,415.1611537029821,1004
2024-09-16 14:39:19.649000,415.1758260700996,999
2024-09-16 14:39:19.679000,415.1598187953723,105
2024-09-16 14:39:19.757000,415.1533755571701,12
2024-09-16 14:39:19.758000,415.216057016955,95
2024-09-16 14:39:19.786000,415.14646066356585,1001
2024-09-16 14:39:19.791000,415.1506078092115,1000
2024-09-16 14:39:19.815000,415.18712678462055,95
2024-09-16 14:39:19.820000,415.1726738130485,97
2024-09-16 14:39:19.833000,415.1758030136379,9
2024-09-16 14:39:19.883000,415.1860676059337,7
2024-09-16 14:39:19.911000,415.1673482472518,10
2024-09-16 14:39:20.116000,415.1773682555466,99
2024-09-16 14:39:20.123000,415.23669075859925,100
2024-09-16 14:39:20.169000,415.2361634030493,97
2024-09-16 14:39:20.197000,415.18951116686605,96
2024-09-16 14:39:20.249000,415.2302014655612,100
2024-09-16 14:39:20.265000,415.2452629335959,105
2024-09-16 14:39:20.286000,415.22727613242415,5
2024-09-16 14:39:20.349000,415.24102264773086,996
2024-09-16 14:39:20.380000,415.2205471164708,1001
2024-09-16 14:39:20.420000,415.2421837957139,6
2024-09-16 14:39:20.432000,415.2289632753538,1005
2024-09-16 14:39:20.463000,415.2566427935629,997
2024-09-16 14:39:20.467000,415.2270891579169,8
2024-09-16 14:39:20.494000,415.22647819398304,7
2024-09-16 14:39:20.529000,415.1983766455748,98
2024-09-16 14:39:20.544000,415.242361473235,995
2024-09-16 14:39:20.551000,415.2475100383499,5
2024-09-16 14:39:20.639000,415.1861661036756,105
2024-09-16 14:39:20.834000,415.2439091914045,1004
2024-09-16 14:39:20.895000,415.217953760796,97
2024-09-16 14:39:20.931000,415.199179005732,102
2024-09-16 14:39:21.135000,415.2273726379963,1002
2024-09-16 14:39:21.150000,415.19776766882353,1004
2024-09-16 14:39:21.155000,415.22805586373136,1001
2024-09-16 14:39:21.322000,415.2156023683215,997
2024-09-16 14:39:21.422000,415.2025891765395,10
2024-09-16 14:39:21.483000,415.1827779542729,99
2024-09-16 14:39:21.872000,415.18632017813,997
2024-09-16 14:39:21.904000,415.2076375347862,1001
2024-09-16 14:39:21.944000,415.2128068021421,11
2024-09-16 14:39:22.161000,415.2734603939549,97
2024-09-16 14:39:22.172000,415.215724712823,1004
2024-09-16 14:39:22.360000,415.2609646368037,100
2024-09-16 14:39:22.435000,415.2729123141792,6
2024-09-16 14:39:22.541000,415.2756053274597,105
2024-09-16 14:39:22.562000,415.2574916089314,13
2024-09-16 14:39:22.599000,415.2892869128386,999
2024-09-16 14:39:22.605000,415.278023838815,101
2024-09-16 14:39:22.635000,415.26505086116754,12
2024-09-16 14:39:22.667000,415.2695000752156,100
2024-09-16 14:39:22.688000,415.2651971264425,1005
2024-09-16 14:39:22.763000,415.21411793676697,14
2024-09-16 14:39:22.787000,415.2624819530997,1003
2024-09-16 14:39:22.795000,415.231502140338,101
2024-09-16 14:39:22.866000,415.2505161551764,100
2024-09-16 14:39:22.935000,415.2617109569831,996
2024-09-16 14:39:23.038000,415.2400857871154,996
2024-09-16 14:39:23.040000,415.2633194863316,96
2024-09-16 14:39:23.078000,415.2502261440056,9
2024-09-16 14:39:23.115000,415.2632492899434,1004
2024-09-16 14:39:23.224000,415.2627824433424,103
2024-09-16 14:39:23.320000,415.2589421708778,103
2024-09-16 14:39:23.513000,415.2697378231836,998
2024-09-16 14:39:23.522000,415.25062353372783,5
2024-09-16 14:39:23.599000,415.2478950309339,7
2024-09-16 14:39:23.720000,415.23971072131314,9
2024-09-16 14:39:23.723000,415.2636174969558,102
2024-09-16 14:39:23.757000,415.2419395137919,9
2024-09-16 14:39:23.765000,415.2518396306744,1005
2024-09-16 14:39:23.938000,415.2465864288173,995
2024-09-16 14:39:24.001000,415.28203104420953,100
2024-09-16 14:39:24.063000,415.2172529424338,1001
2024-09-16 14:39:24.109000,415.2311813646004,6
2024-09-16 14:39:24.173000,415.2587322739761,7
2024-09-16 14:39:24.173000,415.2470778255452,6
2024-09-16 14:39:24.175000,415.2811589118348,1003
2024-09-16 14:39:24.191000,415.2209498651966,1004
2024-09-16 14:39:24.213000,415.2556478859047,996
2024-09-16 14:39:24.247000,415.2660468152697,96
2024-09-16 14:39:24.290000,415.211743987235,14
2024-09-16 14:39:24.446000,415.2671457888913,13
2024-09-16 14:39:24.591000,415.237107025883,11
2024-09-16 14:39:24.773000,415.2578170207993,1001
2024-09-16 14:39:24.870000,415.2491261018818,97
2024-09-16 14:39:24.871000,415.22266384396505,9
2024-09-16 14:39:24.987000,415.2537057569982,12
2024-09-16 14:39:25.038000,415.2443000948392,5
2024-09-16 14:39:25.088000,415.2545964786819,1005
2024-09-16 14:39:25.108000,415.2386787799099,7
2024-09-16 14:39:25.111000,415.2283480397867,996
2024-09-16 14:39:25.243000,415.2479985967153,97
2024-09-16 14:39:25.246000,415.2377275864999,998
2024-09-16 14:39:25.262000,415.249537720491,7
2024-09-16 14:39:25.262000,415.25805586070135,101
2024-09-16 14:39:25.316000,415.24359731007127,995
2024-09-16 14:39:25.344000,415.2467244854948,999
2024-09-16 14:39:25.371000,415.2258661443612,5
2024-09-16 14:39:25.401000,415.2564409124122,996
2024-09-16 14:39:25.496000,415.2471675971504,7
2024-09-16 14:39:25.511000,415.2102084564739,100
2024-09-16 14:39:25.513000,415.2100691363849,9
2024-09-16 14:39:25.541000,415.2207048468828,105
2024-09-16 14:39:25.568000,415.2330418761542,1000
2024-09-16 14:39:25.595000,415.22396319988,997
2024-09-16 14:39:25.599000,415.2371514699971,13
2024-09-16 14:39:25.635000,415.2591995883443,14
2024-09-16 14:39:25.671000,415.26023902856,1000
2024-09-16 14:39:25.709000,415.23511457888094,14
2024-09-16 14:39:25.784000,415.2572688943481,99
2024-09-16 14:39:25.820000,415.2415295054516,97
2024-09-16 14:39:25.842000,415.2400046165179,7
2024-09-16 14:39:25.874000,415.2604322231765,15
2024-09-16 14:39:25.977000,415.2530405961315,997
2024-09-16 14:39:25.983000,415.2413054904946,8
2024-09-16 14:39:26.041000,415.2269748651149,104
2024-09-16 14:39:26.063000,415.2227911223952,103
2024-09-16 14:39:26.063000,415.210023912631,9
2024-09-16 14:39:26.136000,415.2286811458543,98
2024-09-16 14:39:26.253000,415.24354099158586,14
2024-09-16 14:39:26.344000,415.2212136175952,1004
2024-09-16 14:39:26.465000,415.2213658671408,103
2024-09-16 14:39:26.946000,415.2289066902292,998
2024-09-16 14:39:26.957000,415.24155698592176,1000
2024-09-16 14:39:27.127000,415.2022343072557,997
2024-09-16 14:39:27.900000,415.22158691513806,103
2024-09-16 14:39:28.001000,415.2329892550888,10
2024-09-16 14:39:28.087000,415.2286726552185,10
2024-09-16 14:39:28.145000,415.20758212083047,99
2024-09-16 14:39:28.208000,415.20724579696326,98
2024-09-16 14:39:28.222000,415.2327842795559,95
2024-09-16 14:39:28.240000,415.2239139333201,996
2024-09-16 14:39:28.249000,415.2334597002151,11
2024-09-16 14:39:28.250000,415.21698651697056,12
2024-09-16 14:39:28.323000,415.2545342113362,13
2024-09-16 14:39:28.381000,415.2262035376272,13
2024-09-16 14:39:28.438000,415.2146737571061,8
2024-09-16 14:39:28.460000,415.2246987004265,9
2024-09-16 14:39:28.542000,415.2347075958988,998
2024-09-16 14:39:28.561000,415.2326175017655,102
2024-09-16 14:39:28.625000,415.2345900202712,1005
2024-09-16 14:39:28.631000,415.24717693514623,7
2024-09-16 14:39:28.640000,415.2519562971762,11
2024-09-16 14:39:28.656000,415.2392737369733,1000
2024-09-16 14:39:28.737000,415.23558958288567,6
2024-09-16 14:39:28.805000,415.23933856314153,97
2024-09-16 14:39:28.848000,415.2498341868155,105
2024-09-16 14:39:28.892000,415.23222026758026,95
2024-09-16 14:39:28.981000,415.2508286876997,998
2024-09-16 14:39:28.993000,415.23242270920326,103
2024-09-16 14:39:29.001000,415.2304703755767,1003
2024-09-16 14:39:29.110000,415.20558310152205,6
2024-09-16 14:39:29.133000,415.20813186011,1005
2024-09-16 14:39:29.134000,415.1883421473253,7
2024-09-16 14:39:29.138000,415.20930717021,999
2024-09-16 14:39:29.246000,415.2413563934202,1003
2024-09-16 14:39:29.253000,415.1988224178341,1002
2024-09-16 14:39:29.383000,415.2200320299183,99
2024-09-16 14:39:29.391000,415.2284792320421,15
2024-09-16 14:39:29.442000,415.1991929977577,14
2024-09-16 14:39:29.475000,415.2447072962232,997
2024-09-16 14:39:29.481000,415.2146696992568,1003
2024-09-16 14:39:29.504000,415.2089542332248,11
2024-09-16 14:39:29.551000,415.2338019224703,6
2024-09-16 14:39:29.585000,415.1841387859879,1001
2024-09-16 14:39:29.603000,415.21198305069385,1003
2024-09-16 14:39:29.635000,415.1878746181581,13
2024-09-16 14:39:29.696000,415.1986734375161,996
2024-09-16 14:39:29.718000,415.2182312965383,101
2024-09-16 14:39:29.733000,415.2257183673494,8
2024-09-16 14:39:29.787000,415.1778438184223,998
2024-09-16 14:39:29.827000,415.2102680823485,105
2024-09-16 14:39:29.902000,415.2011905700899,1005
2024-09-16 14:39:29.904000,415.2035869464437,12
2024-09-16 14:39:29.910000,415.1896198324023,9
2024-09-16 14:39:29.928000,415.2182653301506,998
2024-09-16 14:39:29.966000,415.2393208010267,14
2024-09-16 14:39:29.995000,415.2460199783644,10
2024-09-16 14:39:30.034000,415.2004266295985,996
2024-09-16 14:39:30.198000,415.2026975394272,104
2024-09-16 14:39:30.212000,415.2181957228098,14
2024-09-16 14:39:30.259000,415.1913986747597,12
2024-09-16 14:39:30.274000,415.2026684912588,8
2024-09-16 14:39:30.290000,415.1908666018152,98
2024-09-16 14:39:30.306000,415.2159018482208,102
2024-09-16 14:39:30.394000,415.2011480409409,1000
2024-09-16 14:39:30.405000,415.2253302688352,997
2024-09-16 14:39:30.498000,415.21181775426896,97
2024-09-16 14:39:30.647000,415.2153104344519,103
2024-09-16 14:39:30.689000,415.2101318203736,99
2024-09-16 14:39:30.852000,415.2018155151451,101
2024-09-16 14:39:30.873000,415.2101698754696,99
2024-09-16 14:39:30.879000,415.1889799761055,103
2024-09-16 14:39:30.892000,415.20421595217925,102
2024-09-16 14:39:30.913000,415.1996312404126,97
2024-09-16 14:39:30.922000,415.20757083429135,12
2024-09-16 14:39:30.940000,415.21330838266056,1005
2024-09-16 14:39:30.989000,415.2034983902208,1005
2024-09-16 14:39:31.025000,415.2761382706987,8
2024-09-16 14:39:31.268000,415.2534331124312,5
2024-09-16 14:39:31.273000,415.2806972098706,97
2024-09-16 14:39:31.284000,415.26783287971233,15
2024-09-16 14:39:31.322000,415.2320614293012,7
2024-09-16 14:39:31.345000,415.2223356736171,995
2024-09-16 14:39:31.361000,415.2542047142075,1002
2024-09-16 14:39:31.449000,415.2331552618969,8
2024-09-16 14:39:31.453000,415.2911169185165,996
2024-09-16 14:39:31.468000,415.2623786009905,998
2024-09-16 14:39:31.550000,415.27114736437113,997
2024-09-16 14:39:31.605000,415.2425424752864,98
2024-09-16 14:39:31.749000,415.2701036233738,1002
2024-09-16 14:39:31.781000,415.2672112481132,8
2024-09-16 14:39:31.997000,415.2524723403418,96
2024-09-16 14:39:32.280000,415.2863982606257,1005
2024-09-16 14:39:32.611000,415.2820798896539,999
2024-09-16 14:39:32.693000,415.29708349920526,15
2024-09-16 14:39:32.724000,415.2947968018523,103
2024-09-16 14:39:32.731000,415.2786114648949,998
2024-09-16 14:39:33.046000,415.3497172902087,1001
2024-09-16 14:39:33.479000,415.3182692417816,104
2024-09-16 14:39:34.208000,415.3403110026589,98
2024-09-16 14:39:34.367000,415.3315433568776,6
2024-09-16 14:39:34.438000,415.31763919507927,96
2024-09-16 14:39:34.482000,415.3521762516834,5
2024-09-16 14:39:34.677000,415.32775744724046,5
2024-09-16 14:39:34.692000,415.3317172835883,14
2024-09-16 14:39:34.945000,415.3121352643944,10
2024-09-16 14:39:35.095000,415.3801201274733,8
2024-09-16 14:39:35.222000,415.3763892891299,10
2024-09-16 14:39:35.241000,415.3599809274543,101
2024-09-16 14:39:35.302000,415.35092054698094,6
2024-09-16 14:39:35.423000,415.3728841466501,1003
2024-09-16 14:39:35.509000,415.3785587108984,12
2024-09-16 14:39:35.549000,419.0752492146533,1002
2024-09-16 14:39:35.644000,415.34683615152034,1004
2024-09-16 14:39:35.761000,415.3838545891886,11
2024-09-16 14:39:35.817000,415.3636810489587,97
2024-09-16 14:39:35.875000,415.3426704846781,996
2024-09-16 14:39:36.052000,415.3323894557103,5
2024-09-16 14:39:36.068000,415.345172116704,9
2024-09-16 14:39:36.083000,415.333305031739,1002
2024-09-16 14:39:36.084000,415.3301950693021,8
2024-09-16 14:39:36.160000,415.3490577984736,13
2024-09-16 14:39:36.188000,415.34292025832514,998
2024-09-16 14:39:36.218000,415.3282310854218,100
2024-09-16 14:39:36.272000,415.3341587474374,998
2024-09-16 14:39:36.397000,415.36587694360986,105
2024-09-16 14:39:36.421000,415.3556464595904,1001
2024-09-16 14:39:36.560000,415.3147818712334,13
2024-09-16 14:39:36.570000,415.33540991824856,10
2024-09-16 14:39:36.589000,415.3676921621069,995
2024-09-16 14:39:36.592000,415.3416907894824,1000
2024-09-16 14:39:36.722000,415.3186068256478,1005
2024-09-16 14:39:36.743000,415.3421521241476,996
2024-09-16 14:39:36.759000,415.3295139145272,5
2024-09-16 14:39:36.786000,415.32249455083024,96
2024-09-16 14:39:36.832000,415.33762580897314,96
2024-09-16 14:39:36.842000,415.37262068473535,96
2024-09-16 14:39:37.211000,415.3152925903602,103
2024-09-16 14:39:37.239000,415.3446984466237,95
2024-09-16 14:39:37.359000,415.3391189285265,6
2024-09-16 14:39:37.392000,415.32311865837903,996
2024-09-16 14:39:37.398000,415.3537983767366,1000
2024-09-16 14:39:37.428000,415.3317805502285,6
2024-09-16 14:39:37.447000,415.3351129826165,10
2024-09-16 14:39:37.509000,415.3265531750118,11
2024-09-16 14:39:37.624000,415.3240942520669,5
2024-09-16 14:39:37.651000,415.3309463083045,14
2024-09-16 14:39:37.861000,415.3391094081031,10
2024-09-16 14:39:37.973000,415.35565485438497,96
2024-09-16 14:39:38.075000,415.30362264362736,8
2024-09-16 14:39:38.076000,415.3266884188172,95
2024-09-16 14:39:38.119000,415.3094723391749,995
2024-09-16 14:39:38.176000,415.3121146512321,999
2024-09-16 14:39:38.200000,415.3180358123834,101
2024-09-16 14:39:38.248000,415.3318257345915,98
2024-09-16 14:39:38.263000,415.3126274928924,8
2024-09-16 14:39:38.306000,415.3333341349756,7
2024-09-16 14:39:38.334000,415.30029580769656,95
2024-09-16 14:39:38.335000,415.2947822609858,97
2024-09-16 14:39:38.429000,415.3115410930999,8
2024-09-16 14:39:38.430000,419.0431040442839,99
2024-09-16 14:39:38.614000,415.3047908203221,98
2024-09-16 14:39:38.848000,415.2969746389511,13
2024-09-16 14:39:38.867000,415.3420732907349,999
2024-09-16 14:39:38.912000,415.2927888603616,6
2024-09-16 14:39:39.025000,415.3471279219151,13
2024-09-16 14:39:39.043000,415.3721926017228,14
2024-09-16 14:39:39.061000,415.3534791380879,1005
2024-09-16 14:39:39.066000,415.3437059886798,1004
2024-09-16 14:39:39.088000,415.3601011180105,9
2024-09-16 14:39:39.138000,415.32329007906895,12
2024-09-16 14:39:39.166000,415.3057089878139,8
2024-09-16 14:39:39.197000,415.3534905164856,1001
2024-09-16 14:39:39.214000,415.369945026229,5
2024-09-16 14:39:39.266000,415.3466731611673,7
2024-09-16 14:39:39.325000,415.34976352723294,1002
2024-09-16 14:39:39.356000,415.37887199785325,1001
2024-09-16 14:39:39.388000,415.3436059989877,100
2024-09-16 14:39:39.440000,415.354724118976,10
2024-09-16 14:39:39.469000,415.319530788594,5
2024-09-16 14:39:39.502000,415.3335133565549,998
2024-09-16 14:39:39.536000,415.3744650513127,1002
2024-09-16 14:39:39.628000,415.3643892810802,999
2024-09-16 14:39:39.735000,415.3313499940727,104
2024-09-16 14:39:39.747000,415.3578762064234,9
2024-09-16 14:39:39.797000,415.3245754042003,995
2024-09-16 14:39:39.833000,415.3105757049907,1001
2024-09-16 14:39:39.861000,415.375176996962,6
2024-09-16 14:39:39.921000,415.3498028001802,998
2024-09-16 14:39:39.995000,415.352104040066,11
2024-09-16 14:39:40.001000,415.3164061930822,996
2024-09-16 14:39:40.089000,415.3228484457494,9
2024-09-16 14:39:40.125000,415.30069879830825,15
2024-09-16 14:39:40.237000,415.34719197303593,102
2024-09-16 14:39:40.270000,415.3268474230068,6
2024-09-16 14:39:40.298000,415.3428088557929,997
2024-09-16 14:39:40.312000,415.3256694614266,996
2024-09-16 14:39:40.420000,415.3167071207184,99
2024-09-16 14:39:40.459000,415.31604062133056,13
2024-09-16 14:39:40.516000,415.3205205105645,103
2024-09-16 14:39:40.564000,415.3378509286854,12
2024-09-16 14:39:40.576000,415.320135342296,102
2024-09-16 14:39:40.654000,415.305982380581,10
2024-09-16 14:39:40.699000,415.31195041375577,105
2024-09-16 14:39:40.759000,415.3164202536689,1002
2024-09-16 14:39:40.821000,415.3266653565424,998
2024-09-16 14:39:40.835000,415.3105534325951,97
2024-09-16 14:39:40.864000,415.3056741181044,7
2024-09-16 14:39:40.879000,415.31171605961816,102
2024-09-16 14:39:40.910000,415.3329551758102,998
2024-09-16 14:39:40.993000,415.3223604035604,7
2024-09-16 14:39:41.027000,415.38859178294587,11
2024-09-16 14:39:41.081000,415.3518023176256,13
2024-09-16 14:39:41.088000,415.3304780189412,1001
2024-09-16 14:39:41.128000,415.3724812036446,13
2024-09-16 14:39:41.172000,415.31952887212697,996
2024-09-16 14:39:41.178000,415.4023672485151,995
2024-09-16 14:39:41.193000,415.3047901163417,8
2024-09-16 14:39:41.303000,415.3642531788611,99
2024-09-16 14:39:41.306000,415.4016459477647,102
2024-09-16 14:39:41.437000,415.2855205594011,98
2024-09-16 14:39:41.456000,415.3294553346576,102
2024-09-16 14:39:41.498000,415.356720021676,102
2024-09-16 14:39:41.554000,415.31579947304624,6
2024-09-16 14:39:41.555000,415.3847939297816,99
2024-09-16 14:39:41.612000,415.28529002623935,6
2024-09-16 14:39:41.615000,415.2884326151386,101
2024-09-16 14:39:41.697000,415.330383967113,8
2024-09-16 14:39:41.702000,415.32413530217474,6
2024-09-16 14:39:41.721000,415.34480828771575,1001
2024-09-16 14:39:41.735000,415.3337508747019,1003
2024-09-16 14:39:41.778000,415.3161738135189,996
2024-09-16 14:39:41.784000,415.3275874168668,15
2024-09-16 14:39:41.846000,415.2999568573523,5
2024-09-16 14:39:41.853000,415.34555323556594,1003
2024-09-16 14:39:41.876000,415.3185076365282,11
2024-09-16 14:39:41.906000,415.3795970001499,95
2024-09-16 14:39:41.977000,415.3066932250412,7
2024-09-16 14:39:42.038000,415.42108628942464,997
2024-09-16 14:39:42.050000,415.3923901459031,96
2024-09-16 14:39:42.056000,415.43389302824846,1004
2024-09-16 14:39:42.102000,415.4144159295053,97
2024-09-16 14:39:42.131000,415.3911615786116,8
2024-09-16 14:39:42.148000,415.3907839324551,1005
2024-09-16 14:39:42.185000,415.43574074753326,14
2024-09-16 14:39:42.249000,415.41034526289377,999
2024-09-16 14:39:42.274000,415.4226253858024,7
2024-09-16 14:39:42.492000,415.4325983974702,101
2024-09-16 14:39:42.495000,415.4278539666259,102
2024-09-16 14:39:42.503000,415.4263912994506,12
2024-09-16 14:39:42.573000,415.43343653308034,99
2024-09-16 14:39:42.647000,415.4150719191879,11
2024-09-16 14:39:42.689000,415.42131499249984,101
2024-09-16 14:39:42.763000,415.43076130704605,1004
2024-09-16 14:39:42.837000,415.4238233992923,12
2024-09-16 14:39:42.853000,415.4253463609021,99
2024-09-16 14:39:42.889000,415.4038305156174,998
2024-09-16 14:39:42.923000,415.3949754672336,102
2024-09-16 14:39:42.943000,415.4214668268917,8
2024-09-16 14:39:42.948000,415.442887245649,999
2024-09-16 14:39:42.966000,415.4171588077364,9
2024-09-16 14:39:43.014000,415.4257991663311,97
2024-09-16 14:39:43.189000,415.416713684638,1002
2024-09-16 14:39:43.235000,415.41917184189145,11
2024-09-16 14:39:43.308000,415.44882913537714,997
2024-09-16 14:39:43.325000,415.4427527274772,999
2024-09-16 14:39:43.371000,415.42796287049697,6
2024-09-16 14:39:43.389000,415.436125655875,104
2024-09-16 14:39:43.394000,415.4025676427789,103
2024-09-16 14:39:43.412000,415.4231306147887,1004
2024-09-16 14:39:43.423000,415.4202100005226,96
2024-09-16 14:39:43.447000,415.4234861014082,96
2024-09-16 14:39:43.454000,415.4339460018893,100
2024-09-16 14:39:43.511000,415.4027729739127,102
2024-09-16 14:39:43.523000,415.4178444767342,1000
2024-09-16 14:39:43.656000,415.43437533355393,100
2024-09-16 14:39:43.685000,415.4288823936281,998
2024-09-16 14:39:43.688000,415.4144271217624,13
2024-09-16 14:39:43.719000,415.43868682562754,1004
2024-09-16 14:39:43.720000,415.43986045228576,13
2024-09-16 14:39:43.774000,415.4111169179749,11
2024-09-16 14:39:43.780000,415.4158788151043,1004
2024-09-16 14:39:43.855000,415.4493341844304,11
2024-09-16 14:39:43.903000,415.4318802545649,1005
2024-09-16 14:39:43.944000,415.4407335820797,1004
2024-09-16 14:39:43.984000,415.42069537545854,995
2024-09-16 14:39:43.990000,415.3983019948407,15
2024-09-16 14:39:44.043000,415.45725611954833,105
2024-09-16 14:39:44.104000,415.5004259715455,102
2024-09-16 14:39:44.223000,415.48005839142434,15
2024-09-16 14:39:44.255000,415.4649750292715,998
2024-09-16 14:39:44.275000,415.4916106198778,1004
2024-09-16 14:39:44.278000,415.50298586369865,7
2024-09-16 14:39:44.290000,415.5049882925644,101
2024-09-16 14:39:44.300000,415.5082741716225,1001
2024-09-16 14:39:44.412000,415.4930130111232,995
2024-09-16 14:39:44.529000,415.4515950328156,14
2024-09-16 14:39:44.552000,415.4673418671823,97
2024-09-16 14:39:44.573000,415.457811507332,996
2024-09-16 14:39:44.607000,415.5179183666447,9
2024-09-16 14:39:44.616000,415.4711329621399,1000
2024-09-16 14:39:44.631000,415.4611241999747,1004
2024-09-16 14:39:44.716000,415.4912313613382,12
2024-09-16 14:39:44.751000,415.446869321524,104
2024-09-16 14:39:44.769000,415.5068577965063,99
2024-09-16 14:39:44.803000,419.1866633624947,9
2024-09-16 14:39:44.922000,415.44828506639504,1000
2024-09-16 14:39:44.945000,415.4967126307861,12
2024-09-16 14:39:45.288000,415.5124832027264,996
2024-09-16 14:39:45.431000,419.1800260326525,14
2024-09-16 14:39:45.615000,415.4982740267609,100
2024-09-16 14:39:45.681000,415.5060228996901,96
2024-09-16 14:39:46.058000,415.5028404301149,98
2024-09-16 14:39:46.230000,415.5359131102214,1002
2024-09-16 14:39:46.250000,415.52004079935904,999
2024-09-16 14:39:46.288000,415.554305709667,101
2024-09-16 14:39:46.292000,415.5253654070573,105
2024-09-16 14:39:46.388000,415.5263515912874,11
2024-09-16 14:39:46.398000,415.5463744366303,99
2024-09-16 14:39:46.458000,415.541673839745,1004
2024-09-16 14:39:46.487000,415.5645725634091,14
2024-09-16 14:39:46.547000,415.49862593336354,97
2024-09-16 14:39:46.587000,415.53175772592505,995
2024-09-16 14:39:46.618000,415.5414114598542,995
2024-09-16 14:39:46.658000,415.4995986490426,99
2024-09-16 14:39:46.660000,415.5634675765216,12
2024-09-16 14:39:46.699000,415.5185681828559,13
2024-09-16 14:39:46.718000,415.5487400615225,1002
2024-09-16 14:39:46.722000,415.5159807453741,98
2024-09-16 14:39:46.742000,415.5264764579002,101
2024-09-16 14:39:46.762000,415.5156972620424,1001
2024-09-16 14:39:46.770000,415.52909490052457,97
2024-09-16 14:39:46.933000,415.53105910458726,100
2024-09-16 14:39:47.011000,415.67089900407865,6
2024-09-16 14:39:47.178000,415.57097292639503,104
2024-09-16 14:39:47.218000,415.6789699184376,1001
2024-09-16 14:39:47.319000,415.58982243348686,1004
2024-09-16 14:39:47.321000,415.6814836263307,104
2024-09-16 14:39:47.346000,415.6422805559541,8
2024-09-16 14:39:47.348000,415.5772288543625,10
2024-09-16 14:39:47.400000,415.6008478165236,98
2024-09-16 14:39:47.480000,415.6400531397935,999
2024-09-16 14:39:47.484000,415.668905412521,11
2024-09-16 14:39:47.608000,415.7023281374639,997
2024-09-16 14:39:47.701000,415.7149561595505,5
2024-09-16 14:39:47.716000,415.63199956279897,11
2024-09-16 14:39:47.746000,415.6694844669629,998
2024-09-16 14:39:47.762000,415.66694173489975,998
2024-09-16 14:39:47.833000,415.59938772874335,1000
2024-09-16 14:39:47.838000,415.5833190718338,1002
2024-09-16 14:39:47.844000,415.6249204483922,96
2024-09-16 14:39:47.876000,415.59343497515584,1000
2024-09-16 14:39:47.897000,415.6408484053123,5
2024-09-16 14:39:47.956000,415.6183283571991,1005
2024-09-16 14:39:47.987000,415.698345222065,103
2024-09-16 14:39:48.154000,415.7137511953224,1003
2024-09-16 14:39:48.243000,415.6997644343744,105
2024-09-16 14:39:48.493000,415.70577961454825,998
2024-09-16 14:39:48.511000,415.7353843551581,1001
2024-09-16 14:39:48.553000,415.7107115671204,101
2024-09-16 14:39:48.641000,415.703913811063,102
2024-09-16 14:39:48.822000,415.6897532603188,101
2024-09-16 14:39:49.207000,415.7504585341431,5
2024-09-16 14:39:49.278000,415.7470008280543,105
2024-09-16 14:39:49.450000,415.74144629776754,103
2024-09-16 14:39:49.495000,415.730361465778,1005
2024-09-16 14:39:49.514000,415.765928165148,98
2024-09-16 14:39:49.579000,415.7393000266296,998
2024-09-16 14:39:49.614000,415.7473126736559,7
2024-09-16 14:39:49.711000,415.74770407260667,14
2024-09-16 14:39:49.889000,415.7631955990988,15
2024-09-16 14:39:49.938000,415.7630923595761,100
2024-09-16 14:39:49.986000,415.7540086290656,998
2024-09-16 14:39:50.022000,415.7283136706276,997
2024-09-16 14:39:50.170000,415.7495161236809,13
2024-09-16 14:39:50.300000,415.7623428075154,1005
2024-09-16 14:39:50.337000,415.7413498410801,8
2024-09-16 14:39:50.454000,415.7534249539473,999
2024-09-16 14:39:50.562000,415.7581022607233,103
2024-09-16 14:39:50.752000,415.7089586799205,999
2024-09-16 14:39:50.819000,415.7697858395069,103
2024-09-16 14:39:50.869000,415.75141885418265,104
2024-09-16 14:39:51.620000,415.7087004881017,7
2024-09-16 14:39:52.001000,415.7056371793895,1005
2024-09-16 14:39:52.100000,415.7253684897536,105
2024-09-16 14:39:52.127000,415.73076571971006,1001
2024-09-16 14:39:52.173000,415.7582093756511,8
2024-09-16 14:39:52.655000,415.7086918013475,102
2024-09-16 14:39:52.712000,415.74800746716426,1001
2024-09-16 14:39:52.714000,415.74559821760334,9
2024-09-16 14:39:53.051000,415.71212207153326,103
2024-09-16 14:39:53.318000,415.7284720283628,1003
2024-09-16 14:39:53.394000,415.726054415956,105
2024-09-16 14:39:53.478000,415.74020778540216,13
2024-09-16 14:39:53.633000,415.73868335794646,14
2024-09-16 14:39:54.003000,415.71715618204746,11
2024-09-16 14:39:54.026000,415.7243768055407,97
2024-09-16 14:39:54.122000,415.7234683449125,995
2024-09-16 14:39:54.171000,419.023230428587,11
2024-09-16 14:39:54.186000,415.7186484046643,96
2024-09-16 14:39:54.221000,415.6892710437923,1001
2024-09-16 14:39:54.257000,415.72285216045753,7
2024-09-16 14:39:54.298000,415.697996392988,101
2024-09-16 14:39:54.310000,415.6947595563663,1002
2024-09-16 14:39:54.387000,415.719195590164,997
2024-09-16 14:39:54.526000,415.7017238044154,998
2024-09-16 14:39:54.588000,415.71387211033846,95
2024-09-16 14:39:54.657000,415.6932546328202,103
2024-09-16 14:39:54.777000,415.7110487400984,5
2024-09-16 14:39:54.839000,415.72998915783705,104
2024-09-16 14:39:54.931000,415.72681048522185,8
2024-09-16 14:39:55.065000,415.644782895702,98
2024-09-16 14:39:55.081000,415.71428684101977,99
2024-09-16 14:39:55.086000,415.6691529199141,102
2024-09-16 14:39:55.099000,415.6488321179192,1004
2024-09-16 14:39:55.118000,415.6406626304251,1002
2024-09-16 14:39:55.190000,415.6409161909387,101
2024-09-16 14:39:55.412000,415.6839377815724,10
2024-09-16 14:39:55.437000,415.64822886021113,97
2024-09-16 14:39:55.459000,415.6501419715444,997
2024-09-16 14:39:55.471000,415.6418366256594,99
2024-09-16 14:39:55.531000,415.6497428379264,997
2024-09-16 14:39:55.566000,415.670622808657,1005
2024-09-16 14:39:55.613000,415.67269773643983,7
2024-09-16 14:39:55.698000,415.6594996508802,102
2024-09-16 14:39:55.880000,415.6652986378588,99
2024-09-16 14:39:55.908000,415.6618756901016,9
2024-09-16 14:39:55.914000,415.6604757761237,999
2024-09-16 14:39:56.029000,415.5565890796152,995
2024-09-16 14:39:56.128000,415.5163204250973,15
2024-09-16 14:39:56.149000,415.630904349472,98
2024-09-16 14:39:56.151000,418.9458891774435,6
2024-09-16 14:39:56.161000,415.51395853521433,10
2024-09-16 14:39:56.163000,415.619003664908,105
2024-09-16 14:39:56.372000,415.539738523809,6
2024-09-16 14:39:56.450000,415.59596592021177,95
2024-09-16 14:39:56.483000,415.5065460654224,998
2024-09-16 14:39:56.550000,415.5118670040738,14
2024-09-16 14:39:56.611000,415.62894037077575,9
2024-09-16 14:39:56.651000,415.51090817435386,95
2024-09-16 14:39:56.719000,415.5159939948098,101
2024-09-16 14:39:56.835000,415.5720912750626,12
2024-09-16 14:39:56.866000,415.639325387132,999
2024-09-16 14:39:56.948000,415.5154916472904,11
2024-09-16 14:39:57.005000,415.5213263621822,999
2024-09-16 14:39:57.099000,415.5642929790554,999
2024-09-16 14:39:57.567000,415.5572160460927,100
2024-09-16 14:39:57.716000,415.5458471660752,104
2024-09-16 14:39:57.917000,415.5618448057274,6
2024-09-16 14:39:58.063000,415.6019747621997,999
2024-09-16 14:39:58.097000,415.5538105766836,1004
2024-09-16 14:39:58.156000,415.5896559107621,105
2024-09-16 14:39:58.174000,415.591919858039,9
2024-09-16 14:39:58.175000,415.57346729091824,104
2024-09-16 14:39:58.185000,415.5701150494983,7
2024-09-16 14:39:58.344000,415.5826600441073,12
2024-09-16 14:39:58.351000,415.5660861301439,995
2024-09-16 14:39:58.411000,415.57473680211103,96
2024-09-16 14:39:58.437000,415.5595133776725,96
2024-09-16 14:39:58.907000,415.56159216800233,13
2024-09-16 14:39:58.968000,415.6133807932648,97
2024-09-16 14:39:59.123000,415.5579207372208,998
2024-09-16 14:39:59.178000,415.5436075913164,96
2024-09-16 14:39:59.244000,415.55608911881353,8
2024-09-16 14:39:59.258000,415.568934492809,102
2024-09-16 14:39:59.262000,415.5482686064631,998
2024-09-16 14:39:59.292000,415.5419557172938,96
2024-09-16 14:39:59.358000,415.5519836214741,7
2024-09-16 14:39:59.439000,415.56100947911006,10
2024-09-16 14:39:59.488000,415.5436069770158,100
2024-09-16 14:39:59.491000,415.5446015874695,100
2024-09-16 14:39:59.526000,415.5707084222366,1002
2024-09-16 14:39:59.536000,415.54977838865017,997
2024-09-16 14:39:59.548000,415.5528201554016,98
2024-09-16 14:39:59.610000,415.5431260230407,98
2024-09-16 14:39:59.710000,415.5386130287594,96
2024-09-16 14:39:59.712000,415.5543153134092,11
2024-09-16 14:39:59.752000,415.5512737720381,995
2024-09-16 14:39:59.754000,415.5515626874165,99
2024-09-16 14:39:59.775000,415.55535600049546,13
2024-09-16 14:39:59.845000,415.5426497087763,11
2024-09-16 14:39:59.893000,415.54936494352233,1003
2024-09-16 14:39:59.915000,415.5538475318644,15
