Timestamp,Price,Size
2024-09-20 12:30:00.006000,428.42215913938736,11
2024-09-20 12:30:00.035000,428.4190103278507,995
2024-09-20 12:30:00.042000,428.47230366487696,13
2024-09-20 12:30:00.082000,428.5009051547859,1003
2024-09-20 12:30:00.129000,428.3975940276305,998
2024-09-20 12:30:00.154000,428.413736978513,7
2024-09-20 12:30:00.184000,428.4697504645264,12
2024-09-20 12:30:00.202000,428.48834404900913,1005
2024-09-20 12:30:00.243000,428.46656469593177,11
2024-09-20 12:30:00.331000,428.4390244283391,1000
2024-09-20 12:30:00.366000,428.4595594243916,13
2024-09-20 12:30:00.392000,428.4165255101398,15
2024-09-20 12:30:00.428000,428.4864580207953,14
2024-09-20 12:30:00.466000,428.44347877743616,100
2024-09-20 12:30:00.476000,428.4041800868303,998
2024-09-20 12:30:00.582000,428.4713885518557,12
2024-09-20 12:30:00.621000,428.4944724801812,15
2024-09-20 12:30:00.658000,428.4490246885815,98
2024-09-20 12:30:00.681000,428.3959587498597,5
2024-09-20 12:30:00.794000,428.4737855745588,11
2024-09-20 12:30:00.861000,428.4993489895711,5
2024-09-20 12:30:00.953000,428.4738199997962,8
2024-09-20 12:30:01.065000,428.4634968877856,99
2024-09-20 12:30:01.273000,428.43301518449897,101
2024-09-20 12:30:01.297000,428.45341467744646,999
2024-09-20 12:30:01.412000,428.44898876132726,8
2024-09-20 12:30:01.435000,428.4548344796436,8
2024-09-20 12:30:01.803000,428.4514887834089,8
2024-09-20 12:30:01.898000,428.449733145242,14
2024-09-20 12:30:02.014000,428.41277480292433,1003
2024-09-20 12:30:02.035000,428.397022746872,102
2024-09-20 12:30:02.142000,428.5034297139786,1000
2024-09-20 12:30:02.154000,428.4046738281392,997
2024-09-20 12:30:02.165000,428.4622658149072,6
2024-09-20 12:30:02.255000,428.4084786747215,99
2024-09-20 12:30:02.292000,428.3982137155213,1005
2024-09-20 12:30:02.311000,428.4460884471266,15
2024-09-20 12:30:02.315000,428.443011625935,999
2024-09-20 12:30:02.434000,428.47174446830456,15
2024-09-20 12:30:02.442000,428.40134874092246,99
2024-09-20 12:30:02.482000,428.467650328842,7
2024-09-20 12:30:02.490000,428.4115547583041,998
2024-09-20 12:30:03.022000,428.5122741233361,10
2024-09-20 12:30:03.098000,428.54529507937417,1004
2024-09-20 12:30:03.221000,428.5229229284529,98
2024-09-20 12:30:03.223000,428.5003295010325,100
2024-09-20 12:30:03.298000,428.49758859212767,1005
2024-09-20 12:30:03.314000,428.5609923502005,95
2024-09-20 12:30:03.324000,428.53345788635386,102
2024-09-20 12:30:03.326000,428.4985134039978,1003
2024-09-20 12:30:03.368000,428.5472324214279,12
2024-09-20 12:30:03.390000,428.518952554136,7
2024-09-20 12:30:03.660000,428.55843672078913,105
2024-09-20 12:30:03.664000,428.5275957025455,9
2024-09-20 12:30:03.720000,428.51565195120287,101
2024-09-20 12:30:03.776000,428.55308713941525,1000
2024-09-20 12:30:03.812000,428.5149982433138,13
2024-09-20 12:30:03.814000,428.50894420305247,105
2024-09-20 12:30:03.885000,428.53278019111616,14
2024-09-20 12:30:03.893000,428.4967107033551,97
2024-09-20 12:30:03.943000,428.5341811003317,5
2024-09-20 12:30:03.978000,428.5263877487155,6
2024-09-20 12:30:04.047000,428.4278334015585,1000
2024-09-20 12:30:04.152000,428.4671934174796,9
2024-09-20 12:30:04.375000,428.4442641131583,97
2024-09-20 12:30:04.771000,428.4644992240996,9
2024-09-20 12:30:05.080000,428.4532918925192,11
2024-09-20 12:30:05.088000,428.45058225175205,95
2024-09-20 12:30:05.093000,428.4476402803614,99
2024-09-20 12:30:05.221000,428.4485924801974,995
2024-09-20 12:30:05.235000,428.39210158445593,104
2024-09-20 12:30:05.239000,428.430086309016,14
2024-09-20 12:30:05.320000,428.4379672847289,12
2024-09-20 12:30:05.361000,428.4209844156072,96
2024-09-20 12:30:05.378000,428.37956005298486,100
2024-09-20 12:30:05.405000,428.4502373176751,96
2024-09-20 12:30:05.431000,428.3659339136698,100
2024-09-20 12:30:05.432000,428.3725794754697,1004
2024-09-20 12:30:05.441000,428.4110972576132,7
2024-09-20 12:30:05.459000,428.4300757609686,8
2024-09-20 12:30:05.550000,428.44488870578135,98
2024-09-20 12:30:05.554000,428.3841972462822,15
2024-09-20 12:30:05.593000,428.4006276064071,9
2024-09-20 12:30:05.605000,428.39012235947183,11
2024-09-20 12:30:05.619000,428.3879678328229,96
2024-09-20 12:30:05.655000,428.4506363033546,11
2024-09-20 12:30:05.750000,428.4222453323806,6
2024-09-20 12:30:05.809000,428.3919489988785,96
2024-09-20 12:30:05.893000,428.4280920170115,103
2024-09-20 12:30:05.919000,428.42165343907726,95
2024-09-20 12:30:06.009000,428.47590674651474,102
2024-09-20 12:30:06.035000,428.4796052820556,999
2024-09-20 12:30:06.181000,428.474606957459,998
2024-09-20 12:30:06.204000,428.5036757819926,1004
2024-09-20 12:30:06.311000,428.5089884677176,15
2024-09-20 12:30:06.411000,428.4747836813092,9
2024-09-20 12:30:06.507000,428.4711425975066,13
2024-09-20 12:30:06.526000,428.491795338648,996
2024-09-20 12:30:06.681000,428.49387357681576,999
2024-09-20 12:30:06.714000,428.50327942853767,8
2024-09-20 12:30:06.826000,428.4695920858479,1001
2024-09-20 12:30:06.895000,428.503752781367,103
2024-09-20 12:30:06.958000,428.4666517087972,1005
2024-09-20 12:30:07.053000,428.4555388438392,995
2024-09-20 12:30:07.418000,428.4648002311958,6
2024-09-20 12:30:07.817000,428.460556764732,997
2024-09-20 12:30:08.026000,428.4691464020032,1001
2024-09-20 12:30:08.071000,428.4651463236463,95
2024-09-20 12:30:08.092000,428.4884846721626,99
2024-09-20 12:30:08.146000,428.531573346718,105
2024-09-20 12:30:08.161000,428.5210869149619,13
2024-09-20 12:30:08.163000,428.49511440799057,1003
2024-09-20 12:30:08.202000,428.50257394124446,8
2024-09-20 12:30:08.310000,428.48903690963374,997
2024-09-20 12:30:08.343000,428.53146707030567,103
2024-09-20 12:30:08.421000,428.49230267745776,9
2024-09-20 12:30:08.431000,428.5052092742421,1005
2024-09-20 12:30:08.481000,428.4773400951248,6
2024-09-20 12:30:08.563000,428.4818661077244,6
2024-09-20 12:30:08.600000,428.4884890437071,6
2024-09-20 12:30:08.677000,428.45435227464833,98
2024-09-20 12:30:08.687000,428.4800373029109,5
2024-09-20 12:30:08.703000,428.4510338782516,1000
2024-09-20 12:30:08.795000,428.461945200789,13
2024-09-20 12:30:08.854000,428.5371791415083,7
2024-09-20 12:30:09.170000,428.51975169728735,996
2024-09-20 12:30:09.247000,428.5004241403735,1001
2024-09-20 12:30:09.628000,428.4928438151652,998
2024-09-20 12:30:09.920000,428.5331907303296,14
2024-09-20 12:30:09.978000,428.5110196437768,7
2024-09-20 12:30:10.020000,428.5307606662576,1001
2024-09-20 12:30:10.043000,428.5080573217553,1002
2024-09-20 12:30:10.121000,428.5219287209924,1002
2024-09-20 12:30:10.184000,428.5328979119445,98
2024-09-20 12:30:10.310000,428.5162076299087,102
2024-09-20 12:30:10.344000,428.5232828103126,104
2024-09-20 12:30:10.350000,428.52211592742657,99
2024-09-20 12:30:10.423000,428.5218014481735,104
2024-09-20 12:30:10.561000,428.5050660321927,97
2024-09-20 12:30:10.581000,428.50580614782285,996
2024-09-20 12:30:10.668000,428.5158830531761,13
2024-09-20 12:30:10.691000,428.51511023898655,14
2024-09-20 12:30:10.695000,428.5176995302442,1002
2024-09-20 12:30:10.741000,428.52588463208406,96
2024-09-20 12:30:10.816000,428.5001265397596,1005
2024-09-20 12:30:11.210000,428.5627528185415,104
2024-09-20 12:30:11.291000,428.511681094528,7
2024-09-20 12:30:11.345000,428.5857380656849,9
2024-09-20 12:30:11.389000,428.51742043634766,11
2024-09-20 12:30:11.403000,428.5953898918857,998
2024-09-20 12:30:11.429000,428.5934567164636,10
2024-09-20 12:30:11.462000,428.5329389182445,6
2024-09-20 12:30:11.548000,428.5837309625776,10
2024-09-20 12:30:11.593000,428.5760546475004,1005
2024-09-20 12:30:11.604000,428.5785919582257,1002
2024-09-20 12:30:11.618000,428.5291194029485,11
2024-09-20 12:30:11.652000,428.601070026197,5
2024-09-20 12:30:11.749000,428.5961593635824,1002
2024-09-20 12:30:11.815000,428.5047538447969,1000
2024-09-20 12:30:11.917000,428.53436231235776,1001
2024-09-20 12:30:11.931000,428.5907258528081,99
2024-09-20 12:30:12.388000,428.607418837832,999
2024-09-20 12:30:13.035000,428.6066277908749,5
2024-09-20 12:30:13.129000,428.5652628015956,99
2024-09-20 12:30:13.200000,428.5928342466495,101
2024-09-20 12:30:13.216000,428.55293426248926,97
2024-09-20 12:30:13.270000,428.57931102565294,101
2024-09-20 12:30:13.386000,428.5526246406234,1002
2024-09-20 12:30:13.400000,428.55084798308206,7
2024-09-20 12:30:13.433000,428.6056409343895,105
2024-09-20 12:30:13.450000,428.5399948956671,97
2024-09-20 12:30:13.514000,428.555634248008,13
2024-09-20 12:30:13.519000,428.5661082339474,995
2024-09-20 12:30:13.638000,428.5593650749445,1005
2024-09-20 12:30:13.709000,428.5666178342453,9
2024-09-20 12:30:13.737000,428.5530261722679,15
2024-09-20 12:30:13.802000,428.57225902618,998
2024-09-20 12:30:13.940000,428.5514022407765,1003
2024-09-20 12:30:13.972000,428.570275848535,14
2024-09-20 12:30:14.030000,428.58248698934193,102
2024-09-20 12:30:14.041000,428.5791596760994,12
2024-09-20 12:30:14.085000,428.5685177784699,6
2024-09-20 12:30:14.218000,428.5690896521696,1005
2024-09-20 12:30:14.304000,428.5696964828031,103
2024-09-20 12:30:14.394000,428.5845270736425,8
2024-09-20 12:30:14.432000,428.5733825109128,5
2024-09-20 12:30:14.555000,428.5789479078403,8
2024-09-20 12:30:14.790000,428.5684637941593,104
2024-09-20 12:30:14.913000,428.5660332414381,98
2024-09-20 12:30:14.939000,428.56464921359617,13
2024-09-20 12:30:15.003000,428.5596712325657,998
2024-09-20 12:30:15.004000,428.56847732653017,101
2024-09-20 12:30:15.013000,428.5746736227074,996
2024-09-20 12:30:15.053000,428.56466355342354,1002
2024-09-20 12:30:15.057000,428.5873798453726,9
2024-09-20 12:30:15.123000,428.57564245644886,104
2024-09-20 12:30:15.196000,428.57068309423335,103
2024-09-20 12:30:15.328000,428.5826194386156,9
2024-09-20 12:30:15.385000,428.5728061025074,6
2024-09-20 12:30:15.448000,428.568957133545,104
2024-09-20 12:30:15.452000,428.5683863161346,12
2024-09-20 12:30:15.457000,428.5647308638773,1004
2024-09-20 12:30:15.458000,428.599723135313,1000
2024-09-20 12:30:15.485000,428.5709933639327,102
2024-09-20 12:30:15.517000,428.572751743148,1001
2024-09-20 12:30:15.558000,428.5810414508287,996
2024-09-20 12:30:15.568000,428.6002405225197,98
2024-09-20 12:30:15.574000,428.5489469324236,1002
2024-09-20 12:30:15.671000,428.5776689796783,1002
2024-09-20 12:30:15.807000,428.5542632607908,5
2024-09-20 12:30:15.858000,428.5688151255099,5
2024-09-20 12:30:15.864000,428.5699210836188,1004
2024-09-20 12:30:15.875000,428.6031037895981,97
2024-09-20 12:30:15.972000,428.5759067320207,1003
2024-09-20 12:30:16.009000,428.54142909250777,96
2024-09-20 12:30:16.025000,428.4604124830963,1005
2024-09-20 12:30:16.026000,428.456721108591,999
2024-09-20 12:30:16.035000,428.4747929415607,999
2024-09-20 12:30:16.137000,428.52378670991055,102
2024-09-20 12:30:16.172000,428.445407415598,104
2024-09-20 12:30:16.235000,428.4192861509754,997
2024-09-20 12:30:16.238000,428.49102479357134,13
2024-09-20 12:30:16.238000,428.53024991390777,13
2024-09-20 12:30:16.261000,428.4768400732527,97
2024-09-20 12:30:16.337000,428.46502652939256,1002
2024-09-20 12:30:16.341000,428.44083276032734,97
2024-09-20 12:30:16.454000,428.5305289476535,98
2024-09-20 12:30:16.615000,428.4441092366391,1005
2024-09-20 12:30:16.782000,428.4418863925038,104
2024-09-20 12:30:16.852000,428.5342088609594,5
2024-09-20 12:30:16.866000,428.5318975281708,995
2024-09-20 12:30:16.878000,428.5047118438097,103
2024-09-20 12:30:16.930000,428.4440375108798,103
2024-09-20 12:30:17.010000,428.39943148997406,997
2024-09-20 12:30:17.176000,428.4040168064373,1002
2024-09-20 12:30:17.236000,428.3971118001838,96
2024-09-20 12:30:17.401000,428.3969821962808,7
2024-09-20 12:30:17.448000,428.3998057232863,998
2024-09-20 12:30:17.453000,428.4253321418815,1001
2024-09-20 12:30:17.455000,428.4108113127364,98
2024-09-20 12:30:17.639000,428.4000144821818,1002
2024-09-20 12:30:17.726000,428.4031622602689,95
2024-09-20 12:30:17.738000,428.4028564259697,104
2024-09-20 12:30:17.764000,428.3763868973596,8
2024-09-20 12:30:17.807000,428.3879828813084,98
2024-09-20 12:30:17.836000,428.3980324257311,15
2024-09-20 12:30:17.972000,428.41215088466265,13
2024-09-20 12:30:17.975000,428.3968323130479,99
2024-09-20 12:30:18.067000,428.3921713614465,13
2024-09-20 12:30:18.100000,428.39517551356175,997
2024-09-20 12:30:18.113000,428.3792708826882,15
2024-09-20 12:30:18.123000,428.3952229349489,105
2024-09-20 12:30:18.215000,428.44006490761456,100
2024-09-20 12:30:18.272000,428.394498830481,101
2024-09-20 12:30:18.287000,428.3969655447308,15
2024-09-20 12:30:18.296000,428.4364895240254,5
2024-09-20 12:30:18.549000,428.3609066778966,995
2024-09-20 12:30:18.551000,428.4320419345582,996
2024-09-20 12:30:18.552000,428.3930033484009,104
2024-09-20 12:30:18.553000,428.3676179695799,10
2024-09-20 12:30:18.554000,428.43595713112666,996
2024-09-20 12:30:18.569000,428.4594209463583,5
2024-09-20 12:30:18.600000,428.4034798920755,13
2024-09-20 12:30:18.637000,428.3806728553361,1005
2024-09-20 12:30:18.674000,428.4460007550914,105
2024-09-20 12:30:18.674000,428.44848018591136,98
2024-09-20 12:30:18.840000,428.3717590680188,97
2024-09-20 12:30:18.852000,428.3559871510821,996
2024-09-20 12:30:19.024000,428.49447411223167,1003
2024-09-20 12:30:19.091000,428.4789880240235,10
2024-09-20 12:30:19.203000,428.49989135807016,95
2024-09-20 12:30:19.342000,428.50136469079575,1001
2024-09-20 12:30:19.436000,428.4711270632085,9
2024-09-20 12:30:19.544000,428.493674680047,103
2024-09-20 12:30:19.553000,428.455700686132,1003
2024-09-20 12:30:19.753000,428.4995804180021,15
2024-09-20 12:30:19.802000,428.4635267186532,98
2024-09-20 12:30:19.815000,428.50301236092986,1000
2024-09-20 12:30:19.914000,428.49091149877466,104
2024-09-20 12:30:19.983000,428.483825229252,101
2024-09-20 12:30:20.170000,428.4716234842813,99
2024-09-20 12:30:20.182000,428.4374846018977,996
2024-09-20 12:30:20.436000,428.4247039869139,6
2024-09-20 12:30:20.456000,428.4217050894831,1000
2024-09-20 12:30:20.539000,428.4744950221872,100
2024-09-20 12:30:20.573000,428.4543550930218,997
2024-09-20 12:30:20.629000,428.422258817076,999
2024-09-20 12:30:20.664000,428.4797153022678,98
2024-09-20 12:30:20.670000,428.4559436608504,95
2024-09-20 12:30:20.715000,428.4364896201197,101
2024-09-20 12:30:20.737000,428.4530077989671,14
2024-09-20 12:30:20.887000,428.4384500880008,11
2024-09-20 12:30:20.987000,428.4581428489879,14
2024-09-20 12:30:21.042000,428.5417464884609,14
2024-09-20 12:30:21.047000,428.4629557969892,104
2024-09-20 12:30:21.054000,428.523951705822,995
2024-09-20 12:30:21.081000,428.45435250987134,998
2024-09-20 12:30:21.118000,428.6533565299316,5
2024-09-20 12:30:21.141000,428.5790588195762,14
2024-09-20 12:30:21.156000,428.6556986759636,998
2024-09-20 12:30:21.174000,428.4464890048975,101
2024-09-20 12:30:21.213000,428.56777331414247,996
2024-09-20 12:30:21.250000,428.6327357889021,1001
2024-09-20 12:30:21.268000,428.5427981244588,14
2024-09-20 12:30:21.284000,428.4891623028941,7
2024-09-20 12:30:21.301000,428.5041283334597,9
2024-09-20 12:30:21.323000,428.6045529376673,1002
2024-09-20 12:30:21.358000,428.6441709500559,95
2024-09-20 12:30:21.403000,428.4558933499948,6
2024-09-20 12:30:21.410000,428.5200268376437,12
2024-09-20 12:30:21.545000,428.5395154306366,103
2024-09-20 12:30:21.665000,428.47655654124674,1001
2024-09-20 12:30:21.726000,428.53631028036943,103
2024-09-20 12:30:21.745000,428.51021576814856,996
2024-09-20 12:30:21.861000,428.5156884421895,998
2024-09-20 12:30:21.869000,428.47034919667647,6
2024-09-20 12:30:21.888000,428.5068440077868,13
2024-09-20 12:30:21.950000,428.450562314666,995
2024-09-20 12:30:21.954000,428.4955271725085,102
2024-09-20 12:30:21.955000,428.6078547573821,6
2024-09-20 12:30:21.984000,428.58086351979546,8
2024-09-20 12:30:21.989000,428.4822715988426,104
2024-09-20 12:30:22.064000,428.711028391315,1000
2024-09-20 12:30:22.130000,428.6968634746845,1002
2024-09-20 12:30:22.242000,428.6760263750497,14
2024-09-20 12:30:22.301000,428.6704344437097,995
2024-09-20 12:30:22.330000,428.6956638969997,12
2024-09-20 12:30:22.341000,428.7045291418565,6
2024-09-20 12:30:22.390000,428.7234131199918,10
2024-09-20 12:30:22.454000,428.7275349938205,99
2024-09-20 12:30:22.458000,428.7169781789183,105
2024-09-20 12:30:22.471000,428.7304276584578,996
2024-09-20 12:30:22.502000,428.7112321495037,7
2024-09-20 12:30:22.525000,428.7305555471311,1005
2024-09-20 12:30:22.579000,428.67722515399527,103
2024-09-20 12:30:22.615000,428.72934910287904,105
2024-09-20 12:30:22.815000,428.6973227397714,5
2024-09-20 12:30:22.925000,428.7051846137937,999
2024-09-20 12:30:22.942000,428.6570417500042,104
2024-09-20 12:30:23.081000,428.6484222057933,105
2024-09-20 12:30:23.105000,428.6689095942294,12
2024-09-20 12:30:23.166000,428.6599280683727,7
2024-09-20 12:30:23.317000,428.6460155924004,105
2024-09-20 12:30:23.341000,428.6553001203852,999
2024-09-20 12:30:23.907000,428.6557538055147,12
2024-09-20 12:30:23.936000,428.6581726561271,95
2024-09-20 12:30:24.352000,428.6337517246443,11
2024-09-20 12:30:24.657000,428.6277281779605,1004
2024-09-20 12:30:24.924000,428.6339005130893,1003
2024-09-20 12:30:24.973000,428.637337471813,97
2024-09-20 12:30:25.089000,428.6272064331995,5
2024-09-20 12:30:25.152000,428.6058463009916,8
2024-09-20 12:30:25.195000,428.6313103730111,101
2024-09-20 12:30:25.204000,428.6342019906804,96
2024-09-20 12:30:25.238000,428.632090413917,97
2024-09-20 12:30:25.272000,428.6104055697023,14
2024-09-20 12:30:25.299000,428.6569999879367,999
2024-09-20 12:30:25.311000,428.6407167440816,11
2024-09-20 12:30:25.327000,428.64239465148376,14
2024-09-20 12:30:25.344000,428.6068740055213,95
2024-09-20 12:30:25.412000,428.6400638169045,95
2024-09-20 12:30:25.474000,428.6252884715732,14
2024-09-20 12:30:25.607000,428.6490004984968,995
2024-09-20 12:30:25.719000,428.6256100159302,104
2024-09-20 12:30:25.775000,428.6172553362296,13
2024-09-20 12:30:25.833000,428.6471214869911,104
2024-09-20 12:30:25.842000,428.614392369515,11
2024-09-20 12:30:25.860000,428.6059162226791,104
2024-09-20 12:30:25.882000,428.646793621229,998
2024-09-20 12:30:25.891000,428.6151632422497,999
2024-09-20 12:30:25.903000,428.638822571883,103
2024-09-20 12:30:25.943000,428.61841447366345,998
2024-09-20 12:30:26.191000,428.6125117484701,12
2024-09-20 12:30:26.343000,428.5745982805609,15
2024-09-20 12:30:26.546000,428.56434020263424,1004
2024-09-20 12:30:26.547000,428.6123175958568,1004
2024-09-20 12:30:26.759000,428.557925519981,1000
2024-09-20 12:30:26.771000,428.5475887372123,1000
2024-09-20 12:30:26.863000,428.5528424692668,8
2024-09-20 12:30:26.997000,428.62036236318585,8
2024-09-20 12:30:27.133000,428.595491850514,996
2024-09-20 12:30:27.362000,428.5439916863836,8
2024-09-20 12:30:27.373000,428.5749648587672,995
2024-09-20 12:30:27.377000,428.5459535536645,8
2024-09-20 12:30:27.458000,428.5547410612666,996
2024-09-20 12:30:27.459000,428.5659850759682,1005
2024-09-20 12:30:27.477000,428.5664093353943,102
2024-09-20 12:30:27.520000,428.5478595884397,13
2024-09-20 12:30:27.542000,428.592679942077,995
2024-09-20 12:30:27.590000,428.5758816891026,97
2024-09-20 12:30:27.766000,428.5769914904259,99
2024-09-20 12:30:27.768000,428.5466520637388,5
2024-09-20 12:30:27.777000,428.5687860200081,102
2024-09-20 12:30:27.819000,428.5977920528657,1000
2024-09-20 12:30:28.179000,428.601543988829,997
2024-09-20 12:30:28.302000,428.59725520401895,105
2024-09-20 12:30:28.321000,428.6017985458844,101
2024-09-20 12:30:28.359000,428.5969231657081,103
2024-09-20 12:30:28.392000,428.5933304123467,10
2024-09-20 12:30:28.425000,428.6086309089632,998
2024-09-20 12:30:28.446000,428.6213232743346,15
2024-09-20 12:30:28.447000,428.6117442284308,99
2024-09-20 12:30:28.466000,428.5746537546477,5
2024-09-20 12:30:28.482000,428.5814998996527,1004
2024-09-20 12:30:28.527000,428.6159637302259,1000
2024-09-20 12:30:28.573000,428.605975188667,11
2024-09-20 12:30:28.616000,428.60716644717775,98
2024-09-20 12:30:28.628000,428.6050121551676,1005
2024-09-20 12:30:28.628000,428.5971758928696,10
2024-09-20 12:30:28.687000,428.5911983568874,15
2024-09-20 12:30:28.703000,428.6038077957616,102
2024-09-20 12:30:28.706000,428.6062642654375,103
2024-09-20 12:30:28.710000,428.5937992999079,105
2024-09-20 12:30:28.808000,428.5998638633735,97
2024-09-20 12:30:28.812000,428.5982405285751,99
2024-09-20 12:30:28.816000,428.6144673987683,5
2024-09-20 12:30:28.916000,428.6076860849035,10
2024-09-20 12:30:28.943000,428.6010663768166,1005
2024-09-20 12:30:28.988000,428.6060235063002,997
2024-09-20 12:30:29.040000,428.57227248510657,15
2024-09-20 12:30:29.052000,428.55219056119216,95
2024-09-20 12:30:29.065000,428.5441552917448,1001
2024-09-20 12:30:29.068000,428.58243810553785,105
2024-09-20 12:30:29.102000,428.56825749209446,1004
2024-09-20 12:30:29.121000,428.5691161671172,1003
2024-09-20 12:30:29.125000,428.5587877118729,105
2024-09-20 12:30:29.139000,428.5759556772265,8
2024-09-20 12:30:29.153000,428.5340239989056,1004
2024-09-20 12:30:29.256000,428.5506078825854,95
2024-09-20 12:30:29.261000,428.5537444448163,1002
2024-09-20 12:30:29.284000,428.5851446484328,10
2024-09-20 12:30:29.333000,428.5538359360986,14
2024-09-20 12:30:29.393000,428.57897795409417,996
2024-09-20 12:30:29.445000,428.55832177840233,1000
2024-09-20 12:30:29.532000,428.56234674277295,1004
2024-09-20 12:30:29.562000,428.5792287193365,8
2024-09-20 12:30:29.642000,428.5618232671026,98
2024-09-20 12:30:29.653000,428.5743528673793,14
2024-09-20 12:30:29.664000,428.5343808394461,6
2024-09-20 12:30:29.675000,428.5482940380724,96
2024-09-20 12:30:29.676000,428.5647354540069,1004
2024-09-20 12:30:29.720000,428.5779025071768,8
2024-09-20 12:30:29.895000,428.56850024634406,103
2024-09-20 12:30:29.897000,428.5811423957865,998
2024-09-20 12:30:30.048000,428.5695399231751,995
2024-09-20 12:30:30.227000,428.5770862275516,104
2024-09-20 12:30:30.375000,428.5530282234199,99
2024-09-20 12:30:30.554000,428.5674522927892,100
2024-09-20 12:30:30.761000,428.5618540645031,999
2024-09-20 12:30:30.847000,428.5734009949848,11
2024-09-20 12:30:30.924000,428.5789546088051,99
2024-09-20 12:30:31.012000,428.54822737571857,8
2024-09-20 12:30:31.145000,428.48278196049984,9
2024-09-20 12:30:31.162000,428.46671755493446,1000
2024-09-20 12:30:31.283000,428.5091072044363,98
2024-09-20 12:30:31.287000,428.5121787084484,98
2024-09-20 12:30:31.339000,428.5119329325318,14
2024-09-20 12:30:31.502000,428.469491415918,13
2024-09-20 12:30:31.515000,428.50005038491,98
2024-09-20 12:30:31.520000,428.4834309394485,13
2024-09-20 12:30:31.550000,428.462234753957,10
2024-09-20 12:30:31.582000,428.5121576579716,8
2024-09-20 12:30:31.704000,428.5008356388997,102
2024-09-20 12:30:31.742000,428.4571348344344,999
2024-09-20 12:30:31.746000,428.4932454762378,13
2024-09-20 12:30:31.802000,428.520923944349,999
2024-09-20 12:30:31.822000,428.4768440271638,105
2024-09-20 12:30:31.848000,428.5158989938791,10
2024-09-20 12:30:31.913000,428.4643446427236,995
2024-09-20 12:30:31.948000,428.5117872379199,1000
2024-09-20 12:30:32.223000,428.48109997771456,997
2024-09-20 12:30:32.227000,428.4992291250072,1002
2024-09-20 12:30:32.251000,428.5033179685195,101
2024-09-20 12:30:32.324000,428.4896732200799,15
2024-09-20 12:30:32.443000,428.5011739475362,999
2024-09-20 12:30:32.594000,428.4593325603476,8
2024-09-20 12:30:32.729000,428.4696835968069,1005
2024-09-20 12:30:32.897000,428.4948975476517,103
2024-09-20 12:30:32.898000,428.4579312485389,1003
2024-09-20 12:30:33.008000,428.5151201354031,100
2024-09-20 12:30:33.070000,428.48627286241685,996
2024-09-20 12:30:33.165000,428.4571362118876,101
2024-09-20 12:30:33.171000,428.4792793836353,101
2024-09-20 12:30:33.210000,428.4814225741072,999
2024-09-20 12:30:33.221000,428.4620961000389,14
2024-09-20 12:30:33.275000,428.486826911737,101
2024-09-20 12:30:33.385000,428.4676179720063,1000
2024-09-20 12:30:33.522000,428.4832805539464,96
2024-09-20 12:30:33.535000,428.4632022456725,12
2024-09-20 12:30:33.618000,428.5499866969736,1003
2024-09-20 12:30:33.629000,428.4921677053618,96
2024-09-20 12:30:33.669000,428.5126605649887,995
2024-09-20 12:30:33.685000,428.5625728662323,103
2024-09-20 12:30:33.945000,428.4859572935286,1000
2024-09-20 12:30:33.979000,428.54025241159707,102
2024-09-20 12:30:34.093000,428.4912310753742,99
2024-09-20 12:30:34.112000,428.53073628559,95
2024-09-20 12:30:34.306000,428.5303173351462,1003
2024-09-20 12:30:34.359000,428.5367598715299,998
2024-09-20 12:30:34.366000,428.496737437525,8
2024-09-20 12:30:34.507000,428.5549911078212,100
2024-09-20 12:30:34.603000,428.5137756042098,998
2024-09-20 12:30:34.628000,428.5405614751912,997
2024-09-20 12:30:34.640000,428.5012095725389,8
2024-09-20 12:30:34.665000,428.53864260192273,6
2024-09-20 12:30:34.824000,428.53962262113583,95
2024-09-20 12:30:34.996000,428.5459293361416,15
2024-09-20 12:30:35.031000,428.5432532418722,999
2024-09-20 12:30:35.054000,428.4985383940464,104
2024-09-20 12:30:35.122000,428.5283028115727,997
2024-09-20 12:30:35.123000,428.524050643063,97
2024-09-20 12:30:35.172000,428.5427549385825,104
2024-09-20 12:30:35.181000,428.5171357000941,99
2024-09-20 12:30:35.238000,428.4901954175488,1003
2024-09-20 12:30:35.244000,428.5126712657303,99
2024-09-20 12:30:35.298000,428.55159138071366,95
2024-09-20 12:30:35.392000,428.5358189352679,101
2024-09-20 12:30:35.435000,428.5154955908614,97
2024-09-20 12:30:35.458000,428.5312412806944,999
2024-09-20 12:30:35.468000,428.5399149964118,96
2024-09-20 12:30:35.547000,428.5446043719211,15
2024-09-20 12:30:35.569000,428.5255937636412,997
2024-09-20 12:30:35.571000,428.5236962192898,104
2024-09-20 12:30:35.575000,428.5246601246124,104
2024-09-20 12:30:35.665000,428.528373700206,104
2024-09-20 12:30:35.677000,428.5341092064761,1001
2024-09-20 12:30:35.721000,428.5304330879424,101
2024-09-20 12:30:35.818000,428.51864886010287,995
2024-09-20 12:30:35.829000,428.49578037911016,999
2024-09-20 12:30:35.846000,428.5295159592045,9
2024-09-20 12:30:35.891000,428.4903215293385,14
2024-09-20 12:30:36.059000,428.5537987746351,95
2024-09-20 12:30:36.122000,428.5322725722588,998
2024-09-20 12:30:36.140000,428.54273884040254,1001
2024-09-20 12:30:36.150000,428.4985396983908,1004
2024-09-20 12:30:36.195000,428.5404408791028,1000
2024-09-20 12:30:36.198000,428.5681032697377,12
2024-09-20 12:30:36.253000,428.5849378758836,996
2024-09-20 12:30:36.330000,428.4891636199654,1005
2024-09-20 12:30:36.343000,428.5267531413991,8
2024-09-20 12:30:36.425000,428.5215688554208,5
2024-09-20 12:30:36.507000,428.5404426813089,996
2024-09-20 12:30:36.557000,428.5418052118545,5
2024-09-20 12:30:36.589000,428.5366384140351,15
2024-09-20 12:30:36.758000,428.5589572602263,6
2024-09-20 12:30:36.800000,428.5551453806301,1003
2024-09-20 12:30:36.871000,428.5789346821577,13
2024-09-20 12:30:36.898000,428.53231710109645,999
2024-09-20 12:30:37.001000,428.494711703918,995
2024-09-20 12:30:37.023000,428.5846692281024,995
2024-09-20 12:30:37.190000,428.5787633620861,996
2024-09-20 12:30:37.209000,428.562268215518,8
2024-09-20 12:30:37.223000,428.56422154308143,11
2024-09-20 12:30:37.226000,428.5898661324118,999
2024-09-20 12:30:37.276000,428.5918351923425,8
2024-09-20 12:30:37.327000,428.5739849007389,8
2024-09-20 12:30:37.437000,428.522202949047,1005
2024-09-20 12:30:37.596000,428.4972469195325,10
2024-09-20 12:30:37.733000,428.5791656364232,1002
2024-09-20 12:30:37.777000,428.6016010217829,96
2024-09-20 12:30:37.920000,428.57459081155,104
2024-09-20 12:30:37.982000,428.5853532397118,99
2024-09-20 12:30:38.009000,428.496973241648,1003
2024-09-20 12:30:38.012000,428.5157468147966,997
2024-09-20 12:30:38.016000,428.5233668799793,104
2024-09-20 12:30:38.077000,428.5138583939369,13
2024-09-20 12:30:38.170000,428.5007176734492,999
2024-09-20 12:30:38.285000,428.4771127576256,11
2024-09-20 12:30:38.356000,428.50268840156366,12
2024-09-20 12:30:38.366000,428.49673405765816,995
2024-09-20 12:30:38.376000,428.48027168658206,999
2024-09-20 12:30:38.435000,428.4761029054658,105
2024-09-20 12:30:38.461000,428.5463492633927,102
2024-09-20 12:30:38.498000,428.48770724089405,10
2024-09-20 12:30:38.520000,428.4590785001109,1002
2024-09-20 12:30:38.531000,428.5019812186633,1005
2024-09-20 12:30:38.579000,428.4647809082531,105
2024-09-20 12:30:38.588000,428.4887318350292,1001
2024-09-20 12:30:38.665000,428.5136570865135,99
2024-09-20 12:30:38.686000,428.5560765615453,5
2024-09-20 12:30:38.690000,428.5276604888102,13
2024-09-20 12:30:38.697000,428.4854312665839,96
2024-09-20 12:30:38.699000,428.5177304898738,1000
2024-09-20 12:30:38.772000,428.5481587141826,10
2024-09-20 12:30:38.779000,428.48325955654735,1005
2024-09-20 12:30:38.808000,428.4762906158135,102
2024-09-20 12:30:38.873000,428.4618468628242,96
2024-09-20 12:30:38.889000,428.475323698732,99
2024-09-20 12:30:38.998000,428.4835434543788,101
2024-09-20 12:30:39.096000,428.4534473564027,6
2024-09-20 12:30:39.350000,428.4387778618376,13
2024-09-20 12:30:39.488000,428.4454934700009,98
2024-09-20 12:30:39.654000,428.4447516811956,13
2024-09-20 12:30:40.069000,428.4280917735227,105
2024-09-20 12:30:40.106000,428.4221946789136,13
2024-09-20 12:30:40.271000,428.4438420919452,9
2024-09-20 12:30:40.296000,428.419560635397,1002
2024-09-20 12:30:40.301000,428.4080409751056,1000
2024-09-20 12:30:40.416000,428.4550312238943,10
2024-09-20 12:30:40.536000,428.4273435275329,100
2024-09-20 12:30:41.048000,428.4153095546609,104
2024-09-20 12:30:41.159000,428.39251821223365,997
2024-09-20 12:30:41.161000,428.3583417384569,5
2024-09-20 12:30:41.186000,428.3561478231341,103
2024-09-20 12:30:41.242000,428.41142099924775,95
2024-09-20 12:30:41.266000,428.3988307608334,1005
2024-09-20 12:30:41.398000,428.3741612865952,1005
2024-09-20 12:30:41.429000,428.4097856193219,97
2024-09-20 12:30:41.452000,428.4012072630336,104
2024-09-20 12:30:41.494000,428.41852245384416,7
2024-09-20 12:30:41.501000,428.41315183680825,13
2024-09-20 12:30:41.534000,428.415137447892,998
2024-09-20 12:30:41.740000,428.3564548557127,7
2024-09-20 12:30:41.746000,428.35149839291125,11
2024-09-20 12:30:41.759000,428.4087232856028,103
2024-09-20 12:30:41.787000,428.3644857099097,14
2024-09-20 12:30:41.789000,428.3850537877408,96
2024-09-20 12:30:41.972000,428.38638518275695,9
2024-09-20 12:30:42.177000,428.3605820907592,1001
2024-09-20 12:30:42.230000,428.37780604064574,10
2024-09-20 12:30:42.622000,428.3527254792393,999
2024-09-20 12:30:42.637000,428.34869486773727,5
2024-09-20 12:30:42.708000,428.36322803450025,999
2024-09-20 12:30:43.030000,428.3682842458328,6
2024-09-20 12:30:43.047000,428.35209949476746,5
2024-09-20 12:30:43.091000,428.36564181932494,995
2024-09-20 12:30:43.435000,428.387885268912,97
2024-09-20 12:30:43.681000,428.3972261709122,997
2024-09-20 12:30:43.875000,428.391810650764,13
2024-09-20 12:30:43.954000,428.3680308151749,101
2024-09-20 12:30:43.988000,428.36820355146585,15
2024-09-20 12:30:44.054000,428.28421276693945,12
2024-09-20 12:30:44.129000,428.2959805078369,7
2024-09-20 12:30:44.132000,428.29769139776414,14
2024-09-20 12:30:44.151000,428.2827272085553,102
2024-09-20 12:30:44.176000,428.30221683318047,5
2024-09-20 12:30:44.191000,428.2879086905427,5
2024-09-20 12:30:44.203000,428.2756748345325,997
2024-09-20 12:30:44.233000,428.294909777018,104
2024-09-20 12:30:44.260000,428.37363825787287,1000
2024-09-20 12:30:44.324000,428.3043789678025,14
2024-09-20 12:30:44.507000,428.3298296469504,105
2024-09-20 12:30:44.566000,428.29166778815113,96
2024-09-20 12:30:44.629000,428.3786617849646,98
2024-09-20 12:30:44.648000,428.30940882669097,8
2024-09-20 12:30:44.658000,428.2724095731321,13
2024-09-20 12:30:44.806000,428.2856991814236,99
2024-09-20 12:30:44.895000,428.2909741649354,1005
2024-09-20 12:30:44.931000,428.29678663401137,103
2024-09-20 12:30:44.944000,428.3089275003171,97
2024-09-20 12:30:44.960000,428.2677943674249,7
2024-09-20 12:30:44.963000,428.3662492815602,10
2024-09-20 12:30:45.016000,428.2749965190114,1003
2024-09-20 12:30:45.027000,428.3047439368461,10
2024-09-20 12:30:45.040000,428.2690820635861,995
2024-09-20 12:30:45.060000,428.2195900195928,98
2024-09-20 12:30:45.099000,428.2910560694612,8
2024-09-20 12:30:45.133000,428.2911338917063,7
2024-09-20 12:30:45.340000,428.2177767967544,105
2024-09-20 12:30:45.350000,428.2713253964786,8
2024-09-20 12:30:45.399000,428.2206224462485,1005
2024-09-20 12:30:45.424000,428.2791487124552,102
2024-09-20 12:30:45.485000,428.2630141657766,6
2024-09-20 12:30:45.702000,428.2990276406287,1005
2024-09-20 12:30:45.702000,428.3022768841567,95
2024-09-20 12:30:45.893000,428.2911116889025,1003
2024-09-20 12:30:45.963000,428.284470744184,97
2024-09-20 12:30:46.076000,428.2520987299418,95
2024-09-20 12:30:46.108000,428.288262602283,13
2024-09-20 12:30:46.138000,428.2957685239462,13
2024-09-20 12:30:46.154000,428.2119315287405,6
2024-09-20 12:30:46.208000,428.267703822469,1000
2024-09-20 12:30:46.221000,428.21900427039895,102
2024-09-20 12:30:46.223000,428.2808657996271,1001
2024-09-20 12:30:46.281000,428.2192355632743,1002
2024-09-20 12:30:46.286000,428.2379273652921,996
2024-09-20 12:30:46.323000,428.26968106523526,1001
2024-09-20 12:30:46.333000,428.285976177246,13
2024-09-20 12:30:46.337000,428.2785401444136,1001
2024-09-20 12:30:46.383000,428.2455710390663,7
2024-09-20 12:30:46.390000,428.2425758446105,103
2024-09-20 12:30:46.406000,428.29161449667566,11
2024-09-20 12:30:46.441000,428.2971218850299,102
2024-09-20 12:30:46.493000,428.28656492326064,96
2024-09-20 12:30:46.637000,428.2262867910732,102
2024-09-20 12:30:46.664000,428.2138078403079,1000
2024-09-20 12:30:46.703000,428.20357083070354,1000
2024-09-20 12:30:46.763000,428.2285584493568,13
2024-09-20 12:30:46.763000,428.3093016183638,1001
2024-09-20 12:30:46.785000,428.2378948239768,14
2024-09-20 12:30:46.795000,428.2986783276643,100
2024-09-20 12:30:46.897000,428.2106938446908,95
2024-09-20 12:30:46.912000,428.2288038184858,102
2024-09-20 12:30:46.950000,428.2909310376228,99
2024-09-20 12:30:47.072000,428.3160143740422,14
2024-09-20 12:30:47.088000,428.31869872816674,5
2024-09-20 12:30:47.094000,428.3139469655807,99
2024-09-20 12:30:47.129000,428.2949495878689,998
2024-09-20 12:30:47.167000,428.3271724498889,998
2024-09-20 12:30:47.231000,428.3293688901853,1001
2024-09-20 12:30:47.241000,428.3244125271754,11
2024-09-20 12:30:47.300000,428.3030659702461,999
2024-09-20 12:30:47.307000,428.3127006236614,5
2024-09-20 12:30:47.324000,428.3447924243488,96
2024-09-20 12:30:47.401000,428.3396593025616,8
2024-09-20 12:30:47.430000,428.3179931406408,97
2024-09-20 12:30:47.468000,428.32045392946384,1001
2024-09-20 12:30:47.475000,428.3392773436356,8
2024-09-20 12:30:47.491000,428.3129426508005,10
2024-09-20 12:30:47.501000,428.3320591900165,996
2024-09-20 12:30:47.504000,428.3260328883296,999
2024-09-20 12:30:47.566000,428.3329746482731,7
2024-09-20 12:30:47.580000,428.33152275993336,998
2024-09-20 12:30:47.616000,428.31566251153095,100
2024-09-20 12:30:47.728000,428.30403158547006,9
2024-09-20 12:30:47.747000,428.30280434888607,101
2024-09-20 12:30:47.786000,428.317898147234,15
2024-09-20 12:30:47.902000,428.32555878665306,102
2024-09-20 12:30:47.958000,428.33384507753067,998
2024-09-20 12:30:47.980000,428.2978218478566,9
2024-09-20 12:30:47.985000,428.3006385987476,12
2024-09-20 12:30:47.990000,428.3543047776122,998
2024-09-20 12:30:48.036000,428.2964767907332,995
2024-09-20 12:30:48.109000,428.2450523762563,102
2024-09-20 12:30:48.168000,428.28883455391656,1005
2024-09-20 12:30:48.275000,428.26931342337537,102
2024-09-20 12:30:48.331000,428.2790329889239,100
2024-09-20 12:30:48.364000,428.2611351768328,8
2024-09-20 12:30:48.451000,428.2595831039038,8
2024-09-20 12:30:48.621000,428.2964641050757,102
2024-09-20 12:30:48.849000,428.27189328207993,101
2024-09-20 12:30:48.946000,428.2652365450172,12
2024-09-20 12:30:49.065000,428.2092277185967,13
2024-09-20 12:30:49.133000,428.2742210083452,11
2024-09-20 12:30:49.158000,428.2016409550389,996
2024-09-20 12:30:49.158000,428.22023339963874,97
2024-09-20 12:30:49.181000,428.1991401972134,1003
2024-09-20 12:30:49.201000,428.2129650455327,1000
2024-09-20 12:30:49.235000,428.1857357980721,14
2024-09-20 12:30:49.240000,428.1876560264497,5
2024-09-20 12:30:49.339000,428.1942699725374,1003
2024-09-20 12:30:49.365000,428.19802816855207,10
2024-09-20 12:30:49.383000,428.18506075036873,12
2024-09-20 12:30:49.422000,428.2034112818055,1005
2024-09-20 12:30:49.494000,428.1703038469051,103
2024-09-20 12:30:49.568000,428.2051671146801,100
2024-09-20 12:30:49.669000,428.1817080126285,98
2024-09-20 12:30:49.750000,428.1977344085564,100
2024-09-20 12:30:49.880000,428.2399703757055,14
2024-09-20 12:30:49.943000,428.2039873558526,10
2024-09-20 12:30:49.947000,428.22900593031386,102
2024-09-20 12:30:50.051000,428.2107907465417,103
2024-09-20 12:30:50.078000,428.22317810645455,8
2024-09-20 12:30:50.190000,428.2478527306437,103
2024-09-20 12:30:50.286000,428.2007930764633,104
2024-09-20 12:30:50.292000,428.2067009622477,100
2024-09-20 12:30:50.342000,428.2423926613132,98
2024-09-20 12:30:50.351000,428.21673258870624,996
2024-09-20 12:30:50.378000,428.2426268262178,9
2024-09-20 12:30:50.423000,428.2049162819827,102
2024-09-20 12:30:50.452000,428.23777458272,996
2024-09-20 12:30:50.467000,428.20315763731537,6
2024-09-20 12:30:50.502000,428.2178730826836,10
2024-09-20 12:30:50.510000,428.2213276742445,105
2024-09-20 12:30:50.559000,428.2393110004167,97
2024-09-20 12:30:50.606000,428.20832766851584,8
2024-09-20 12:30:50.631000,428.2363168037956,98
2024-09-20 12:30:50.681000,428.2126033591248,1001
2024-09-20 12:30:50.702000,428.21415714598834,102
2024-09-20 12:30:50.703000,428.2387442185348,9
2024-09-20 12:30:50.937000,428.2275131704883,7
2024-09-20 12:30:50.942000,428.2045382008381,1002
2024-09-20 12:30:50.945000,428.2130627097565,99
2024-09-20 12:30:51.018000,428.2726567772713,105
2024-09-20 12:30:51.191000,428.22519957680765,98
2024-09-20 12:30:51.208000,428.256922875292,6
2024-09-20 12:30:51.232000,428.2285774846778,1001
2024-09-20 12:30:51.377000,428.2106748617541,11
2024-09-20 12:30:51.535000,428.2321940759408,15
2024-09-20 12:30:51.552000,428.2357576081869,996
2024-09-20 12:30:51.572000,428.23962369250086,101
2024-09-20 12:30:51.629000,428.23887601227307,100
2024-09-20 12:30:51.697000,428.2314273475941,104
2024-09-20 12:30:51.751000,428.1993087558908,101
2024-09-20 12:30:51.755000,428.2531363721203,10
2024-09-20 12:30:51.794000,428.2116042318027,15
2024-09-20 12:30:51.853000,428.2501511467146,1001
2024-09-20 12:30:51.866000,428.2278054701857,1005
2024-09-20 12:30:51.890000,428.2284470446268,99
2024-09-20 12:30:51.956000,428.2374550020972,103
2024-09-20 12:30:52.356000,428.2578669240539,99
2024-09-20 12:30:52.427000,428.2405846151029,7
2024-09-20 12:30:52.854000,428.25033233228726,9
2024-09-20 12:30:53.016000,428.2814885211408,996
2024-09-20 12:30:53.046000,428.2634988422814,997
2024-09-20 12:30:53.094000,428.2695561741904,99
2024-09-20 12:30:53.170000,428.281880783829,15
2024-09-20 12:30:53.216000,428.2374302419663,1002
2024-09-20 12:30:53.220000,428.2417810714658,99
2024-09-20 12:30:53.228000,428.283757634492,10
2024-09-20 12:30:53.240000,428.3090076669128,11
2024-09-20 12:30:53.266000,428.2233738497378,105
2024-09-20 12:30:53.311000,428.22353312657935,102
2024-09-20 12:30:53.376000,428.2866306010927,1005
2024-09-20 12:30:53.390000,428.2443954942883,103
2024-09-20 12:30:53.430000,428.2949550455253,103
2024-09-20 12:30:53.483000,428.22728808995487,96
2024-09-20 12:30:53.503000,428.2825833972267,103
2024-09-20 12:30:53.561000,428.2302716095281,11
2024-09-20 12:30:53.599000,428.2771860539946,9
2024-09-20 12:30:53.604000,428.247541967718,8
2024-09-20 12:30:53.649000,428.2806724527846,8
2024-09-20 12:30:53.676000,428.2167453997544,1002
2024-09-20 12:30:53.794000,428.23539560846,1001
2024-09-20 12:30:53.801000,428.2692723197912,999
2024-09-20 12:30:53.824000,428.3137234040494,1004
2024-09-20 12:30:53.836000,428.2885392692186,100
2024-09-20 12:30:53.837000,428.227429275428,13
2024-09-20 12:30:53.905000,428.2558242872785,6
2024-09-20 12:30:53.957000,428.2462490302907,105
2024-09-20 12:30:54.043000,428.2798076414886,95
2024-09-20 12:30:54.073000,428.26918084783983,100
2024-09-20 12:30:54.114000,428.26873260303216,998
2024-09-20 12:30:54.135000,428.2575070851452,97
2024-09-20 12:30:54.137000,428.2648338451321,99
2024-09-20 12:30:54.155000,428.28504781661616,95
2024-09-20 12:30:54.169000,428.2578141789753,9
2024-09-20 12:30:54.191000,428.2792243248527,14
2024-09-20 12:30:54.300000,428.2469376143393,97
2024-09-20 12:30:54.306000,428.2513069426406,995
2024-09-20 12:30:54.330000,428.25269226559215,1003
2024-09-20 12:30:54.371000,428.2582428010326,999
2024-09-20 12:30:54.422000,428.28238503165375,1003
2024-09-20 12:30:54.462000,428.2360368870855,98
2024-09-20 12:30:54.472000,428.27314365134936,9
2024-09-20 12:30:54.526000,428.2277337504511,97
2024-09-20 12:30:54.534000,428.27885917865376,98
2024-09-20 12:30:54.581000,428.2575971830894,97
2024-09-20 12:30:54.688000,428.26816930232695,7
2024-09-20 12:30:54.713000,428.2583256896562,1004
2024-09-20 12:30:54.727000,428.2323130093496,996
2024-09-20 12:30:54.806000,428.2701288758618,99
2024-09-20 12:30:54.851000,428.271043110101,1000
2024-09-20 12:30:54.864000,428.27190639153247,104
2024-09-20 12:30:54.932000,428.2619761351757,1000
2024-09-20 12:30:54.986000,428.276270950816,97
2024-09-20 12:30:55.047000,428.2552510852795,15
2024-09-20 12:30:55.152000,428.23872344902,103
2024-09-20 12:30:55.184000,428.2413490576615,996
2024-09-20 12:30:55.252000,428.2620752711178,8
2024-09-20 12:30:55.499000,428.2557433526465,95
2024-09-20 12:30:55.833000,428.2447921217935,996
2024-09-20 12:30:55.883000,428.23781328696776,995
2024-09-20 12:30:55.923000,428.249867752231,98
2024-09-20 12:30:56.019000,428.2647253482144,101
2024-09-20 12:30:56.129000,428.2844222987341,5
2024-09-20 12:30:56.192000,428.2641718343628,1003
2024-09-20 12:30:56.365000,428.2397215475973,105
2024-09-20 12:30:56.497000,428.2808906645967,97
2024-09-20 12:30:56.524000,428.275614256555,998
2024-09-20 12:30:56.587000,428.2216844402843,95
2024-09-20 12:30:56.759000,428.2784530101724,997
2024-09-20 12:30:56.822000,428.2534790863881,95
2024-09-20 12:30:56.952000,428.23442176611945,1001
2024-09-20 12:30:57.044000,428.2942660919272,105
2024-09-20 12:30:57.099000,428.3072034311188,999
2024-09-20 12:30:57.130000,428.2493062392087,98
2024-09-20 12:30:57.136000,428.3164067664155,999
2024-09-20 12:30:57.142000,428.3150147043822,15
2024-09-20 12:30:57.174000,428.3139181645689,100
2024-09-20 12:30:57.196000,428.3214538296343,997
2024-09-20 12:30:57.203000,428.2975011842238,1004
2024-09-20 12:30:57.255000,428.2773426985024,103
2024-09-20 12:30:57.283000,428.3147827191892,102
2024-09-20 12:30:57.361000,428.2891044206123,96
2024-09-20 12:30:57.407000,428.2279204988061,1002
2024-09-20 12:30:57.477000,428.2967064564636,103
2024-09-20 12:30:57.488000,428.3304070677195,12
2024-09-20 12:30:57.503000,428.3186486242415,997
2024-09-20 12:30:57.520000,428.30208651770187,999
2024-09-20 12:30:57.598000,428.3097846965469,10
2024-09-20 12:30:57.601000,428.2978294811545,995
2024-09-20 12:30:57.650000,428.2496768546714,99
2024-09-20 12:30:57.673000,428.32042210211273,102
2024-09-20 12:30:57.713000,428.3041911784978,1004
2024-09-20 12:30:57.731000,428.3215119725855,997
2024-09-20 12:30:57.756000,428.3155180483581,1001
2024-09-20 12:30:57.844000,428.3232396067201,1003
2024-09-20 12:30:57.857000,428.3053432017441,1001
2024-09-20 12:30:57.858000,428.3004771861103,10
2024-09-20 12:30:57.861000,428.2204787290062,1001
2024-09-20 12:30:57.894000,428.2527368279817,6
2024-09-20 12:30:57.922000,428.2917999820117,99
2024-09-20 12:30:58.399000,428.3826294922002,1000
2024-09-20 12:30:58.421000,428.3772996633634,98
2024-09-20 12:30:58.450000,428.37329780852224,14
2024-09-20 12:30:58.655000,428.3497836193645,99
2024-09-20 12:30:58.750000,428.3093796146844,103
2024-09-20 12:30:58.765000,428.3284830364278,998
2024-09-20 12:30:58.801000,428.36079218665714,99
2024-09-20 12:30:58.902000,428.31737835775874,11
2024-09-20 12:30:59.150000,428.3464151294236,997
2024-09-20 12:30:59.662000,428.34053788152136,14
2024-09-20 12:30:59.835000,428.3608924829431,998
