Timestamp,Price,Size
2024-09-19 11:42:00.050000,421.5826230477273,997
2024-09-19 11:42:00.084000,421.49482669606647,1004
2024-09-19 11:42:00.087000,421.58722953762856,99
2024-09-19 11:42:00.092000,421.5004558092431,105
2024-09-19 11:42:00.118000,421.51262346693073,1004
2024-09-19 11:42:00.278000,421.4681685878156,999
2024-09-19 11:42:00.406000,421.49378516670777,9
2024-09-19 11:42:00.437000,421.5703622542035,5
2024-09-19 11:42:00.581000,421.5337407638248,995
2024-09-19 11:42:00.638000,421.5409055422745,996
2024-09-19 11:42:00.660000,421.47503094412633,5
2024-09-19 11:42:00.675000,421.5734977555167,101
2024-09-19 11:42:00.800000,421.50546137776064,95
2024-09-19 11:42:00.810000,421.5076483213234,101
2024-09-19 11:42:00.828000,421.526299684477,14
2024-09-19 11:42:00.846000,421.53028754769775,105
2024-09-19 11:42:00.980000,421.5626999635684,997
2024-09-19 11:42:01.033000,421.4674214890133,1001
2024-09-19 11:42:01.083000,421.46652313212434,95
2024-09-19 11:42:01.109000,421.4750016998042,5
2024-09-19 11:42:01.117000,421.466859364484,15
2024-09-19 11:42:01.155000,421.44625406244097,1004
2024-09-19 11:42:01.174000,421.4753178393938,96
2024-09-19 11:42:01.182000,421.4670108217538,999
2024-09-19 11:42:01.292000,421.5199734814555,5
2024-09-19 11:42:01.306000,421.4265257591048,105
2024-09-19 11:42:01.319000,421.54116530613385,99
2024-09-19 11:42:01.376000,421.5278967517189,11
2024-09-19 11:42:01.474000,421.46158852685767,95
2024-09-19 11:42:01.476000,421.44691496588143,15
2024-09-19 11:42:01.514000,421.4664965117229,12
2024-09-19 11:42:01.519000,421.5645124300644,1000
2024-09-19 11:42:01.539000,421.4647866094674,96
2024-09-19 11:42:01.591000,421.5794074319917,1000
2024-09-19 11:42:01.600000,421.46430432270336,8
2024-09-19 11:42:01.611000,421.5099001879421,1004
2024-09-19 11:42:01.616000,421.5373833009036,15
2024-09-19 11:42:01.620000,421.4478888876299,10
2024-09-19 11:42:01.632000,421.49005733880335,14
2024-09-19 11:42:01.855000,421.5454958477224,5
2024-09-19 11:42:01.876000,421.573982122993,96
2024-09-19 11:42:01.940000,421.52273513581366,999
2024-09-19 11:42:01.978000,421.5584668911495,15
2024-09-19 11:42:02.018000,421.4546574816325,13
2024-09-19 11:42:02.088000,421.4389591078616,1000
2024-09-19 11:42:02.091000,421.4586340034404,6
2024-09-19 11:42:02.091000,421.4232834196483,100
2024-09-19 11:42:02.109000,421.39367918919817,996
2024-09-19 11:42:02.110000,421.4135971149065,1002
2024-09-19 11:42:02.136000,421.452138948929,996
2024-09-19 11:42:02.252000,421.4392093270066,10
2024-09-19 11:42:02.260000,421.4393348955596,997
2024-09-19 11:42:02.292000,421.4554657374461,99
2024-09-19 11:42:02.306000,421.4076731276244,10
2024-09-19 11:42:02.515000,421.4383202270965,8
2024-09-19 11:42:02.537000,421.4405543684856,95
2024-09-19 11:42:02.540000,421.4454718669922,100
2024-09-19 11:42:02.553000,421.458657290081,14
2024-09-19 11:42:02.635000,421.4496583978606,5
2024-09-19 11:42:02.639000,421.4606367822736,999
2024-09-19 11:42:02.717000,421.42137831006914,996
2024-09-19 11:42:02.827000,421.4148981585792,998
2024-09-19 11:42:02.877000,421.4082127772473,13
2024-09-19 11:42:02.900000,421.45340815456126,998
2024-09-19 11:42:02.913000,421.46067104872384,15
2024-09-19 11:42:02.975000,421.4273155927724,1002
2024-09-19 11:42:03.153000,421.4545906421232,11
2024-09-19 11:42:03.295000,421.43968594493725,10
2024-09-19 11:42:03.382000,421.4228278344055,13
2024-09-19 11:42:03.567000,421.4323021963644,13
2024-09-19 11:42:03.678000,421.4200823573607,1002
2024-09-19 11:42:03.772000,421.4541574341755,1001
2024-09-19 11:42:03.954000,421.4317096702716,97
2024-09-19 11:42:04.023000,421.4308023888145,997
2024-09-19 11:42:04.039000,421.3676386358411,11
2024-09-19 11:42:04.124000,421.4082476494276,96
2024-09-19 11:42:04.129000,421.41854345340346,9
2024-09-19 11:42:04.319000,421.3766936032624,103
2024-09-19 11:42:04.367000,421.4065399495364,7
2024-09-19 11:42:04.380000,421.3966300773222,12
2024-09-19 11:42:04.401000,421.4315475907573,96
2024-09-19 11:42:04.489000,421.4076001297452,1001
2024-09-19 11:42:04.494000,421.4291059424701,10
2024-09-19 11:42:04.508000,421.4183219961902,14
2024-09-19 11:42:04.550000,421.39572241781735,996
2024-09-19 11:42:04.558000,421.3860104683127,101
2024-09-19 11:42:04.624000,421.4262576040183,100
2024-09-19 11:42:04.668000,421.3983555130339,104
2024-09-19 11:42:04.678000,421.40016194277376,98
2024-09-19 11:42:04.731000,421.4260455158242,99
2024-09-19 11:42:04.734000,421.3889751731165,8
2024-09-19 11:42:04.841000,421.4149350957583,996
2024-09-19 11:42:04.884000,421.4182469940074,5
2024-09-19 11:42:04.957000,421.3865662850522,100
2024-09-19 11:42:04.982000,421.38754282771134,6
2024-09-19 11:42:04.999000,421.41678036667867,97
2024-09-19 11:42:05.081000,421.4401462902685,5
2024-09-19 11:42:05.106000,421.3975471776988,996
2024-09-19 11:42:05.175000,421.4149657254933,995
2024-09-19 11:42:05.276000,421.4349527045943,102
2024-09-19 11:42:05.299000,421.4371911765863,100
2024-09-19 11:42:05.324000,421.4226849872761,13
2024-09-19 11:42:05.337000,421.4072448506119,6
2024-09-19 11:42:05.376000,421.4417595714359,8
2024-09-19 11:42:05.380000,421.4257371784291,15
2024-09-19 11:42:05.494000,421.4388292324272,100
2024-09-19 11:42:05.513000,421.4302049221525,998
2024-09-19 11:42:05.527000,421.4242361211463,97
2024-09-19 11:42:05.597000,421.4101288445309,104
2024-09-19 11:42:05.598000,421.477354206771,9
2024-09-19 11:42:05.655000,421.4333598463756,15
2024-09-19 11:42:05.815000,421.3912998753991,6
2024-09-19 11:42:05.826000,421.408787706926,99
2024-09-19 11:42:05.883000,421.4323721831162,104
2024-09-19 11:42:05.936000,421.4149322703237,99
2024-09-19 11:42:05.987000,421.4038441835595,10
2024-09-19 11:42:06.012000,421.5070652744458,1004
2024-09-19 11:42:06.056000,421.51202838564,100
2024-09-19 11:42:06.085000,421.5237495651504,1005
2024-09-19 11:42:06.086000,421.5470264922023,102
2024-09-19 11:42:06.133000,421.49500041281294,996
2024-09-19 11:42:06.170000,421.5149904107213,1000
2024-09-19 11:42:06.289000,421.50513950665055,103
2024-09-19 11:42:06.354000,421.48500783349897,1002
2024-09-19 11:42:06.363000,421.4835867374692,7
2024-09-19 11:42:06.408000,421.5026492794775,7
2024-09-19 11:42:06.413000,421.48909055474286,11
2024-09-19 11:42:06.463000,421.4626333114917,1004
2024-09-19 11:42:06.483000,421.4736623254637,998
2024-09-19 11:42:06.504000,421.5065932482006,995
2024-09-19 11:42:06.566000,421.5051722895759,1002
2024-09-19 11:42:06.569000,421.49888157952586,6
2024-09-19 11:42:06.583000,421.46790054313647,997
2024-09-19 11:42:06.632000,421.5165566155548,105
2024-09-19 11:42:06.654000,421.5211223565695,13
2024-09-19 11:42:06.687000,421.5676677629042,9
2024-09-19 11:42:06.802000,421.54122253770754,95
2024-09-19 11:42:06.808000,421.48268892792566,997
2024-09-19 11:42:06.809000,421.471681595022,102
2024-09-19 11:42:06.819000,421.51249042053,998
2024-09-19 11:42:06.920000,421.4991543537989,14
2024-09-19 11:42:06.956000,421.4773474264736,13
2024-09-19 11:42:07,421.6259379531243,99
2024-09-19 11:42:07.104000,421.600614463058,7
2024-09-19 11:42:07.136000,421.5768043592121,5
2024-09-19 11:42:07.242000,421.61152787099047,13
2024-09-19 11:42:07.292000,421.5834117143328,1004
2024-09-19 11:42:07.293000,421.573996893163,1002
2024-09-19 11:42:07.296000,421.5648298772666,1004
2024-09-19 11:42:07.351000,421.625477907918,7
2024-09-19 11:42:07.360000,421.58920339023257,103
2024-09-19 11:42:07.374000,421.6349921870414,101
2024-09-19 11:42:07.383000,421.63561479169306,99
2024-09-19 11:42:07.493000,421.6302003733205,14
2024-09-19 11:42:07.536000,421.5779370350898,14
2024-09-19 11:42:07.592000,421.60477819638186,1003
2024-09-19 11:42:07.646000,421.6145441839943,99
2024-09-19 11:42:07.660000,421.58119228617,10
2024-09-19 11:42:07.713000,421.62549991272857,13
2024-09-19 11:42:07.740000,421.5786380987014,12
2024-09-19 11:42:07.847000,421.59445233356746,10
2024-09-19 11:42:07.847000,421.5921791168299,8
2024-09-19 11:42:07.915000,421.5803823960108,100
2024-09-19 11:42:07.941000,421.6401102547693,1003
2024-09-19 11:42:07.968000,421.5942285037338,9
2024-09-19 11:42:07.993000,421.6219075005094,13
2024-09-19 11:42:08.049000,421.60965851937175,97
2024-09-19 11:42:08.058000,421.6786812811004,996
2024-09-19 11:42:08.093000,421.60862219696537,14
2024-09-19 11:42:08.105000,421.6218948752222,103
2024-09-19 11:42:08.128000,421.62650792509,1001
2024-09-19 11:42:08.141000,421.6923060036472,995
2024-09-19 11:42:08.149000,421.6391561032402,15
2024-09-19 11:42:08.201000,421.5892259169928,15
2024-09-19 11:42:08.266000,421.66169645587735,15
2024-09-19 11:42:08.347000,421.6000853575159,14
2024-09-19 11:42:08.391000,421.665662213979,997
2024-09-19 11:42:08.394000,421.68516746122776,12
2024-09-19 11:42:08.451000,421.6730596451521,1003
2024-09-19 11:42:08.516000,421.6356160890496,12
2024-09-19 11:42:08.556000,421.5950038828704,99
2024-09-19 11:42:08.575000,421.6376566265031,8
2024-09-19 11:42:08.590000,421.67691695070926,11
2024-09-19 11:42:08.617000,421.63021944971433,1003
2024-09-19 11:42:08.621000,421.6269862787044,11
2024-09-19 11:42:08.692000,421.6202431060605,98
2024-09-19 11:42:08.693000,421.6295339042912,104
2024-09-19 11:42:08.755000,421.6459301250307,995
2024-09-19 11:42:08.900000,421.6011440472634,1002
2024-09-19 11:42:08.915000,421.6800229813338,1001
2024-09-19 11:42:08.920000,421.667455103509,13
2024-09-19 11:42:08.922000,421.6271853163303,102
2024-09-19 11:42:08.924000,421.68275524319233,998
2024-09-19 11:42:08.939000,421.6374443754758,996
2024-09-19 11:42:09.063000,421.6690955500369,1004
2024-09-19 11:42:09.176000,421.6571983543054,96
2024-09-19 11:42:09.192000,421.6460127117414,1000
2024-09-19 11:42:09.263000,421.6759426267572,14
2024-09-19 11:42:09.279000,421.6738226378,101
2024-09-19 11:42:09.323000,421.6854768788354,1004
2024-09-19 11:42:09.371000,421.6698220431085,101
2024-09-19 11:42:09.414000,421.67183416409785,6
2024-09-19 11:42:09.466000,421.6781365095522,1004
2024-09-19 11:42:09.506000,421.6617698124858,11
2024-09-19 11:42:09.541000,421.6491678461846,1001
2024-09-19 11:42:09.570000,421.6704475920768,1002
2024-09-19 11:42:09.623000,421.6552874479643,996
2024-09-19 11:42:09.694000,421.6874373880544,98
2024-09-19 11:42:09.864000,421.6651174822779,997
2024-09-19 11:42:09.884000,421.651117057499,997
2024-09-19 11:42:10.270000,421.7020633113211,102
2024-09-19 11:42:10.345000,421.69187274028434,13
2024-09-19 11:42:10.398000,421.6996342815098,998
2024-09-19 11:42:10.742000,421.69601443464137,95
2024-09-19 11:42:10.771000,421.69294684023214,7
2024-09-19 11:42:10.877000,421.6935701671037,7
2024-09-19 11:42:11.001000,421.69683383534215,1002
2024-09-19 11:42:11.844000,421.69744838969774,10
2024-09-19 11:42:12.139000,421.6972138323687,104
2024-09-19 11:42:12.154000,421.7109477426009,1001
2024-09-19 11:42:12.471000,421.6867459774093,11
2024-09-19 11:42:12.496000,421.6893388992773,1002
2024-09-19 11:42:12.619000,421.6764569970272,995
2024-09-19 11:42:13.292000,421.687489978741,1001
2024-09-19 11:42:13.401000,421.67665880065465,95
2024-09-19 11:42:13.566000,421.68232088785726,1000
2024-09-19 11:42:13.755000,421.6624957531008,96
2024-09-19 11:42:13.768000,421.6676457181707,15
2024-09-19 11:42:13.872000,421.6701175692807,1003
2024-09-19 11:42:13.894000,421.67948813745727,997
2024-09-19 11:42:14.025000,421.6628483541872,13
2024-09-19 11:42:14.071000,421.661385109114,15
2024-09-19 11:42:14.077000,421.6616057948159,7
2024-09-19 11:42:14.100000,421.6286989476354,7
2024-09-19 11:42:14.116000,421.64644307628623,11
2024-09-19 11:42:14.118000,421.6757239938281,101
2024-09-19 11:42:14.179000,421.66975308140366,997
2024-09-19 11:42:14.228000,421.6290088842813,1000
2024-09-19 11:42:14.236000,421.6611424664118,96
2024-09-19 11:42:14.247000,421.596316023661,99
2024-09-19 11:42:14.344000,421.6631020990579,97
2024-09-19 11:42:14.368000,421.649414011912,10
2024-09-19 11:42:14.498000,421.6448418825889,999
2024-09-19 11:42:14.597000,421.62905598405473,1005
2024-09-19 11:42:14.768000,421.6358031755867,9
2024-09-19 11:42:14.781000,421.6099334135389,105
2024-09-19 11:42:14.834000,421.5940943497099,13
2024-09-19 11:42:15.145000,421.66201517227074,15
2024-09-19 11:42:15.207000,421.64523921939855,14
2024-09-19 11:42:15.278000,421.6460782116136,1003
2024-09-19 11:42:15.354000,421.653046683546,1002
2024-09-19 11:42:15.443000,421.66030172306336,100
2024-09-19 11:42:15.456000,421.6119750963852,104
2024-09-19 11:42:15.548000,421.6386259814079,99
2024-09-19 11:42:15.720000,421.6461707930263,1003
2024-09-19 11:42:15.744000,421.6475796078707,103
2024-09-19 11:42:15.844000,421.6772869119538,1001
2024-09-19 11:42:15.865000,421.6597519753621,12
2024-09-19 11:42:15.919000,421.6604686132549,105
2024-09-19 11:42:15.986000,421.6771496704957,10
2024-09-19 11:42:15.995000,421.6396320335989,997
2024-09-19 11:42:16.069000,421.6508591751372,6
2024-09-19 11:42:16.129000,421.6335232947277,12
2024-09-19 11:42:16.140000,421.6790008695359,1005
2024-09-19 11:42:16.159000,421.626638801873,1005
2024-09-19 11:42:16.170000,421.64532690781294,1003
2024-09-19 11:42:16.230000,421.64846385416257,9
2024-09-19 11:42:16.362000,421.6457238705912,5
2024-09-19 11:42:16.396000,421.6134723244997,998
2024-09-19 11:42:16.443000,421.6266529815105,1003
2024-09-19 11:42:16.511000,421.6463803917957,105
2024-09-19 11:42:16.579000,421.647545318091,98
2024-09-19 11:42:16.580000,421.6299711928781,102
2024-09-19 11:42:16.723000,421.64687995446656,10
2024-09-19 11:42:16.738000,421.6440314727261,1003
2024-09-19 11:42:16.778000,421.6536696872402,11
2024-09-19 11:42:16.819000,421.64690008325294,6
2024-09-19 11:42:16.822000,421.6430816398546,998
2024-09-19 11:42:16.824000,421.62518621277167,997
2024-09-19 11:42:16.832000,421.6573344430187,104
2024-09-19 11:42:16.846000,421.6236444279481,995
2024-09-19 11:42:16.899000,421.66959911684086,14
2024-09-19 11:42:16.923000,421.663063245462,6
2024-09-19 11:42:16.991000,421.6613836366941,98
2024-09-19 11:42:17.055000,421.64209565766174,14
2024-09-19 11:42:17.289000,421.6328318256018,995
2024-09-19 11:42:17.289000,421.601818804684,9
2024-09-19 11:42:17.306000,421.6043107329005,104
2024-09-19 11:42:17.315000,421.6003344651415,99
2024-09-19 11:42:17.321000,421.5923725798261,996
2024-09-19 11:42:17.323000,421.57608357938807,95
2024-09-19 11:42:17.324000,421.6070833264389,103
2024-09-19 11:42:17.336000,421.62556875822816,1003
2024-09-19 11:42:17.465000,421.6038785883905,100
2024-09-19 11:42:17.478000,421.6311261714348,97
2024-09-19 11:42:17.497000,421.57232080189135,997
2024-09-19 11:42:17.568000,421.6062139571788,6
2024-09-19 11:42:17.636000,421.5665354667089,95
2024-09-19 11:42:17.666000,421.60592710573593,11
2024-09-19 11:42:17.672000,421.61178281223647,996
2024-09-19 11:42:18.200000,421.6110352777216,11
2024-09-19 11:42:18.562000,421.59955913739793,95
2024-09-19 11:42:18.855000,421.5991131686893,998
2024-09-19 11:42:19.084000,421.5697860381383,1004
2024-09-19 11:42:19.210000,421.5677482052837,9
2024-09-19 11:42:19.243000,421.5745404073232,99
2024-09-19 11:42:19.400000,421.5887467995921,98
2024-09-19 11:42:19.560000,421.57466825479537,7
2024-09-19 11:42:19.873000,421.5637484080627,103
2024-09-19 11:42:20.061000,421.58796854780127,1005
2024-09-19 11:42:20.063000,421.5962883933543,1002
2024-09-19 11:42:20.118000,421.57080276252645,996
2024-09-19 11:42:20.144000,421.58949701329993,7
2024-09-19 11:42:20.203000,421.5785342488063,5
2024-09-19 11:42:20.246000,421.5755660334299,1002
2024-09-19 11:42:20.300000,421.5712933935722,10
2024-09-19 11:42:20.342000,421.5532804698744,95
2024-09-19 11:42:20.353000,421.55693625869526,11
2024-09-19 11:42:20.375000,421.56511892857975,999
2024-09-19 11:42:20.426000,421.5526402028578,1004
2024-09-19 11:42:20.509000,421.5596838603371,10
2024-09-19 11:42:20.577000,421.5650048957996,105
2024-09-19 11:42:20.589000,421.5989674720926,13
2024-09-19 11:42:20.611000,421.565492033768,105
2024-09-19 11:42:20.633000,421.5525859709328,6
2024-09-19 11:42:20.654000,421.5977857720468,95
2024-09-19 11:42:20.717000,421.5986940158488,11
2024-09-19 11:42:20.717000,421.5567565492196,104
2024-09-19 11:42:20.761000,421.5651009436369,96
2024-09-19 11:42:20.800000,421.5631370811178,5
2024-09-19 11:42:20.833000,421.5848894895745,996
2024-09-19 11:42:20.842000,421.5651669498981,101
2024-09-19 11:42:20.857000,421.5842603732608,1000
2024-09-19 11:42:20.862000,421.558253744587,996
2024-09-19 11:42:20.887000,421.5566627313105,98
2024-09-19 11:42:20.937000,421.5792351813099,10
2024-09-19 11:42:21.028000,421.54275541769647,1002
2024-09-19 11:42:21.051000,421.56018698312,11
2024-09-19 11:42:21.097000,421.546810900137,104
2024-09-19 11:42:21.130000,421.59370993842674,1002
2024-09-19 11:42:21.140000,421.54756334260463,103
2024-09-19 11:42:21.157000,421.52654759805625,998
2024-09-19 11:42:21.178000,421.5341611192906,1000
2024-09-19 11:42:21.594000,421.5949690120957,100
2024-09-19 11:42:21.627000,421.58770970747935,98
2024-09-19 11:42:21.633000,421.5632672959499,95
2024-09-19 11:42:21.670000,421.5817983371498,1005
2024-09-19 11:42:21.830000,421.5776849829412,15
2024-09-19 11:42:21.862000,421.5409525168883,12
2024-09-19 11:42:21.926000,421.54560168973313,97
2024-09-19 11:42:21.935000,421.6121460521109,1005
2024-09-19 11:42:22.204000,421.5616216339453,6
2024-09-19 11:42:22.221000,421.5877415377786,1005
2024-09-19 11:42:22.349000,421.58344918586295,102
2024-09-19 11:42:22.364000,421.585113494753,12
2024-09-19 11:42:22.428000,421.58905742762965,11
2024-09-19 11:42:22.443000,421.5826677888837,96
2024-09-19 11:42:22.467000,421.5987573633173,105
2024-09-19 11:42:22.553000,421.6018326798649,1003
2024-09-19 11:42:22.583000,421.57808426113655,995
2024-09-19 11:42:22.590000,421.6021753715247,103
2024-09-19 11:42:22.626000,421.60126364962986,98
2024-09-19 11:42:22.730000,421.55359436090777,95
2024-09-19 11:42:22.734000,421.5699193647408,1003
2024-09-19 11:42:22.863000,421.5916374765194,1005
2024-09-19 11:42:22.882000,421.5602475176202,104
2024-09-19 11:42:22.887000,421.57358811408426,12
2024-09-19 11:42:22.890000,421.60254747937,100
2024-09-19 11:42:22.931000,421.5764254320235,102
2024-09-19 11:42:22.936000,421.5791886973336,105
2024-09-19 11:42:22.965000,421.5725263074439,1004
2024-09-19 11:42:22.995000,421.5909935010069,100
2024-09-19 11:42:23.059000,421.54040309183,104
2024-09-19 11:42:23.088000,421.5942609352954,1000
2024-09-19 11:42:23.254000,421.5547257975327,104
2024-09-19 11:42:23.264000,421.5811766491285,101
2024-09-19 11:42:23.266000,421.5271810360276,11
2024-09-19 11:42:23.276000,421.5566341480098,10
2024-09-19 11:42:23.316000,421.5648813645545,101
2024-09-19 11:42:23.362000,421.5342776555911,104
2024-09-19 11:42:23.369000,421.5677120301965,11
2024-09-19 11:42:23.388000,421.5921361702167,97
2024-09-19 11:42:23.408000,421.5496729590674,103
2024-09-19 11:42:23.482000,421.5247454458678,102
2024-09-19 11:42:23.492000,421.5741590994942,998
2024-09-19 11:42:23.510000,421.5313296549374,97
2024-09-19 11:42:23.523000,421.56619720162126,96
2024-09-19 11:42:23.533000,421.54239004660593,8
2024-09-19 11:42:23.586000,421.5249756208801,1004
2024-09-19 11:42:23.620000,421.5257671590669,101
2024-09-19 11:42:23.631000,421.5531347266236,96
2024-09-19 11:42:23.664000,421.561104566036,998
2024-09-19 11:42:23.691000,421.53899853714927,5
2024-09-19 11:42:23.700000,421.5353973854967,999
2024-09-19 11:42:23.709000,421.53265464040624,105
2024-09-19 11:42:23.735000,421.5522979190359,6
2024-09-19 11:42:23.819000,421.5591433860335,100
2024-09-19 11:42:24.201000,421.528995904254,12
2024-09-19 11:42:24.219000,421.5545675806541,102
2024-09-19 11:42:24.326000,421.5567137099521,998
2024-09-19 11:42:24.344000,421.5473374878606,95
2024-09-19 11:42:24.361000,421.5346547017053,1002
2024-09-19 11:42:25.113000,421.6570777556231,999
2024-09-19 11:42:25.132000,421.5516822455735,98
2024-09-19 11:42:25.143000,421.56020376042704,997
2024-09-19 11:42:25.208000,421.54980447925976,14
2024-09-19 11:42:25.282000,421.57541868737695,12
2024-09-19 11:42:25.284000,421.6393999402251,98
2024-09-19 11:42:25.295000,421.6672269350733,15
2024-09-19 11:42:25.309000,421.5748147942155,95
2024-09-19 11:42:25.364000,421.6259009441052,1004
2024-09-19 11:42:25.398000,421.5883620534221,12
2024-09-19 11:42:25.405000,421.6548668085159,8
2024-09-19 11:42:25.407000,421.6558232817934,10
2024-09-19 11:42:25.411000,421.6765281377012,101
2024-09-19 11:42:25.415000,421.55738692987967,996
2024-09-19 11:42:25.418000,421.66996643756,13
2024-09-19 11:42:25.420000,421.56652246274814,995
2024-09-19 11:42:25.475000,421.6680652148186,997
2024-09-19 11:42:25.479000,421.6672905167184,10
2024-09-19 11:42:25.630000,421.6544804536401,7
2024-09-19 11:42:25.661000,421.6659272930066,995
2024-09-19 11:42:25.669000,421.6687628371672,11
2024-09-19 11:42:25.687000,421.6475766815077,14
2024-09-19 11:42:25.710000,421.63804684068526,7
2024-09-19 11:42:25.793000,421.6617963699544,15
2024-09-19 11:42:25.848000,421.6530799703426,11
2024-09-19 11:42:25.866000,421.6166359211738,7
2024-09-19 11:42:25.886000,421.6467135951115,1000
2024-09-19 11:42:25.923000,421.6088078475089,104
2024-09-19 11:42:25.982000,421.6598827888708,995
2024-09-19 11:42:26.030000,421.6332092797066,1001
2024-09-19 11:42:26.071000,421.64187736846935,1004
2024-09-19 11:42:26.175000,421.64253962258266,97
2024-09-19 11:42:26.206000,421.6147983415293,997
2024-09-19 11:42:26.326000,421.62480145505793,5
2024-09-19 11:42:26.508000,421.6437837902192,95
2024-09-19 11:42:26.709000,421.6292842060655,1000
2024-09-19 11:42:26.714000,421.63261158126784,6
2024-09-19 11:42:26.726000,421.62085817692434,96
2024-09-19 11:42:26.890000,421.6479984992246,99
2024-09-19 11:42:26.921000,421.6262211402121,100
2024-09-19 11:42:27.237000,421.64741189272,15
2024-09-19 11:42:27.325000,421.6515924472091,95
2024-09-19 11:42:27.351000,421.6552970769725,998
2024-09-19 11:42:27.519000,421.6503043766882,104
2024-09-19 11:42:27.641000,421.6390171752066,7
2024-09-19 11:42:27.739000,421.6267836306127,101
2024-09-19 11:42:28.136000,421.6547505602503,1003
2024-09-19 11:42:28.156000,421.6529328992924,999
2024-09-19 11:42:28.382000,421.6791414260618,13
2024-09-19 11:42:28.482000,421.6808402697464,15
2024-09-19 11:42:28.550000,421.6766885664632,8
2024-09-19 11:42:28.661000,421.6601180575275,996
2024-09-19 11:42:28.752000,421.670185169888,105
2024-09-19 11:42:28.828000,421.6439053883535,1002
2024-09-19 11:42:29.012000,421.6351457634775,13
2024-09-19 11:42:29.020000,421.6618178449407,7
2024-09-19 11:42:29.095000,421.699150910023,5
2024-09-19 11:42:29.116000,421.70721868407406,1002
2024-09-19 11:42:29.186000,421.6611691881951,9
2024-09-19 11:42:29.232000,421.7111845515456,104
2024-09-19 11:42:29.258000,421.6617393345216,96
2024-09-19 11:42:29.307000,421.6298942321959,995
2024-09-19 11:42:29.331000,421.677687424002,101
2024-09-19 11:42:29.465000,421.7072878246087,9
2024-09-19 11:42:29.513000,421.717499522096,996
2024-09-19 11:42:29.540000,421.6990758462485,8
2024-09-19 11:42:29.596000,421.6151474790925,103
2024-09-19 11:42:29.631000,421.6212164666123,11
2024-09-19 11:42:29.648000,421.6896841360139,102
2024-09-19 11:42:29.731000,421.64117821985343,95
2024-09-19 11:42:29.746000,421.6696519501656,101
2024-09-19 11:42:29.847000,421.6677773415916,100
2024-09-19 11:42:29.866000,421.7115362854012,1004
2024-09-19 11:42:29.870000,421.6719592290048,1001
2024-09-19 11:42:29.914000,421.6447785048757,99
2024-09-19 11:42:29.952000,421.7200557021829,99
2024-09-19 11:42:30.051000,421.6764737276785,10
2024-09-19 11:42:30.067000,421.6761947600289,7
2024-09-19 11:42:30.080000,421.6961661429383,1005
2024-09-19 11:42:30.232000,421.6760405829893,97
2024-09-19 11:42:30.348000,421.6628571614612,13
2024-09-19 11:42:30.523000,421.7157650409199,95
2024-09-19 11:42:30.560000,421.6959056129101,97
2024-09-19 11:42:30.607000,421.7120781801511,7
2024-09-19 11:42:30.693000,421.70350927683336,103
2024-09-19 11:42:30.718000,421.6640646869728,99
2024-09-19 11:42:30.764000,421.7052390238165,5
2024-09-19 11:42:30.769000,421.70059445043984,5
2024-09-19 11:42:30.808000,421.715769683441,6
2024-09-19 11:42:30.822000,421.692217087214,1003
2024-09-19 11:42:30.921000,421.72111355646615,101
2024-09-19 11:42:30.965000,421.7109317577176,1003
2024-09-19 11:42:31.039000,421.6700261120892,8
2024-09-19 11:42:31.045000,421.6390446248176,1001
2024-09-19 11:42:31.087000,421.6313209038642,6
2024-09-19 11:42:31.148000,421.6646739823045,14
2024-09-19 11:42:31.236000,421.6782298362716,997
2024-09-19 11:42:31.236000,421.6390691466514,1003
2024-09-19 11:42:31.263000,421.61761816257376,100
2024-09-19 11:42:31.299000,421.626360613235,100
2024-09-19 11:42:31.365000,421.6642114587685,14
2024-09-19 11:42:31.391000,421.6169184660847,98
2024-09-19 11:42:31.469000,421.6372205571584,1005
2024-09-19 11:42:31.494000,421.6872192857254,13
2024-09-19 11:42:31.623000,421.62918526190055,12
2024-09-19 11:42:31.657000,421.6272202233661,7
2024-09-19 11:42:31.716000,421.6408493562771,97
2024-09-19 11:42:31.719000,421.6265708902154,1005
2024-09-19 11:42:31.745000,421.67531370179046,1001
2024-09-19 11:42:31.909000,421.6774365974248,5
2024-09-19 11:42:32.041000,421.63924196901786,997
2024-09-19 11:42:32.049000,421.6530861300846,105
2024-09-19 11:42:32.237000,421.6403096112005,997
2024-09-19 11:42:32.438000,421.6516874316249,98
2024-09-19 11:42:32.438000,421.664233337202,999
2024-09-19 11:42:32.471000,421.6649192165903,96
2024-09-19 11:42:32.532000,421.65233403362976,12
2024-09-19 11:42:32.696000,421.6544633563242,14
2024-09-19 11:42:32.888000,421.6668563714704,9
2024-09-19 11:42:32.907000,421.6383464037157,6
2024-09-19 11:42:32.958000,421.639314060788,8
2024-09-19 11:42:33.034000,421.6465170691536,5
2024-09-19 11:42:33.071000,421.66588317193685,1004
2024-09-19 11:42:33.161000,421.64741852461407,100
2024-09-19 11:42:33.169000,421.65637220976345,102
2024-09-19 11:42:33.310000,421.6593516150264,105
2024-09-19 11:42:33.352000,421.6508313834455,102
2024-09-19 11:42:33.451000,421.6644062736395,1001
2024-09-19 11:42:33.506000,421.66527010869294,998
2024-09-19 11:42:33.625000,421.6566228311417,14
2024-09-19 11:42:33.775000,421.6576316717009,6
2024-09-19 11:42:33.800000,421.6539747992936,6
2024-09-19 11:42:33.813000,421.6745161832194,101
2024-09-19 11:42:33.885000,421.6688664734259,105
2024-09-19 11:42:33.968000,421.6559405256496,1005
2024-09-19 11:42:34.020000,421.6466379808435,97
2024-09-19 11:42:34.084000,421.6519582809461,995
2024-09-19 11:42:34.117000,421.6294301542196,12
2024-09-19 11:42:34.134000,421.6226498553863,101
2024-09-19 11:42:34.144000,421.61432149461626,6
2024-09-19 11:42:34.283000,421.6386913546341,1000
2024-09-19 11:42:34.368000,421.655099410619,99
2024-09-19 11:42:34.381000,421.6505622213356,99
2024-09-19 11:42:34.523000,421.61585219070673,5
2024-09-19 11:42:34.533000,421.6324671999636,997
2024-09-19 11:42:34.545000,421.6187407202679,12
2024-09-19 11:42:34.620000,421.61154424973233,95
2024-09-19 11:42:34.664000,421.6525809893568,1003
2024-09-19 11:42:34.739000,421.6178432448664,100
2024-09-19 11:42:34.974000,421.6134726445607,999
2024-09-19 11:42:34.987000,421.6536775953564,14
2024-09-19 11:42:35.116000,421.6328073590109,996
2024-09-19 11:42:35.481000,421.65389589112976,12
2024-09-19 11:42:35.533000,421.6321876006202,101
2024-09-19 11:42:35.537000,421.6320853687175,101
2024-09-19 11:42:36.085000,421.6465095660274,999
2024-09-19 11:42:36.102000,421.6348867203236,101
2024-09-19 11:42:36.158000,421.6253846251207,1003
2024-09-19 11:42:36.184000,421.6337128078184,998
2024-09-19 11:42:36.265000,421.6560464659048,1001
2024-09-19 11:42:36.303000,421.63365929751,1001
2024-09-19 11:42:36.526000,421.6599056133946,15
2024-09-19 11:42:36.535000,421.6495520240237,1000
2024-09-19 11:42:36.537000,421.6433408164272,10
2024-09-19 11:42:36.544000,421.6429288282116,103
2024-09-19 11:42:36.566000,421.65416760126607,5
2024-09-19 11:42:36.583000,421.6357588950577,12
2024-09-19 11:42:36.679000,421.64125817899406,10
2024-09-19 11:42:36.685000,421.65949077073753,97
2024-09-19 11:42:36.705000,421.6694361426056,998
2024-09-19 11:42:36.774000,421.63124140366295,14
2024-09-19 11:42:36.777000,421.6470987874824,8
2024-09-19 11:42:36.788000,421.6347181241789,1004
2024-09-19 11:42:36.820000,421.6477213878276,1003
2024-09-19 11:42:36.865000,421.64608236031125,8
2024-09-19 11:42:36.866000,421.6499809148538,10
2024-09-19 11:42:37.140000,421.599580807244,6
2024-09-19 11:42:37.158000,421.6033084103644,15
2024-09-19 11:42:37.173000,421.6029211189682,9
2024-09-19 11:42:37.198000,421.610811854065,1002
2024-09-19 11:42:37.249000,421.6005723236789,105
2024-09-19 11:42:37.309000,421.6145796925889,1004
2024-09-19 11:42:37.349000,421.6571447821104,104
2024-09-19 11:42:37.424000,421.5753022056526,12
2024-09-19 11:42:37.501000,421.6669616605138,98
2024-09-19 11:42:37.510000,421.58488873099793,1002
2024-09-19 11:42:37.642000,421.5933350889498,95
2024-09-19 11:42:37.670000,421.65804982146176,9
2024-09-19 11:42:37.703000,421.612872116871,1000
2024-09-19 11:42:37.747000,421.599212410803,102
2024-09-19 11:42:37.799000,421.61926782490207,999
2024-09-19 11:42:37.803000,421.6520759119712,104
2024-09-19 11:42:37.953000,421.62334899462513,5
2024-09-19 11:42:37.966000,421.5836486760495,11
2024-09-19 11:42:38.527000,421.6056305698364,1001
2024-09-19 11:42:38.620000,421.6212481509942,996
2024-09-19 11:42:38.631000,421.59847766223913,998
2024-09-19 11:42:38.923000,421.6114276115316,998
2024-09-19 11:42:38.954000,421.6121166697824,10
2024-09-19 11:42:39.018000,421.6640561135715,997
2024-09-19 11:42:39.165000,421.628867325288,101
2024-09-19 11:42:39.215000,421.6379186770911,105
2024-09-19 11:42:39.274000,421.6569791769835,1000
2024-09-19 11:42:39.345000,421.6186133331325,15
2024-09-19 11:42:39.394000,421.62716197415926,13
2024-09-19 11:42:39.533000,421.6519180417175,101
2024-09-19 11:42:39.536000,421.6413682399288,8
2024-09-19 11:42:39.763000,421.6507983531756,97
2024-09-19 11:42:39.784000,421.652428474575,99
2024-09-19 11:42:39.922000,421.6530564163604,998
2024-09-19 11:42:40.197000,421.65680986479225,97
2024-09-19 11:42:40.205000,421.64418839837725,6
2024-09-19 11:42:40.333000,421.64133319868495,15
2024-09-19 11:42:40.496000,421.655722919408,101
2024-09-19 11:42:40.499000,421.6408390980973,105
2024-09-19 11:42:40.510000,421.65127789836833,1001
2024-09-19 11:42:40.562000,421.6468499166541,12
2024-09-19 11:42:40.583000,421.6652363557052,8
2024-09-19 11:42:40.634000,421.6523159963464,95
2024-09-19 11:42:40.635000,421.6461000682018,7
2024-09-19 11:42:40.637000,421.6676103704104,14
2024-09-19 11:42:40.718000,421.63577457897065,14
2024-09-19 11:42:40.883000,421.64519849456616,102
2024-09-19 11:42:40.896000,421.6468988508466,104
2024-09-19 11:42:41.028000,421.6145412464094,8
2024-09-19 11:42:41.059000,421.6403700882749,98
2024-09-19 11:42:41.145000,421.6220477398514,95
2024-09-19 11:42:41.223000,421.66892565732223,97
2024-09-19 11:42:41.326000,421.6500440146112,1003
2024-09-19 11:42:41.337000,421.6175017823585,1004
2024-09-19 11:42:41.348000,421.6348862771005,95
2024-09-19 11:42:41.471000,421.6183663082899,99
2024-09-19 11:42:41.524000,421.6327159292831,104
2024-09-19 11:42:41.532000,421.6462930437176,999
2024-09-19 11:42:41.737000,421.63773801813886,5
2024-09-19 11:42:41.840000,421.6362284239751,996
2024-09-19 11:42:41.844000,421.6227540669306,996
2024-09-19 11:42:42.380000,421.6426769935934,98
2024-09-19 11:42:42.678000,421.6445473818218,996
2024-09-19 11:42:43.035000,421.6124116434823,96
2024-09-19 11:42:43.459000,421.6257562052427,101
2024-09-19 11:42:43.924000,421.60810629817473,12
2024-09-19 11:42:44,421.6226639678183,1000
2024-09-19 11:42:44.720000,421.635833278,15
2024-09-19 11:42:44.911000,421.6350951595438,13
2024-09-19 11:42:44.957000,421.6128486254679,996
2024-09-19 11:42:45.108000,421.6178592483785,997
2024-09-19 11:42:45.634000,421.60476454479647,11
2024-09-19 11:42:45.785000,421.6278241955554,1003
2024-09-19 11:42:45.797000,421.6315103115201,11
2024-09-19 11:42:46.177000,421.63575344891353,7
2024-09-19 11:42:46.396000,421.64388713186617,999
2024-09-19 11:42:46.653000,421.63668092337537,104
2024-09-19 11:42:46.712000,421.6511961379504,96
2024-09-19 11:42:46.770000,421.6496257173116,1000
2024-09-19 11:42:47.098000,421.6001209639609,98
2024-09-19 11:42:47.100000,421.633737829232,102
2024-09-19 11:42:47.287000,421.6548732288798,5
2024-09-19 11:42:47.304000,421.6591428666306,1004
2024-09-19 11:42:47.358000,421.63771419300105,10
2024-09-19 11:42:47.428000,421.6566563403216,102
2024-09-19 11:42:47.446000,421.6513197920548,102
2024-09-19 11:42:47.551000,421.6449040128271,998
2024-09-19 11:42:47.610000,421.6171782457481,99
2024-09-19 11:42:47.727000,421.650017358136,99
2024-09-19 11:42:47.836000,421.5621953318714,102
2024-09-19 11:42:47.839000,421.5780115781228,14
2024-09-19 11:42:47.852000,421.65275809697135,12
2024-09-19 11:42:47.923000,421.6092179378102,998
2024-09-19 11:42:47.955000,421.6561933394652,1003
2024-09-19 11:42:48.021000,421.5633510382876,96
2024-09-19 11:42:48.080000,421.4942775390479,11
2024-09-19 11:42:48.186000,421.572909520054,995
2024-09-19 11:42:48.245000,421.5474440945624,102
2024-09-19 11:42:48.249000,421.5375716096556,14
2024-09-19 11:42:48.284000,421.50383315099134,1005
2024-09-19 11:42:48.308000,421.4960824412657,6
2024-09-19 11:42:48.377000,421.5070039071421,7
2024-09-19 11:42:48.379000,421.5123130041192,99
2024-09-19 11:42:48.416000,421.55632677473966,1001
2024-09-19 11:42:48.463000,421.50410044777607,997
2024-09-19 11:42:48.501000,421.4888041985943,995
2024-09-19 11:42:48.587000,421.5684923482216,1001
2024-09-19 11:42:48.598000,421.508135517916,100
2024-09-19 11:42:48.620000,421.5758669804119,8
2024-09-19 11:42:48.644000,421.5084159378556,1005
2024-09-19 11:42:48.679000,421.4935668550716,7
2024-09-19 11:42:48.687000,421.5206431997311,1005
2024-09-19 11:42:48.737000,421.5307009961584,101
2024-09-19 11:42:48.740000,421.5297110771508,1004
2024-09-19 11:42:48.743000,421.52358142952176,98
2024-09-19 11:42:48.846000,421.55304125742254,11
2024-09-19 11:42:48.848000,421.5736067266348,95
2024-09-19 11:42:48.881000,421.5274236946668,12
2024-09-19 11:42:48.923000,421.5626935273604,12
2024-09-19 11:42:48.994000,421.5675873132837,10
2024-09-19 11:42:49.064000,421.5083446661936,8
2024-09-19 11:42:49.213000,421.5124559764108,99
2024-09-19 11:42:49.233000,421.5198176085153,11
2024-09-19 11:42:49.548000,421.51997321120336,1005
2024-09-19 11:42:49.631000,421.4970146342916,103
2024-09-19 11:42:49.676000,421.5046340663481,103
2024-09-19 11:42:49.798000,421.5134297907336,98
2024-09-19 11:42:50.070000,421.476643746938,102
2024-09-19 11:42:50.257000,421.451258923676,95
2024-09-19 11:42:50.338000,421.46961772345634,97
2024-09-19 11:42:50.371000,421.46641184572536,10
2024-09-19 11:42:50.391000,421.5218145302914,95
2024-09-19 11:42:50.428000,421.46134937873086,1005
2024-09-19 11:42:50.549000,421.4820037697425,998
2024-09-19 11:42:50.600000,421.4770697960158,11
2024-09-19 11:42:50.620000,421.4723740762777,100
2024-09-19 11:42:50.646000,421.4667197170492,15
2024-09-19 11:42:50.670000,421.4905065959322,100
2024-09-19 11:42:50.686000,421.472146395594,96
2024-09-19 11:42:50.696000,421.4848816802995,10
2024-09-19 11:42:50.883000,421.5056188717745,999
2024-09-19 11:42:50.942000,421.4991208250409,996
2024-09-19 11:42:50.945000,421.50278275054393,103
2024-09-19 11:42:51.018000,421.4667831789912,104
2024-09-19 11:42:51.032000,421.4544824619632,103
2024-09-19 11:42:51.057000,421.4208338750607,1004
2024-09-19 11:42:51.087000,421.41691200389965,9
2024-09-19 11:42:51.138000,421.4194037207943,6
2024-09-19 11:42:51.270000,421.4480225168571,5
2024-09-19 11:42:51.305000,421.4323812465243,1001
2024-09-19 11:42:51.395000,421.44071829089535,998
2024-09-19 11:42:51.407000,421.4538745117213,999
2024-09-19 11:42:51.418000,421.4255039647222,99
2024-09-19 11:42:51.523000,421.4554728963464,997
2024-09-19 11:42:51.632000,421.4202882547596,98
2024-09-19 11:42:51.656000,421.4412636991933,8
2024-09-19 11:42:51.759000,421.4378094631517,996
2024-09-19 11:42:51.759000,421.4454718717065,14
2024-09-19 11:42:51.800000,421.48080064631296,995
2024-09-19 11:42:51.834000,421.4279387403727,98
2024-09-19 11:42:51.907000,421.4479592518524,1004
2024-09-19 11:42:51.970000,421.4512408558226,15
2024-09-19 11:42:52.005000,421.4454329244847,1003
2024-09-19 11:42:52.013000,421.44312610072177,105
2024-09-19 11:42:52.038000,421.43210172452535,1000
2024-09-19 11:42:52.049000,421.45211729085634,101
2024-09-19 11:42:52.210000,421.4355844532032,995
2024-09-19 11:42:52.268000,421.4455696205613,1003
2024-09-19 11:42:52.269000,421.43274289728527,95
2024-09-19 11:42:52.362000,421.4546838967109,13
2024-09-19 11:42:52.369000,421.4247875839076,98
2024-09-19 11:42:52.439000,421.4325405200883,999
2024-09-19 11:42:52.447000,421.4446375873325,998
2024-09-19 11:42:52.485000,421.44078115113217,100
2024-09-19 11:42:52.537000,421.4222762970953,100
2024-09-19 11:42:52.669000,421.44117279134696,1002
2024-09-19 11:42:52.758000,421.424303346166,100
2024-09-19 11:42:52.891000,421.4357404051541,102
2024-09-19 11:42:52.911000,421.4485889497109,1005
2024-09-19 11:42:52.915000,421.4431591306487,5
2024-09-19 11:42:52.942000,421.4272255727109,14
2024-09-19 11:42:52.972000,421.4430189678177,998
2024-09-19 11:42:52.980000,421.4354595639394,1005
2024-09-19 11:42:53.027000,421.4053137534176,103
2024-09-19 11:42:53.054000,421.45036465197785,14
2024-09-19 11:42:53.074000,421.4226945432868,996
2024-09-19 11:42:53.075000,421.3944790011736,8
2024-09-19 11:42:53.096000,421.4453267596203,14
2024-09-19 11:42:53.121000,421.4119523350523,5
2024-09-19 11:42:53.218000,421.3964478940958,98
2024-09-19 11:42:53.221000,421.4192560777468,105
2024-09-19 11:42:53.279000,421.3968592427809,1003
2024-09-19 11:42:53.281000,421.400991780479,1002
2024-09-19 11:42:53.317000,421.3843091064827,102
2024-09-19 11:42:53.348000,421.3814279081016,101
2024-09-19 11:42:53.396000,421.38748128705816,996
2024-09-19 11:42:53.415000,421.40864033951857,15
2024-09-19 11:42:53.436000,421.38016323699577,95
2024-09-19 11:42:53.496000,421.4153162690354,1005
2024-09-19 11:42:53.538000,421.3780664993067,10
2024-09-19 11:42:53.571000,421.3872532503017,11
2024-09-19 11:42:53.643000,421.4284579515547,1005
2024-09-19 11:42:53.644000,421.3996076694448,996
2024-09-19 11:42:53.678000,421.4098651720061,10
2024-09-19 11:42:53.684000,421.4046359082744,1003
2024-09-19 11:42:53.691000,421.40833462006873,998
2024-09-19 11:42:53.693000,421.44276461845385,1000
2024-09-19 11:42:53.725000,421.4132456652482,102
2024-09-19 11:42:53.844000,421.4036161733527,997
2024-09-19 11:42:53.853000,421.408034287339,12
2024-09-19 11:42:53.962000,421.4347708061672,100
2024-09-19 11:42:53.972000,421.4222511901496,10
2024-09-19 11:42:54.049000,421.4494330629445,1002
2024-09-19 11:42:54.082000,421.36188609297136,1002
2024-09-19 11:42:54.101000,421.3882355288451,13
2024-09-19 11:42:54.212000,421.4278890981355,999
2024-09-19 11:42:54.271000,421.4188297440948,998
2024-09-19 11:42:54.369000,421.4286551943367,102
2024-09-19 11:42:54.381000,421.3900571725759,1000
2024-09-19 11:42:54.386000,421.3618493414864,997
2024-09-19 11:42:54.595000,421.4068242190212,103
2024-09-19 11:42:54.665000,421.3459475906581,1003
2024-09-19 11:42:54.730000,421.3377799695879,5
2024-09-19 11:42:54.781000,421.4025204050492,97
2024-09-19 11:42:54.817000,421.4119516545143,14
2024-09-19 11:42:54.883000,421.4361803936411,95
2024-09-19 11:42:54.921000,421.3549354432471,1003
2024-09-19 11:42:54.927000,421.4064646048784,995
2024-09-19 11:42:54.937000,421.4128406339239,5
2024-09-19 11:42:54.988000,421.3943701240134,9
2024-09-19 11:42:55.033000,421.3159320309201,997
2024-09-19 11:42:55.186000,421.3405961092989,997
2024-09-19 11:42:55.198000,421.3086787975789,96
2024-09-19 11:42:55.211000,421.35221680906847,10
2024-09-19 11:42:55.217000,421.3479141581601,99
2024-09-19 11:42:55.231000,421.30920100807407,6
2024-09-19 11:42:55.231000,421.33945866953474,105
2024-09-19 11:42:55.346000,421.33579864027087,101
2024-09-19 11:42:55.358000,421.3277137153724,104
2024-09-19 11:42:55.385000,421.3465824721671,102
2024-09-19 11:42:55.400000,421.3406785641557,8
2024-09-19 11:42:55.509000,421.3430958850262,102
2024-09-19 11:42:55.541000,421.3548559426561,13
2024-09-19 11:42:55.553000,421.3328519674413,1003
2024-09-19 11:42:55.621000,421.3516880934992,998
2024-09-19 11:42:55.664000,421.3297246188109,7
2024-09-19 11:42:55.736000,421.3565693381226,6
2024-09-19 11:42:55.736000,421.3537534006789,1005
2024-09-19 11:42:55.840000,421.33572476480623,1004
2024-09-19 11:42:55.843000,421.3102383361072,10
2024-09-19 11:42:55.847000,421.3238125534824,996
2024-09-19 11:42:56.010000,421.4038043664237,102
2024-09-19 11:42:56.049000,421.3373208026465,99
2024-09-19 11:42:56.065000,421.3550717899136,7
2024-09-19 11:42:56.190000,421.3946514267432,1002
2024-09-19 11:42:56.285000,421.3554593370674,12
2024-09-19 11:42:56.328000,421.3635292797073,99
2024-09-19 11:42:56.458000,421.33706639489486,95
2024-09-19 11:42:56.479000,421.34461994576907,12
2024-09-19 11:42:56.585000,421.38196407922106,997
2024-09-19 11:42:56.602000,421.3792637364161,997
2024-09-19 11:42:56.687000,421.3951601982755,1003
2024-09-19 11:42:56.972000,421.3638054339638,97
2024-09-19 11:42:57.055000,421.4055699962584,12
2024-09-19 11:42:57.149000,421.2971092962481,996
2024-09-19 11:42:57.281000,421.3491998251111,1003
2024-09-19 11:42:57.297000,421.3057239920192,1002
2024-09-19 11:42:57.350000,421.3134965922473,997
2024-09-19 11:42:57.350000,421.4110652261464,999
2024-09-19 11:42:57.443000,421.35933165515087,999
2024-09-19 11:42:57.478000,421.34075796680287,11
2024-09-19 11:42:57.575000,421.40741839826194,12
2024-09-19 11:42:57.580000,421.34764673343,995
2024-09-19 11:42:57.623000,421.4038701240084,8
2024-09-19 11:42:57.631000,421.35582202021607,12
2024-09-19 11:42:57.632000,421.4008009972985,104
2024-09-19 11:42:57.643000,421.3405651130661,1005
2024-09-19 11:42:57.653000,421.4081422020926,103
2024-09-19 11:42:57.681000,421.3968619595438,1000
2024-09-19 11:42:57.691000,421.2953207279479,995
2024-09-19 11:42:57.710000,421.4107629338108,995
2024-09-19 11:42:57.759000,421.3195145291105,999
2024-09-19 11:42:57.785000,421.3323278049504,12
2024-09-19 11:42:57.808000,421.4338140531236,15
2024-09-19 11:42:57.817000,421.31012422376426,100
2024-09-19 11:42:57.890000,421.35917823073976,101
2024-09-19 11:42:57.900000,421.3905082355295,97
2024-09-19 11:42:57.939000,421.2888964176586,1002
2024-09-19 11:42:57.958000,421.3521093166254,11
2024-09-19 11:42:57.960000,421.3977507676419,5
2024-09-19 11:42:58.119000,421.3087087758779,98
2024-09-19 11:42:58.150000,421.307499838988,1004
2024-09-19 11:42:58.371000,421.2858964309167,1004
2024-09-19 11:42:58.409000,421.29538963817663,99
2024-09-19 11:42:58.431000,421.2883910467886,1002
2024-09-19 11:42:58.507000,421.3090116951199,1002
2024-09-19 11:42:58.517000,421.3016000968682,11
2024-09-19 11:42:58.593000,421.30348142129225,11
2024-09-19 11:42:58.609000,421.31389832887294,1004
2024-09-19 11:42:58.674000,421.280375417501,10
2024-09-19 11:42:58.776000,421.28154315536375,5
2024-09-19 11:42:58.839000,421.2813906742764,11
2024-09-19 11:42:58.914000,421.29999401913415,1005
2024-09-19 11:42:58.994000,421.3072749909991,10
2024-09-19 11:42:59.082000,421.2866945263677,13
2024-09-19 11:42:59.086000,421.2128373098062,998
2024-09-19 11:42:59.090000,421.2278163117804,99
2024-09-19 11:42:59.158000,421.2821581926912,1005
2024-09-19 11:42:59.191000,421.26828074842655,10
2024-09-19 11:42:59.257000,421.2005043047269,997
2024-09-19 11:42:59.313000,421.2730226161811,7
2024-09-19 11:42:59.332000,421.2623395378089,1004
2024-09-19 11:42:59.401000,421.25083972621593,14
2024-09-19 11:42:59.452000,421.29345686745313,10
2024-09-19 11:42:59.629000,421.203861077788,6
2024-09-19 11:42:59.919000,421.2200394214442,8
2024-09-19 11:42:59.966000,421.2733662701134,996
2024-09-19 11:42:59.967000,421.1998633410684,9
2024-09-19 11:42:59.983000,421.26728553736456,1001
