Timestamp,Price,Size
2024-09-19 10:16:00.059000,418.33738270907736,104
2024-09-19 10:16:00.393000,418.3358402379429,98
2024-09-19 10:16:00.418000,418.33734384690825,6
2024-09-19 10:16:00.536000,418.3443629537549,7
2024-09-19 10:16:00.657000,418.3508949381071,1003
2024-09-19 10:16:00.705000,418.3552266239059,97
2024-09-19 10:16:00.756000,418.3289550222188,105
2024-09-19 10:16:00.756000,418.35272470388566,9
2024-09-19 10:16:00.848000,418.3607147439279,7
2024-09-19 10:16:01.086000,418.3417744036728,12
2024-09-19 10:16:01.092000,418.3048806315647,98
2024-09-19 10:16:01.123000,418.3291192106912,100
2024-09-19 10:16:01.126000,418.2601441954855,96
2024-09-19 10:16:01.147000,418.3334116727408,14
2024-09-19 10:16:01.150000,418.3294408197093,1001
2024-09-19 10:16:01.159000,418.277911875428,15
2024-09-19 10:16:01.257000,418.3030867123022,95
2024-09-19 10:16:01.274000,418.2765909762184,95
2024-09-19 10:16:01.322000,418.2743652917819,5
2024-09-19 10:16:01.336000,418.2877491040857,6
2024-09-19 10:16:01.359000,418.2826822903818,5
2024-09-19 10:16:01.477000,418.2645208787247,12
2024-09-19 10:16:01.531000,418.32585870538753,995
2024-09-19 10:16:01.540000,418.3275275334739,95
2024-09-19 10:16:01.555000,418.2842713305071,12
2024-09-19 10:16:01.655000,418.3183473388879,8
2024-09-19 10:16:01.754000,418.29738728584414,6
2024-09-19 10:16:01.764000,418.3213152439024,98
2024-09-19 10:16:01.834000,418.26880840708407,7
2024-09-19 10:16:01.853000,418.2750254497673,999
2024-09-19 10:16:01.896000,418.2794141538907,999
2024-09-19 10:16:02.057000,418.2251382588913,101
2024-09-19 10:16:02.273000,418.2311661908676,996
2024-09-19 10:16:02.298000,418.247927194066,95
2024-09-19 10:16:02.359000,418.2112956839719,1000
2024-09-19 10:16:02.362000,418.2111474706151,97
2024-09-19 10:16:02.526000,418.2396293023212,97
2024-09-19 10:16:02.528000,418.2310297641789,999
2024-09-19 10:16:02.531000,418.21213063783057,15
2024-09-19 10:16:02.579000,418.23275330736,998
2024-09-19 10:16:02.728000,418.2275245689176,999
2024-09-19 10:16:02.878000,418.2141012882281,7
2024-09-19 10:16:02.913000,418.2338261943617,104
2024-09-19 10:16:02.929000,418.2199090943729,12
2024-09-19 10:16:02.963000,418.2343265222588,1004
2024-09-19 10:16:02.990000,418.2090264726767,1001
2024-09-19 10:16:03.063000,418.2233912736698,100
2024-09-19 10:16:03.136000,418.22336645785066,9
2024-09-19 10:16:03.211000,418.2252588911053,6
2024-09-19 10:16:03.236000,418.2317438594798,5
2024-09-19 10:16:03.251000,418.2221004292937,103
2024-09-19 10:16:03.313000,418.2300080051928,100
2024-09-19 10:16:03.578000,418.2361177080632,100
2024-09-19 10:16:03.719000,418.2156556213232,100
2024-09-19 10:16:03.832000,418.2282265563191,6
2024-09-19 10:16:03.841000,418.2183189636598,995
2024-09-19 10:16:03.878000,418.2142163280317,100
2024-09-19 10:16:03.979000,418.2202515418873,11
2024-09-19 10:16:04.014000,418.2083351069156,12
2024-09-19 10:16:04.080000,418.1944533902544,100
2024-09-19 10:16:04.177000,418.1965492349901,995
2024-09-19 10:16:04.267000,418.1660310935849,98
2024-09-19 10:16:04.302000,418.21378863904016,1002
2024-09-19 10:16:04.346000,418.1710347507714,997
2024-09-19 10:16:04.352000,418.2217189163181,1004
2024-09-19 10:16:04.371000,418.2598245761362,5
2024-09-19 10:16:04.375000,418.171569389042,996
2024-09-19 10:16:04.444000,418.14552057960304,7
2024-09-19 10:16:04.444000,418.15478222759486,103
2024-09-19 10:16:04.542000,418.1718473006047,5
2024-09-19 10:16:04.543000,418.1377396079916,97
2024-09-19 10:16:04.546000,418.1500918413552,97
2024-09-19 10:16:04.550000,418.17517662822615,997
2024-09-19 10:16:04.559000,418.2256113789527,1001
2024-09-19 10:16:04.592000,418.2483336508091,1004
2024-09-19 10:16:04.609000,418.2494992284688,995
2024-09-19 10:16:04.721000,418.2381509197224,15
2024-09-19 10:16:04.734000,418.2337692125043,6
2024-09-19 10:16:04.735000,418.1702370930141,13
2024-09-19 10:16:04.807000,418.14649073958816,100
2024-09-19 10:16:04.843000,418.2061520425864,1001
2024-09-19 10:16:04.855000,418.15329963916656,97
2024-09-19 10:16:04.867000,418.14083148264166,6
2024-09-19 10:16:04.916000,418.2450529363499,99
2024-09-19 10:16:04.946000,418.14846688777305,7
2024-09-19 10:16:04.957000,418.1312245677303,105
2024-09-19 10:16:04.986000,418.17946425560297,7
2024-09-19 10:16:05.064000,418.1388953637273,1000
2024-09-19 10:16:05.109000,418.12616486620857,998
2024-09-19 10:16:05.206000,418.1309893755912,98
2024-09-19 10:16:05.240000,418.09945258870863,98
2024-09-19 10:16:05.248000,418.1483259564616,98
2024-09-19 10:16:05.311000,418.08938201586335,97
2024-09-19 10:16:05.344000,418.1468432240936,15
2024-09-19 10:16:05.383000,418.1566469429068,6
2024-09-19 10:16:05.416000,418.0998016519693,1002
2024-09-19 10:16:05.482000,418.1419734944763,1001
2024-09-19 10:16:05.545000,418.1475958485348,14
2024-09-19 10:16:05.563000,418.0990137361169,96
2024-09-19 10:16:05.576000,418.103443779348,100
2024-09-19 10:16:05.639000,418.1620943618999,1005
2024-09-19 10:16:05.644000,418.1479788604572,995
2024-09-19 10:16:05.668000,418.1188829541716,101
2024-09-19 10:16:05.738000,418.1073254944387,1003
2024-09-19 10:16:05.756000,418.0997057190958,103
2024-09-19 10:16:05.790000,418.1645291972505,1001
2024-09-19 10:16:05.808000,418.120148088967,7
2024-09-19 10:16:05.841000,418.16306201739184,1002
2024-09-19 10:16:05.875000,418.0982859774601,105
2024-09-19 10:16:05.896000,418.12688118699214,1002
2024-09-19 10:16:05.896000,418.1161262458535,1001
2024-09-19 10:16:05.967000,418.1041700575064,14
2024-09-19 10:16:05.971000,418.1334412363112,997
2024-09-19 10:16:06.002000,418.14445864005353,8
2024-09-19 10:16:06.077000,418.14678979303176,1002
2024-09-19 10:16:06.084000,418.0859374285173,999
2024-09-19 10:16:06.102000,418.0803517481481,95
2024-09-19 10:16:06.124000,418.2038284902631,1004
2024-09-19 10:16:06.146000,418.2080908659568,103
2024-09-19 10:16:06.246000,418.1989093274892,999
2024-09-19 10:16:06.268000,418.2003979982469,105
2024-09-19 10:16:06.268000,418.17680722537847,1000
2024-09-19 10:16:06.389000,418.1619795803723,13
2024-09-19 10:16:06.417000,418.1591843037938,100
2024-09-19 10:16:06.480000,418.1396549563104,995
2024-09-19 10:16:06.533000,418.0897248562736,998
2024-09-19 10:16:06.584000,418.2135402659211,1002
2024-09-19 10:16:06.600000,418.1759318809488,99
2024-09-19 10:16:06.632000,418.1768531553176,100
2024-09-19 10:16:06.639000,418.1472552617516,997
2024-09-19 10:16:06.645000,418.1897982196834,10
2024-09-19 10:16:06.645000,418.16995539741856,99
2024-09-19 10:16:06.681000,418.16790986499296,102
2024-09-19 10:16:06.705000,418.1323118796822,995
2024-09-19 10:16:06.742000,418.16039616465787,1003
2024-09-19 10:16:06.753000,418.1088557613984,6
2024-09-19 10:16:06.789000,418.1894308955281,7
2024-09-19 10:16:06.794000,418.1826039659317,8
2024-09-19 10:16:06.806000,418.150000173197,14
2024-09-19 10:16:06.844000,418.0878388900995,14
2024-09-19 10:16:06.845000,418.0915652550991,7
2024-09-19 10:16:06.911000,418.1835547347802,996
2024-09-19 10:16:06.968000,418.20717811857503,5
2024-09-19 10:16:07.025000,418.1122802661003,13
2024-09-19 10:16:07.066000,418.1283971442783,12
2024-09-19 10:16:07.134000,418.0649924190597,1005
2024-09-19 10:16:07.144000,418.12206570148857,98
2024-09-19 10:16:07.186000,418.0633905294286,1002
2024-09-19 10:16:07.200000,418.1027699247538,1005
2024-09-19 10:16:07.303000,418.1120124968875,6
2024-09-19 10:16:07.666000,418.11358439850113,997
2024-09-19 10:16:07.726000,418.1191842251876,1002
2024-09-19 10:16:07.766000,418.11680896964464,13
2024-09-19 10:16:07.852000,418.110520110279,96
2024-09-19 10:16:07.933000,418.0646844488936,11
2024-09-19 10:16:08.015000,418.09966672875504,103
2024-09-19 10:16:08.028000,418.0615951233913,15
2024-09-19 10:16:08.065000,418.0526829118673,997
2024-09-19 10:16:08.201000,418.0578846300026,11
2024-09-19 10:16:08.304000,418.1001272881304,11
2024-09-19 10:16:08.493000,418.0987475323994,5
2024-09-19 10:16:08.499000,418.11588884806304,7
2024-09-19 10:16:08.516000,418.0905689578769,1003
2024-09-19 10:16:08.520000,418.0931997004717,13
2024-09-19 10:16:08.533000,418.0634644441066,8
2024-09-19 10:16:08.596000,418.090339943129,99
2024-09-19 10:16:08.610000,418.0541844469148,5
2024-09-19 10:16:08.673000,418.0590052785295,104
2024-09-19 10:16:08.691000,418.0697175961632,1002
2024-09-19 10:16:08.707000,418.085215043006,103
2024-09-19 10:16:08.762000,418.0896376473088,15
2024-09-19 10:16:08.802000,418.0733695628175,15
2024-09-19 10:16:08.831000,418.08321146248505,6
2024-09-19 10:16:08.924000,418.0677751261198,995
2024-09-19 10:16:08.972000,418.0507576392862,1003
2024-09-19 10:16:08.981000,418.0776683202852,995
2024-09-19 10:16:09.326000,418.0474789164392,100
2024-09-19 10:16:09.425000,418.0407484747752,101
2024-09-19 10:16:09.493000,418.0622703398255,1000
2024-09-19 10:16:09.980000,418.03410028281246,95
2024-09-19 10:16:10.195000,418.0180376422814,1003
2024-09-19 10:16:10.227000,418.0354234210743,11
2024-09-19 10:16:10.260000,418.0278326467477,6
2024-09-19 10:16:10.265000,418.037262418417,5
2024-09-19 10:16:10.433000,417.98789861414696,1001
2024-09-19 10:16:10.650000,418.0055586027467,1001
2024-09-19 10:16:10.706000,418.0558345423263,99
2024-09-19 10:16:10.744000,418.0141102455101,97
2024-09-19 10:16:10.817000,418.0314256300561,104
2024-09-19 10:16:10.846000,418.0258067364263,101
2024-09-19 10:16:10.988000,418.0052345412288,10
2024-09-19 10:16:11.028000,418.0357391594824,1000
2024-09-19 10:16:11.064000,418.0352422679794,7
2024-09-19 10:16:11.112000,418.0354202212088,103
2024-09-19 10:16:11.156000,418.0157962409813,1000
2024-09-19 10:16:11.390000,418.03172987769887,98
2024-09-19 10:16:11.648000,418.0446786307383,7
2024-09-19 10:16:11.704000,417.9942629583039,1002
2024-09-19 10:16:11.706000,418.0315633804957,1000
2024-09-19 10:16:11.744000,418.0335929804048,997
2024-09-19 10:16:12.006000,418.04887502747806,998
2024-09-19 10:16:12.010000,418.0261408256226,97
2024-09-19 10:16:12.072000,417.998098503994,1002
2024-09-19 10:16:12.078000,418.0636428116946,96
2024-09-19 10:16:12.109000,417.9971891594109,999
2024-09-19 10:16:12.220000,418.0987440427186,995
2024-09-19 10:16:12.228000,418.00445144983416,1002
2024-09-19 10:16:12.343000,418.0165425940808,996
2024-09-19 10:16:12.374000,418.0589525386886,998
2024-09-19 10:16:12.441000,417.9941650289721,8
2024-09-19 10:16:12.447000,417.9961801394421,13
2024-09-19 10:16:12.453000,418.0792709732903,1003
2024-09-19 10:16:12.635000,418.0027277031679,11
2024-09-19 10:16:12.717000,418.0750442971324,9
2024-09-19 10:16:12.726000,418.03843439601536,105
2024-09-19 10:16:12.741000,418.05596386329177,14
2024-09-19 10:16:12.858000,418.0511450674921,11
2024-09-19 10:16:12.908000,418.0693034992199,101
2024-09-19 10:16:13.136000,418.1107723838605,1004
2024-09-19 10:16:13.219000,418.1129802137396,98
2024-09-19 10:16:13.297000,418.1160450262398,1000
2024-09-19 10:16:13.425000,418.101197549712,97
2024-09-19 10:16:13.504000,418.0850521054719,103
2024-09-19 10:16:13.600000,418.1056946023296,8
2024-09-19 10:16:13.632000,418.115713079295,995
2024-09-19 10:16:13.727000,418.0903819032128,14
2024-09-19 10:16:13.742000,418.12643445823176,100
2024-09-19 10:16:13.759000,418.12786738003854,105
2024-09-19 10:16:13.877000,418.0791973141005,11
2024-09-19 10:16:13.923000,418.1253642682795,1003
2024-09-19 10:16:13.924000,418.08842308642585,6
2024-09-19 10:16:13.947000,418.0854234683287,15
2024-09-19 10:16:15.013000,418.1619290972925,8
2024-09-19 10:16:15.017000,418.2079720965733,1002
2024-09-19 10:16:15.190000,418.1256931386087,100
2024-09-19 10:16:15.200000,418.15213204030806,1000
2024-09-19 10:16:15.242000,418.1624564937262,12
2024-09-19 10:16:15.253000,418.1604350682503,96
2024-09-19 10:16:15.337000,418.1626470861012,1000
2024-09-19 10:16:15.342000,418.2043320460316,97
2024-09-19 10:16:15.369000,418.2244023253613,100
2024-09-19 10:16:15.459000,418.1399657763611,1001
2024-09-19 10:16:15.471000,418.1464197606919,11
2024-09-19 10:16:15.581000,418.1965054197713,13
2024-09-19 10:16:15.616000,418.1654154773468,14
2024-09-19 10:16:15.656000,418.1040817176103,100
2024-09-19 10:16:15.723000,418.1292217030151,97
2024-09-19 10:16:15.724000,418.0903875514476,99
2024-09-19 10:16:15.736000,418.0797283763743,103
2024-09-19 10:16:15.786000,418.21038499630623,8
2024-09-19 10:16:15.787000,418.1434231002946,15
2024-09-19 10:16:16.005000,418.3046821003837,95
2024-09-19 10:16:16.010000,418.3055732055086,101
2024-09-19 10:16:16.043000,418.2594500021952,1005
2024-09-19 10:16:16.096000,418.3137456103527,96
2024-09-19 10:16:16.317000,418.28007711842434,1001
2024-09-19 10:16:16.407000,418.28265075791467,103
2024-09-19 10:16:16.476000,418.2718624037695,1002
2024-09-19 10:16:16.544000,418.2671792543489,1003
2024-09-19 10:16:16.577000,418.28093360349214,13
2024-09-19 10:16:16.776000,418.2976470923782,999
2024-09-19 10:16:16.842000,418.2432901080082,96
2024-09-19 10:16:16.951000,418.3156849902332,9
2024-09-19 10:16:16.967000,418.2714076894706,103
2024-09-19 10:16:16.980000,418.2681975705266,1005
2024-09-19 10:16:17.094000,418.38213567498286,1001
2024-09-19 10:16:17.098000,418.31154454013824,1000
2024-09-19 10:16:17.258000,418.3015118996865,1000
2024-09-19 10:16:17.397000,418.3117550160957,11
2024-09-19 10:16:17.399000,418.3545437831272,98
2024-09-19 10:16:17.468000,418.326609489689,102
2024-09-19 10:16:17.635000,418.3584827259218,105
2024-09-19 10:16:17.686000,418.34219317839046,15
2024-09-19 10:16:17.806000,418.3471608704325,13
2024-09-19 10:16:17.850000,418.3452574012316,995
2024-09-19 10:16:17.932000,418.33332241663936,6
2024-09-19 10:16:17.965000,418.3789586781822,103
2024-09-19 10:16:17.977000,418.3365112369431,1005
2024-09-19 10:16:18.021000,418.2763523095332,104
2024-09-19 10:16:18.027000,418.3138284321847,1000
2024-09-19 10:16:18.037000,418.3182657495484,1001
2024-09-19 10:16:18.080000,418.2774946622554,1005
2024-09-19 10:16:18.395000,418.34291051236767,103
2024-09-19 10:16:18.443000,418.32555652429534,101
2024-09-19 10:16:18.460000,418.2979651374986,11
2024-09-19 10:16:18.531000,418.3101867996394,998
2024-09-19 10:16:18.539000,418.303500583891,96
2024-09-19 10:16:18.570000,418.3282129332294,1000
2024-09-19 10:16:18.570000,418.3344658881496,105
2024-09-19 10:16:18.598000,418.3120301854873,6
2024-09-19 10:16:18.780000,418.2880499894518,15
2024-09-19 10:16:18.850000,418.283529023515,997
2024-09-19 10:16:18.896000,418.3102899072218,13
2024-09-19 10:16:18.928000,418.3160975639807,6
2024-09-19 10:16:18.980000,418.3106546151361,998
2024-09-19 10:16:19.034000,418.3368823796151,103
2024-09-19 10:16:19.036000,418.31173765384347,1000
2024-09-19 10:16:19.128000,418.34517732136527,102
2024-09-19 10:16:19.166000,418.3306740344909,96
2024-09-19 10:16:19.216000,418.3246489795513,9
2024-09-19 10:16:19.252000,418.30029490235,996
2024-09-19 10:16:19.362000,418.2740204192845,105
2024-09-19 10:16:19.399000,418.3105311375941,11
2024-09-19 10:16:19.455000,418.32750956219417,5
2024-09-19 10:16:19.504000,418.3171639135588,12
2024-09-19 10:16:19.510000,418.2976011814059,100
2024-09-19 10:16:19.547000,418.3167037343269,1004
2024-09-19 10:16:19.553000,418.31330449949246,13
2024-09-19 10:16:19.605000,418.3096620056022,100
2024-09-19 10:16:19.639000,418.3072589874228,100
2024-09-19 10:16:19.825000,418.3053261102406,98
2024-09-19 10:16:19.845000,418.29163666658366,98
2024-09-19 10:16:19.850000,418.3091016498948,6
2024-09-19 10:16:19.893000,418.3179420913872,102
2024-09-19 10:16:19.910000,418.3142559502598,1003
2024-09-19 10:16:19.915000,418.30199570241,9
2024-09-19 10:16:19.954000,418.3276124858188,6
2024-09-19 10:16:20.074000,418.32015214958415,995
2024-09-19 10:16:20.364000,418.3148951955297,104
2024-09-19 10:16:20.400000,418.310617332378,1001
2024-09-19 10:16:20.454000,418.3006594440785,101
2024-09-19 10:16:20.461000,418.3206327187959,9
2024-09-19 10:16:20.724000,418.3278680574747,99
2024-09-19 10:16:20.830000,418.3123697442367,1003
2024-09-19 10:16:20.843000,418.3327140464436,15
2024-09-19 10:16:21.152000,418.3232141417123,98
2024-09-19 10:16:21.344000,418.3478093998058,95
2024-09-19 10:16:21.351000,418.3929700483292,1005
2024-09-19 10:16:21.589000,418.3941416241239,10
2024-09-19 10:16:21.602000,418.3538289887973,997
2024-09-19 10:16:21.676000,418.3283763208795,6
2024-09-19 10:16:21.677000,418.4009452143554,14
2024-09-19 10:16:21.677000,418.38106017712886,1000
2024-09-19 10:16:21.760000,418.3879688052453,97
2024-09-19 10:16:22.135000,418.3826699236312,996
2024-09-19 10:16:22.141000,418.28092231249695,997
2024-09-19 10:16:22.214000,418.3776947724558,96
2024-09-19 10:16:22.244000,418.32911209628304,998
2024-09-19 10:16:22.288000,418.3804170024819,1003
2024-09-19 10:16:22.343000,418.283134201953,96
2024-09-19 10:16:22.453000,418.38277169832,7
2024-09-19 10:16:22.454000,418.2649718426143,105
2024-09-19 10:16:22.494000,418.4038032656168,1004
2024-09-19 10:16:22.498000,418.33545249916216,98
2024-09-19 10:16:22.499000,418.367386079985,1002
2024-09-19 10:16:22.514000,418.3938405615996,99
2024-09-19 10:16:22.583000,418.3825206305844,95
2024-09-19 10:16:22.635000,418.3709975362252,1004
2024-09-19 10:16:22.705000,418.37591185741184,104
2024-09-19 10:16:22.721000,418.34028253394905,99
2024-09-19 10:16:22.754000,418.38823579599176,1005
2024-09-19 10:16:22.760000,418.3886037134063,1005
2024-09-19 10:16:22.876000,418.2723807286714,7
2024-09-19 10:16:22.907000,418.36893289734206,12
2024-09-19 10:16:22.910000,418.39175501501296,1003
2024-09-19 10:16:22.929000,418.3744555872597,996
2024-09-19 10:16:22.945000,418.387528706254,13
2024-09-19 10:16:22.957000,418.37429706948615,105
2024-09-19 10:16:23.065000,418.2402918739172,1004
2024-09-19 10:16:23.071000,418.2623388183087,1002
2024-09-19 10:16:23.288000,418.25761599658586,99
2024-09-19 10:16:23.289000,418.2612614930213,103
2024-09-19 10:16:23.388000,418.27947747517806,1002
2024-09-19 10:16:23.395000,418.2796637688047,97
2024-09-19 10:16:23.406000,418.244818850724,1003
2024-09-19 10:16:23.487000,418.2394796238904,7
2024-09-19 10:16:23.553000,418.2448701237881,102
2024-09-19 10:16:23.570000,418.2611715208801,999
2024-09-19 10:16:23.594000,418.2722547575663,13
2024-09-19 10:16:23.675000,418.2632106047823,99
2024-09-19 10:16:23.731000,418.2407076723411,100
2024-09-19 10:16:23.774000,418.2478961505337,100
2024-09-19 10:16:23.783000,418.2496066755556,11
2024-09-19 10:16:23.960000,418.2388269234355,5
2024-09-19 10:16:24.002000,418.28821167768336,1003
2024-09-19 10:16:24.068000,418.1708304354132,105
2024-09-19 10:16:24.173000,418.2352183923201,1003
2024-09-19 10:16:24.225000,418.1837793165896,96
2024-09-19 10:16:24.262000,418.2266875864474,1004
2024-09-19 10:16:24.267000,418.2619923335008,1004
2024-09-19 10:16:24.295000,418.319243912258,997
2024-09-19 10:16:24.342000,418.3066906003422,104
2024-09-19 10:16:24.392000,418.2345885816612,104
2024-09-19 10:16:24.413000,418.2714687333912,95
2024-09-19 10:16:24.423000,418.2167832960876,7
2024-09-19 10:16:24.431000,418.1986254137311,6
2024-09-19 10:16:24.505000,418.224914398292,1004
2024-09-19 10:16:24.510000,418.2293536459776,15
2024-09-19 10:16:24.516000,418.2733822973048,1004
2024-09-19 10:16:24.534000,418.2579229632481,999
2024-09-19 10:16:24.562000,418.2959362346132,100
2024-09-19 10:16:24.584000,418.28362572295873,1004
2024-09-19 10:16:24.601000,418.1986540833195,102
2024-09-19 10:16:24.658000,418.2824174621843,997
2024-09-19 10:16:24.707000,418.25868504894817,101
2024-09-19 10:16:24.842000,418.2676193436928,996
2024-09-19 10:16:24.844000,418.2776115114648,998
2024-09-19 10:16:24.916000,418.2489925332529,98
2024-09-19 10:16:24.921000,418.2080988847754,997
2024-09-19 10:16:24.950000,418.201750016849,14
2024-09-19 10:16:24.956000,418.2656423558988,14
2024-09-19 10:16:24.987000,418.2963381169127,101
2024-09-19 10:16:25.283000,418.2457047005942,95
2024-09-19 10:16:25.293000,418.2059613779314,1004
2024-09-19 10:16:25.303000,418.184221154974,1001
2024-09-19 10:16:25.329000,418.1997649325957,97
2024-09-19 10:16:25.339000,418.20693425729326,8
2024-09-19 10:16:25.343000,418.187559000469,8
2024-09-19 10:16:25.388000,418.1692644086744,96
2024-09-19 10:16:25.393000,418.2235234134055,99
2024-09-19 10:16:25.474000,418.1792136065424,999
2024-09-19 10:16:25.485000,418.1987344751146,12
2024-09-19 10:16:25.555000,418.1765119268866,96
2024-09-19 10:16:25.628000,418.21581790563215,100
2024-09-19 10:16:25.654000,418.2073041478722,999
2024-09-19 10:16:25.683000,418.17299488962334,999
2024-09-19 10:16:25.705000,418.19472356685566,1001
2024-09-19 10:16:25.760000,418.1790332895204,13
2024-09-19 10:16:25.836000,418.22764801065966,5
2024-09-19 10:16:25.839000,418.1665428363681,6
2024-09-19 10:16:25.930000,418.1534805527053,7
2024-09-19 10:16:25.937000,418.2116575561033,101
2024-09-19 10:16:26.028000,418.2126565339257,1002
2024-09-19 10:16:26.034000,418.2423191033444,105
2024-09-19 10:16:26.048000,418.2276755512281,13
2024-09-19 10:16:26.211000,418.21885778144815,103
2024-09-19 10:16:26.215000,418.2334389362354,101
2024-09-19 10:16:26.335000,418.2027759838386,996
2024-09-19 10:16:26.369000,418.2402934988966,8
2024-09-19 10:16:26.388000,418.2193778957547,5
2024-09-19 10:16:26.403000,418.2371273330443,101
2024-09-19 10:16:26.453000,418.2069454752767,14
2024-09-19 10:16:26.533000,418.23053037252254,1005
2024-09-19 10:16:26.538000,418.2279898656389,1005
2024-09-19 10:16:26.540000,418.22335934633895,1002
2024-09-19 10:16:26.619000,418.2022903325629,5
2024-09-19 10:16:26.668000,418.2215213807645,6
2024-09-19 10:16:26.684000,418.2228233288508,14
2024-09-19 10:16:26.689000,418.2052830484597,13
2024-09-19 10:16:26.713000,418.2105665977397,104
2024-09-19 10:16:26.786000,418.2450512238265,101
2024-09-19 10:16:26.802000,418.24405800073816,996
2024-09-19 10:16:26.811000,418.2056507291314,7
2024-09-19 10:16:26.912000,418.2117128158221,1004
2024-09-19 10:16:27.130000,418.1657244162478,1001
2024-09-19 10:16:27.318000,418.1520939561059,6
2024-09-19 10:16:27.412000,418.1993051197503,13
2024-09-19 10:16:27.413000,418.23670799669605,995
2024-09-19 10:16:27.444000,418.150226421389,104
2024-09-19 10:16:27.449000,418.1604648587235,1004
2024-09-19 10:16:27.465000,418.1646785228283,95
2024-09-19 10:16:27.486000,418.150689930748,13
2024-09-19 10:16:27.506000,418.1525129696776,99
2024-09-19 10:16:27.561000,418.175400967333,6
2024-09-19 10:16:27.739000,418.1432037469098,96
2024-09-19 10:16:27.768000,418.14526204715577,15
2024-09-19 10:16:27.778000,418.1887072958519,10
2024-09-19 10:16:27.834000,418.2211610321137,102
2024-09-19 10:16:27.890000,418.1488042151268,1001
2024-09-19 10:16:27.968000,418.13829760387233,997
2024-09-19 10:16:28.739000,418.1771620050813,10
2024-09-19 10:16:29.083000,418.1569790643355,996
2024-09-19 10:16:29.116000,418.15889748689006,6
2024-09-19 10:16:29.468000,418.16034190403445,999
2024-09-19 10:16:29.729000,418.1837014958589,12
2024-09-19 10:16:29.826000,418.1879724721194,1004
2024-09-19 10:16:29.836000,418.1517223555048,97
2024-09-19 10:16:29.965000,418.18424955230927,999
2024-09-19 10:16:29.993000,418.1573333396004,12
2024-09-19 10:16:30.006000,418.1183646157648,102
2024-09-19 10:16:30.032000,418.165212898502,13
2024-09-19 10:16:30.062000,418.1427071533909,101
2024-09-19 10:16:30.119000,418.1491756749474,105
2024-09-19 10:16:30.132000,418.180960490142,10
2024-09-19 10:16:30.164000,418.16356024428194,104
2024-09-19 10:16:30.194000,418.1381986855474,100
2024-09-19 10:16:30.242000,418.1698297762437,13
2024-09-19 10:16:30.258000,418.1560006428361,100
2024-09-19 10:16:30.380000,418.1489650401624,102
2024-09-19 10:16:30.437000,418.1730140560172,96
2024-09-19 10:16:30.452000,418.1416916252362,97
2024-09-19 10:16:30.458000,418.1541789580617,97
2024-09-19 10:16:30.496000,418.1320418512961,96
2024-09-19 10:16:30.499000,418.1384935439327,6
2024-09-19 10:16:30.544000,418.1569550834113,14
2024-09-19 10:16:30.622000,418.1803424127481,95
2024-09-19 10:16:30.714000,418.16316716018446,9
2024-09-19 10:16:30.789000,418.1429799298552,8
2024-09-19 10:16:30.884000,418.1224581238381,105
2024-09-19 10:16:30.940000,418.149069266162,13
2024-09-19 10:16:30.956000,418.1601075589932,103
2024-09-19 10:16:31.002000,418.1500429352309,1004
2024-09-19 10:16:31.022000,418.1740669226002,996
2024-09-19 10:16:31.050000,418.1159146123912,995
2024-09-19 10:16:31.101000,418.15520127090633,102
2024-09-19 10:16:31.103000,418.1237440314799,1001
2024-09-19 10:16:31.170000,418.12459535646656,97
2024-09-19 10:16:31.199000,418.1623221552715,104
2024-09-19 10:16:31.211000,418.1824208077399,14
2024-09-19 10:16:31.291000,418.1403562703152,12
2024-09-19 10:16:31.405000,418.1760120563027,13
2024-09-19 10:16:31.441000,418.10947450390296,1002
2024-09-19 10:16:31.488000,418.1605827815455,1001
2024-09-19 10:16:31.535000,418.1345930243036,101
2024-09-19 10:16:31.624000,418.1882356810265,995
2024-09-19 10:16:31.636000,418.1860528198764,6
2024-09-19 10:16:31.730000,418.1291667791802,6
2024-09-19 10:16:31.824000,418.194981513751,102
2024-09-19 10:16:31.835000,418.1848193171807,7
2024-09-19 10:16:31.871000,418.16930178896433,7
2024-09-19 10:16:31.906000,418.1779434342474,6
2024-09-19 10:16:31.969000,418.1723872199868,1003
2024-09-19 10:16:32.009000,418.1330361418383,13
2024-09-19 10:16:32.021000,418.1280650580904,14
2024-09-19 10:16:32.057000,418.12899283279546,1001
2024-09-19 10:16:32.092000,418.1454481292917,13
2024-09-19 10:16:32.119000,418.11745805509065,11
2024-09-19 10:16:32.120000,418.1499042536754,995
2024-09-19 10:16:32.143000,418.1358176633632,103
2024-09-19 10:16:32.156000,418.1173305046234,102
2024-09-19 10:16:32.159000,418.1673676944526,1004
2024-09-19 10:16:32.317000,418.134209816012,14
2024-09-19 10:16:32.419000,418.1850994079124,995
2024-09-19 10:16:32.485000,418.1491280962267,996
2024-09-19 10:16:32.501000,418.1524495832024,14
2024-09-19 10:16:32.506000,418.144267673356,7
2024-09-19 10:16:32.562000,418.1453858492821,1001
2024-09-19 10:16:32.569000,418.1422282477882,1004
2024-09-19 10:16:32.611000,418.1795793766648,96
2024-09-19 10:16:32.626000,418.1695923625984,12
2024-09-19 10:16:32.649000,418.1738810352017,103
2024-09-19 10:16:32.651000,418.1573980378851,7
2024-09-19 10:16:32.653000,418.1668476031676,7
2024-09-19 10:16:32.670000,418.1375433302687,102
2024-09-19 10:16:32.674000,418.1501357964516,997
2024-09-19 10:16:32.752000,418.17737480759536,1002
2024-09-19 10:16:32.937000,418.1787135443709,105
2024-09-19 10:16:33.298000,418.1624357316698,95
2024-09-19 10:16:33.631000,418.1482233489512,1005
2024-09-19 10:16:33.810000,418.1633118734732,103
2024-09-19 10:16:34.117000,418.1385290711537,999
2024-09-19 10:16:34.305000,418.11331430688745,99
2024-09-19 10:16:34.435000,418.13253828173634,1003
2024-09-19 10:16:34.554000,418.110453653988,96
2024-09-19 10:16:34.753000,418.1189957314531,1004
2024-09-19 10:16:35.274000,418.10532635081273,1003
2024-09-19 10:16:35.279000,418.09572920365406,996
2024-09-19 10:16:35.348000,418.11608140266526,5
2024-09-19 10:16:35.900000,418.1045256843421,97
2024-09-19 10:16:36.007000,418.2413258568594,15
2024-09-19 10:16:36.049000,418.11546439713214,10
2024-09-19 10:16:36.096000,418.139451482172,1005
2024-09-19 10:16:36.106000,418.15993647365366,1002
2024-09-19 10:16:36.151000,418.2529540783079,996
2024-09-19 10:16:36.167000,418.2673689707193,5
2024-09-19 10:16:36.172000,418.24906869644576,997
2024-09-19 10:16:36.235000,418.2788323753604,1004
2024-09-19 10:16:36.276000,418.1835610925283,996
2024-09-19 10:16:36.284000,418.1298353605834,8
2024-09-19 10:16:36.323000,418.1587962024264,99
2024-09-19 10:16:36.355000,418.1671512672604,6
2024-09-19 10:16:36.383000,418.1354316614747,5
2024-09-19 10:16:36.386000,418.162763731112,96
2024-09-19 10:16:36.418000,418.1211655032855,103
2024-09-19 10:16:36.457000,418.1205066357656,1005
2024-09-19 10:16:36.488000,418.0924732784872,98
2024-09-19 10:16:36.610000,418.10455261374113,8
2024-09-19 10:16:36.614000,418.1292137515522,995
2024-09-19 10:16:36.624000,418.1624395834833,12
2024-09-19 10:16:36.672000,418.20966311273344,100
2024-09-19 10:16:36.790000,418.2080557989212,95
2024-09-19 10:16:36.797000,418.254219935844,14
2024-09-19 10:16:36.814000,418.08890570596975,1000
2024-09-19 10:16:36.845000,418.1072113930987,102
2024-09-19 10:16:36.860000,418.11219870486497,101
2024-09-19 10:16:36.921000,418.2721371516349,97
2024-09-19 10:16:36.945000,418.16827190629215,12
2024-09-19 10:16:37.090000,418.2708368522464,97
2024-09-19 10:16:37.108000,418.2609989145767,1001
2024-09-19 10:16:37.155000,418.2568048623839,1001
2024-09-19 10:16:37.235000,418.2777453430729,103
2024-09-19 10:16:37.306000,418.2592286262583,101
2024-09-19 10:16:37.372000,418.27051425938697,1003
2024-09-19 10:16:37.472000,418.2561958190098,14
2024-09-19 10:16:37.491000,418.2732053884881,95
2024-09-19 10:16:37.566000,418.2314721525929,997
2024-09-19 10:16:37.601000,418.25219526499575,104
2024-09-19 10:16:37.604000,418.26799419846,8
2024-09-19 10:16:37.612000,418.2564933420935,103
2024-09-19 10:16:37.650000,418.2507123573417,996
2024-09-19 10:16:37.788000,418.24957214382425,1003
2024-09-19 10:16:37.884000,418.2436396340594,6
2024-09-19 10:16:37.908000,418.2870430374725,104
2024-09-19 10:16:37.955000,418.26748533579047,15
2024-09-19 10:16:37.973000,418.2506232472842,99
2024-09-19 10:16:38.202000,418.2730441910346,97
2024-09-19 10:16:38.640000,418.276625158342,995
2024-09-19 10:16:38.796000,418.2783160505348,5
2024-09-19 10:16:39.028000,418.3170243518851,995
2024-09-19 10:16:39.191000,418.3097943285377,101
2024-09-19 10:16:39.245000,418.3342179410097,995
2024-09-19 10:16:39.264000,418.3516213035877,101
2024-09-19 10:16:39.287000,418.2821736544489,100
2024-09-19 10:16:39.307000,418.2830623558839,12
2024-09-19 10:16:39.312000,418.3241212697793,98
2024-09-19 10:16:39.325000,418.28625693563936,14
2024-09-19 10:16:39.401000,418.3268596563148,1003
2024-09-19 10:16:39.538000,418.3307709498048,1005
2024-09-19 10:16:39.581000,418.3005728932326,11
2024-09-19 10:16:39.617000,418.3276530009732,995
2024-09-19 10:16:39.645000,418.3295416623748,999
2024-09-19 10:16:39.646000,418.275711667704,97
2024-09-19 10:16:39.741000,418.3241389167466,9
2024-09-19 10:16:39.963000,418.3024390356996,14
2024-09-19 10:16:40.011000,418.3526800019277,95
2024-09-19 10:16:40.045000,418.3130742251904,95
2024-09-19 10:16:40.050000,418.3319038203974,8
2024-09-19 10:16:40.081000,418.27522214997407,999
2024-09-19 10:16:40.114000,418.3438418551407,95
2024-09-19 10:16:40.132000,418.2736278700812,104
2024-09-19 10:16:40.152000,418.2687041719506,9
2024-09-19 10:16:40.314000,418.3085699775696,98
2024-09-19 10:16:40.366000,418.2703015283641,99
2024-09-19 10:16:40.414000,418.2730068185784,100
2024-09-19 10:16:40.433000,418.3189581097756,1001
2024-09-19 10:16:40.456000,418.27763848307416,1004
2024-09-19 10:16:40.459000,418.2872816910057,98
2024-09-19 10:16:40.463000,418.34749423447806,998
2024-09-19 10:16:40.518000,418.331220288555,105
2024-09-19 10:16:40.552000,418.2683904407082,1000
2024-09-19 10:16:40.689000,418.2690444929767,8
2024-09-19 10:16:40.692000,418.26639356938375,998
2024-09-19 10:16:40.727000,418.3442522618515,12
2024-09-19 10:16:40.828000,418.279247749205,998
2024-09-19 10:16:40.844000,418.3274990931962,995
2024-09-19 10:16:40.883000,418.2673948506537,96
2024-09-19 10:16:40.888000,418.3373376417952,998
2024-09-19 10:16:40.902000,418.3547155013183,96
2024-09-19 10:16:40.914000,418.3201266660694,95
2024-09-19 10:16:40.930000,418.2888833283244,103
2024-09-19 10:16:40.944000,418.3502641143169,9
2024-09-19 10:16:41.090000,418.2534325620156,6
2024-09-19 10:16:41.110000,418.243652573903,96
2024-09-19 10:16:41.214000,418.2366335057489,96
2024-09-19 10:16:41.278000,418.2604999406497,14
2024-09-19 10:16:41.297000,418.2392406264267,96
2024-09-19 10:16:41.340000,418.25035696086223,9
2024-09-19 10:16:41.378000,418.2399947112428,101
2024-09-19 10:16:41.382000,418.26113090367056,999
2024-09-19 10:16:41.432000,418.2353393393148,99
2024-09-19 10:16:41.447000,418.25307182664216,95
2024-09-19 10:16:41.588000,418.23539005329775,14
2024-09-19 10:16:41.630000,418.26321053577686,995
2024-09-19 10:16:41.679000,418.2793027363506,97
2024-09-19 10:16:41.726000,418.2756843542002,15
2024-09-19 10:16:41.757000,418.2564065275635,103
2024-09-19 10:16:41.833000,418.2519153488177,104
2024-09-19 10:16:41.964000,418.2597945335594,6
2024-09-19 10:16:41.981000,418.2870258271066,10
2024-09-19 10:16:41.989000,418.2712438423292,104
2024-09-19 10:16:42.431000,418.2319397114689,100
2024-09-19 10:16:42.610000,418.2280500803014,103
2024-09-19 10:16:43.105000,418.19879527014143,97
2024-09-19 10:16:43.131000,418.2411583466486,996
2024-09-19 10:16:43.204000,418.1894944723283,998
2024-09-19 10:16:43.288000,418.23516790747897,103
2024-09-19 10:16:43.311000,418.2104197045596,99
2024-09-19 10:16:43.337000,418.193128411936,97
2024-09-19 10:16:43.345000,418.2465164532913,997
2024-09-19 10:16:43.380000,418.2642055012337,95
2024-09-19 10:16:43.402000,418.23184091818274,100
2024-09-19 10:16:43.425000,418.1717937969351,995
2024-09-19 10:16:43.445000,418.2445432625401,1003
2024-09-19 10:16:43.502000,418.21961753206,6
2024-09-19 10:16:43.538000,418.22499776210816,105
2024-09-19 10:16:43.731000,418.1869594575317,998
2024-09-19 10:16:43.775000,418.2464875157687,14
2024-09-19 10:16:43.815000,418.2429511644033,1001
2024-09-19 10:16:43.821000,418.2402242787381,998
2024-09-19 10:16:43.948000,418.2526289729728,105
2024-09-19 10:16:43.949000,418.2591286408629,103
2024-09-19 10:16:43.972000,418.2227545427466,9
2024-09-19 10:16:43.999000,418.2538591950565,1003
2024-09-19 10:16:44.349000,418.18976204329385,100
2024-09-19 10:16:44.398000,418.18288402919313,1003
2024-09-19 10:16:44.744000,418.16670110368057,99
2024-09-19 10:16:45.001000,418.1756838934968,998
2024-09-19 10:16:45.027000,418.1517194728099,95
2024-09-19 10:16:45.220000,418.1452589585497,12
2024-09-19 10:16:45.242000,418.1884554679679,104
2024-09-19 10:16:45.314000,418.1847822686416,1000
2024-09-19 10:16:45.325000,418.1641652894504,11
2024-09-19 10:16:45.325000,418.1970061802481,10
2024-09-19 10:16:45.383000,418.1334491146407,102
2024-09-19 10:16:45.470000,418.15982709008006,101
2024-09-19 10:16:45.629000,418.1699888273864,96
2024-09-19 10:16:45.765000,418.1550641959305,98
2024-09-19 10:16:45.778000,418.1624564240234,13
2024-09-19 10:16:45.888000,418.1503417849328,97
2024-09-19 10:16:46.002000,418.1722368245104,1000
2024-09-19 10:16:46.014000,418.2122216086857,102
2024-09-19 10:16:46.028000,418.1690493889095,13
2024-09-19 10:16:46.043000,418.2047516857702,100
2024-09-19 10:16:46.049000,418.1846315044296,10
2024-09-19 10:16:46.072000,418.19306353257554,1000
2024-09-19 10:16:46.096000,418.2211048625161,1005
2024-09-19 10:16:46.144000,418.2102304220505,6
2024-09-19 10:16:46.155000,418.1876271238344,13
2024-09-19 10:16:46.245000,418.2064006096548,97
2024-09-19 10:16:46.338000,418.2047849906629,5
2024-09-19 10:16:46.496000,418.1854184531882,10
2024-09-19 10:16:46.567000,418.19478927165824,7
2024-09-19 10:16:46.572000,418.2120346886758,6
2024-09-19 10:16:46.583000,418.1697993086364,96
2024-09-19 10:16:46.600000,418.17137960141184,95
2024-09-19 10:16:46.604000,418.1822704581134,12
2024-09-19 10:16:46.691000,418.2000781355901,999
2024-09-19 10:16:46.794000,418.1851986844886,1000
2024-09-19 10:16:46.884000,418.1992667627457,999
2024-09-19 10:16:46.914000,418.1958641654234,11
2024-09-19 10:16:46.936000,418.15950966114207,999
2024-09-19 10:16:47.021000,418.215476790321,9
2024-09-19 10:16:47.087000,418.2162876315176,996
2024-09-19 10:16:47.093000,418.2484168672387,15
2024-09-19 10:16:47.137000,418.2279087393838,9
2024-09-19 10:16:47.204000,418.2026664563052,14
2024-09-19 10:16:47.218000,418.2268885893004,1002
2024-09-19 10:16:47.250000,418.2642553191623,8
2024-09-19 10:16:47.258000,418.2510573637123,95
2024-09-19 10:16:47.305000,418.2142718641944,95
2024-09-19 10:16:47.306000,418.2124164227154,10
2024-09-19 10:16:47.315000,418.21051137479054,15
2024-09-19 10:16:47.325000,418.1982881988373,996
2024-09-19 10:16:47.339000,418.2412319986141,1001
2024-09-19 10:16:47.358000,418.1865932643976,95
2024-09-19 10:16:47.358000,418.2259787147351,13
2024-09-19 10:16:47.381000,418.194365719272,102
2024-09-19 10:16:47.446000,418.2199256468925,105
2024-09-19 10:16:47.656000,418.2389959189881,98
2024-09-19 10:16:47.666000,418.23249611621696,13
2024-09-19 10:16:47.800000,418.231809555165,95
2024-09-19 10:16:47.805000,418.20586595508456,103
2024-09-19 10:16:47.856000,418.24049367150303,997
2024-09-19 10:16:47.876000,418.2123943463448,96
2024-09-19 10:16:47.973000,418.2334150186146,12
2024-09-19 10:16:47.981000,418.2127640923567,1000
2024-09-19 10:16:48.010000,418.18974966631936,1002
2024-09-19 10:16:48.196000,418.2037971053048,995
2024-09-19 10:16:48.220000,418.1666491880182,98
2024-09-19 10:16:48.312000,418.1624084046733,97
2024-09-19 10:16:48.372000,418.1990836960843,13
2024-09-19 10:16:48.393000,418.1729114782661,99
2024-09-19 10:16:48.693000,418.1809111302786,13
2024-09-19 10:16:48.718000,418.1882413992443,8
2024-09-19 10:16:48.721000,418.1704304916611,14
2024-09-19 10:16:48.721000,418.182614819951,1004
2024-09-19 10:16:48.793000,418.1940797530798,12
2024-09-19 10:16:49.035000,418.17822356050783,98
2024-09-19 10:16:49.067000,418.1727351707143,14
2024-09-19 10:16:49.112000,418.1755541872677,10
2024-09-19 10:16:49.301000,418.1318983715906,996
2024-09-19 10:16:49.318000,418.1683408732263,101
2024-09-19 10:16:49.333000,418.1772027981111,1005
2024-09-19 10:16:49.385000,418.1963045489604,1000
2024-09-19 10:16:49.447000,418.1817012273039,999
2024-09-19 10:16:49.494000,418.19044791902405,1001
2024-09-19 10:16:49.552000,418.1768501398549,103
2024-09-19 10:16:49.557000,418.14565541773015,1005
2024-09-19 10:16:49.806000,418.1282629273421,14
2024-09-19 10:16:49.818000,418.19136511064215,6
2024-09-19 10:16:49.872000,418.2080832075179,1003
2024-09-19 10:16:49.991000,418.156114874052,5
2024-09-19 10:16:50.093000,418.1584171295784,995
2024-09-19 10:16:50.254000,418.16307004395577,100
2024-09-19 10:16:50.331000,418.1636578715319,15
2024-09-19 10:16:50.346000,418.16034798623286,998
2024-09-19 10:16:50.456000,418.1777844711107,104
2024-09-19 10:16:50.612000,418.14397508795935,995
2024-09-19 10:16:50.643000,418.1634109580199,998
2024-09-19 10:16:51.008000,418.1248927775324,998
2024-09-19 10:16:51.088000,418.1520474199456,14
2024-09-19 10:16:51.130000,418.1410671189569,9
2024-09-19 10:16:51.143000,418.16373341171766,15
2024-09-19 10:16:51.143000,418.1396837451398,1005
2024-09-19 10:16:51.170000,418.13602192873367,14
2024-09-19 10:16:51.185000,418.14535172538825,1001
2024-09-19 10:16:51.203000,418.1624691235174,6
2024-09-19 10:16:51.355000,418.14942505809023,1003
2024-09-19 10:16:51.435000,418.1487912110883,1000
2024-09-19 10:16:51.464000,418.1272832132056,105
2024-09-19 10:16:51.622000,418.17747490296045,100
2024-09-19 10:16:51.626000,418.1570356162897,15
2024-09-19 10:16:51.769000,418.1289989729594,995
2024-09-19 10:16:51.787000,418.1523562075897,100
2024-09-19 10:16:51.927000,418.16482524158806,6
2024-09-19 10:16:51.941000,418.1283452615504,10
2024-09-19 10:16:51.997000,418.1754163571295,13
2024-09-19 10:16:52.011000,418.15605150649134,998
2024-09-19 10:16:52.062000,418.1476207135545,5
2024-09-19 10:16:52.085000,418.1393914012444,101
2024-09-19 10:16:52.138000,418.15596077161456,100
2024-09-19 10:16:52.157000,418.1526192468638,996
2024-09-19 10:16:52.180000,418.1508148311529,1003
2024-09-19 10:16:52.237000,418.1514717468284,97
2024-09-19 10:16:52.259000,418.14692053019735,10
2024-09-19 10:16:52.327000,418.1472126210732,7
2024-09-19 10:16:52.330000,418.1693662457988,100
2024-09-19 10:16:52.331000,418.1530670573516,1004
2024-09-19 10:16:52.391000,418.15291361543785,8
2024-09-19 10:16:52.447000,418.1391209435488,9
2024-09-19 10:16:52.542000,418.1383913837922,10
2024-09-19 10:16:52.560000,418.1662403795712,1003
2024-09-19 10:16:52.561000,418.1342904192976,100
2024-09-19 10:16:52.613000,418.1502814337188,96
2024-09-19 10:16:52.618000,418.1425107150699,98
2024-09-19 10:16:52.683000,418.14482544573497,13
2024-09-19 10:16:52.699000,418.1563904402037,1003
2024-09-19 10:16:52.701000,418.147071039438,6
2024-09-19 10:16:52.761000,418.1395371125776,11
2024-09-19 10:16:52.801000,418.1291782553499,97
2024-09-19 10:16:52.811000,418.1637249052072,13
2024-09-19 10:16:52.843000,418.15197576178906,1000
2024-09-19 10:16:52.915000,418.1686941591786,98
2024-09-19 10:16:52.948000,418.14196834702864,10
2024-09-19 10:16:53.034000,418.1328131380021,999
2024-09-19 10:16:53.136000,418.1360054597845,14
2024-09-19 10:16:54.118000,418.2188004603376,13
2024-09-19 10:16:54.242000,418.1624687629664,998
2024-09-19 10:16:54.436000,418.1509100810109,14
2024-09-19 10:16:54.473000,418.16077611421,1000
2024-09-19 10:16:54.477000,418.1319873496321,996
2024-09-19 10:16:54.499000,418.1881321878669,96
2024-09-19 10:16:54.544000,418.1823064749202,14
2024-09-19 10:16:54.602000,418.2114790885052,98
2024-09-19 10:16:54.712000,418.1464286346856,6
2024-09-19 10:16:54.756000,418.1488721693788,102
2024-09-19 10:16:54.913000,418.1820068709556,98
2024-09-19 10:16:54.937000,418.1772944180078,101
2024-09-19 10:16:54.989000,418.1429922685585,14
2024-09-19 10:16:55.029000,418.089114000374,102
2024-09-19 10:16:55.168000,418.121882110477,9
2024-09-19 10:16:55.205000,418.0781668146609,8
2024-09-19 10:16:55.283000,418.08094875863713,97
2024-09-19 10:16:55.287000,418.1312160571155,1002
2024-09-19 10:16:55.321000,418.1678144183752,102
2024-09-19 10:16:55.324000,418.1002788752124,103
2024-09-19 10:16:55.330000,418.0927847217486,1002
2024-09-19 10:16:55.345000,418.1189872020598,995
2024-09-19 10:16:55.357000,418.1036993866098,1003
2024-09-19 10:16:55.435000,418.1343831359441,103
2024-09-19 10:16:55.472000,418.1309065430625,102
2024-09-19 10:16:55.484000,418.1215174167992,95
2024-09-19 10:16:55.633000,418.1426304729261,105
2024-09-19 10:16:55.731000,418.08228210760905,995
2024-09-19 10:16:55.751000,418.1648239025417,95
2024-09-19 10:16:55.969000,418.1477403355722,9
2024-09-19 10:16:55.977000,418.1353733651105,1000
2024-09-19 10:16:55.995000,418.1520528154805,98
2024-09-19 10:16:56.102000,418.0983438654673,1002
2024-09-19 10:16:56.179000,418.1700656419943,10
2024-09-19 10:16:56.215000,418.1857297618636,1000
2024-09-19 10:16:56.228000,418.118495783123,1002
2024-09-19 10:16:56.256000,418.1867757011396,105
2024-09-19 10:16:56.287000,418.09030346558205,1002
2024-09-19 10:16:56.303000,418.1532237890051,5
2024-09-19 10:16:56.307000,418.1925764032174,101
2024-09-19 10:16:56.313000,418.08472035364616,1000
2024-09-19 10:16:56.419000,418.1031252657716,996
2024-09-19 10:16:56.477000,418.081785560778,15
2024-09-19 10:16:56.515000,418.20965898407815,996
2024-09-19 10:16:56.527000,418.1037475989598,6
2024-09-19 10:16:56.544000,418.0993103221667,1005
2024-09-19 10:16:56.600000,418.19225848462486,13
2024-09-19 10:16:56.605000,418.0935301912885,1001
2024-09-19 10:16:56.675000,418.1854304046837,995
2024-09-19 10:16:56.708000,418.14965146952943,995
2024-09-19 10:16:56.752000,418.123422945257,1000
2024-09-19 10:16:56.760000,418.0928154365913,102
2024-09-19 10:16:56.881000,418.0815206616502,1004
2024-09-19 10:16:56.902000,418.093814771824,995
2024-09-19 10:16:56.914000,418.2055947716631,13
2024-09-19 10:16:56.971000,418.1257630059056,1005
2024-09-19 10:16:58.072000,418.19347972354126,1003
2024-09-19 10:16:58.086000,418.21511339969646,1002
2024-09-19 10:16:58.087000,418.24085833041806,98
2024-09-19 10:16:58.134000,418.2171021426259,13
2024-09-19 10:16:58.171000,418.175921695571,1004
2024-09-19 10:16:58.176000,418.2171484270815,14
2024-09-19 10:16:58.184000,418.20858695383856,7
2024-09-19 10:16:58.184000,418.19482337251696,1000
2024-09-19 10:16:58.256000,418.2054051615683,1000
2024-09-19 10:16:58.269000,418.212962528822,8
2024-09-19 10:16:58.287000,418.243208436653,996
2024-09-19 10:16:58.301000,418.1289824368261,1002
2024-09-19 10:16:58.344000,418.1659851030893,996
2024-09-19 10:16:58.374000,418.2414781979568,15
2024-09-19 10:16:58.413000,418.2164766430884,1003
2024-09-19 10:16:58.518000,418.2130685636104,10
2024-09-19 10:16:58.545000,418.2031083522458,9
2024-09-19 10:16:58.547000,418.18110484086606,103
2024-09-19 10:16:58.606000,418.2009396425913,103
2024-09-19 10:16:58.616000,418.1988314498432,97
2024-09-19 10:16:58.619000,418.1759648486304,1001
2024-09-19 10:16:58.669000,418.1605154110297,99
2024-09-19 10:16:58.761000,418.18258602400334,97
2024-09-19 10:16:58.840000,418.2003277706814,103
2024-09-19 10:16:58.842000,418.2075992618443,996
2024-09-19 10:16:58.869000,418.1812284047463,12
2024-09-19 10:16:58.907000,418.13842075892336,1004
2024-09-19 10:16:58.914000,418.139599861616,100
2024-09-19 10:16:58.963000,418.1634670112264,97
2024-09-19 10:16:59.037000,418.1879430343333,13
2024-09-19 10:16:59.037000,418.1801886689734,95
2024-09-19 10:16:59.104000,418.16184256206265,7
2024-09-19 10:16:59.155000,418.14482120963146,101
2024-09-19 10:16:59.194000,418.1312862175886,10
2024-09-19 10:16:59.345000,418.18229229982376,98
2024-09-19 10:16:59.373000,418.1107432983695,14
2024-09-19 10:16:59.423000,418.17796778731537,105
2024-09-19 10:16:59.463000,418.1657241374932,1001
2024-09-19 10:16:59.542000,418.1380148190323,104
2024-09-19 10:16:59.547000,418.16423066774513,7
2024-09-19 10:16:59.634000,418.1641327302841,999
2024-09-19 10:16:59.751000,418.1235157091982,14
2024-09-19 10:16:59.785000,418.1692767886782,13
2024-09-19 10:16:59.808000,418.1774135472558,1002
2024-09-19 10:16:59.949000,418.1747986202334,11
2024-09-19 10:16:59.959000,418.13202259517817,996
2024-09-19 10:16:59.963000,418.1773908917994,8
