Timestamp,Price,Size
2024-09-20 14:12:00.002000,429.8410811852044,96
2024-09-20 14:12:00.024000,429.8100278658165,101
2024-09-20 14:12:00.029000,429.8086102699852,998
2024-09-20 14:12:00.087000,429.8330127002942,103
2024-09-20 14:12:00.164000,429.81406915723846,995
2024-09-20 14:12:00.206000,429.8237438421536,103
2024-09-20 14:12:00.245000,429.8497312135207,104
2024-09-20 14:12:00.317000,429.82231043471774,10
2024-09-20 14:12:00.363000,429.8128615130266,6
2024-09-20 14:12:00.416000,429.81365727435787,999
2024-09-20 14:12:00.422000,429.8321256197602,995
2024-09-20 14:12:00.425000,429.82867901602,8
2024-09-20 14:12:00.452000,429.83335964296754,7
2024-09-20 14:12:00.480000,429.83477746725225,7
2024-09-20 14:12:00.540000,429.8202418623544,13
2024-09-20 14:12:00.871000,429.8351865788306,1003
2024-09-20 14:12:02.182000,429.82218374366937,96
2024-09-20 14:12:02.241000,429.8070046627927,11
2024-09-20 14:12:02.281000,429.8627888013668,101
2024-09-20 14:12:02.323000,429.8106374097343,998
2024-09-20 14:12:02.344000,429.7968015668376,97
2024-09-20 14:12:02.380000,429.8433582791499,1002
2024-09-20 14:12:02.408000,429.8135451836232,101
2024-09-20 14:12:02.447000,429.8021182211523,105
2024-09-20 14:12:02.490000,429.7728871040704,104
2024-09-20 14:12:02.575000,429.796655925107,102
2024-09-20 14:12:02.595000,429.8284173801968,1001
2024-09-20 14:12:02.608000,429.8147013969788,1004
2024-09-20 14:12:02.730000,429.79074322822703,104
2024-09-20 14:12:02.793000,429.84328895700816,9
2024-09-20 14:12:02.890000,429.8257209985854,11
2024-09-20 14:12:02.917000,429.84509251414966,97
2024-09-20 14:12:02.927000,429.81322627924345,99
2024-09-20 14:12:03.023000,429.84303867017934,103
2024-09-20 14:12:03.090000,429.8395580122268,11
2024-09-20 14:12:03.125000,429.84351511537966,1005
2024-09-20 14:12:03.151000,429.8460856231428,6
2024-09-20 14:12:03.228000,429.85737495078513,996
2024-09-20 14:12:03.595000,429.8462579137595,1000
2024-09-20 14:12:03.606000,429.8306581144195,102
2024-09-20 14:12:03.628000,429.8422826894,998
2024-09-20 14:12:03.629000,429.8342960119394,101
2024-09-20 14:12:03.674000,429.8543130795796,8
2024-09-20 14:12:03.678000,429.8403919899165,1004
2024-09-20 14:12:03.741000,429.8500423954564,99
2024-09-20 14:12:03.757000,429.83635910880565,1004
2024-09-20 14:12:03.812000,429.8410727339872,1004
2024-09-20 14:12:03.901000,429.8361458585051,1002
2024-09-20 14:12:03.924000,429.8460504135014,10
2024-09-20 14:12:03.970000,429.8293635993655,97
2024-09-20 14:12:04.151000,429.8331209408311,100
2024-09-20 14:12:04.355000,429.8260262238196,5
2024-09-20 14:12:04.602000,429.84097907495936,1002
2024-09-20 14:12:04.660000,429.8385600976179,101
2024-09-20 14:12:04.685000,429.8184130781395,996
2024-09-20 14:12:04.688000,429.8537452069381,1004
2024-09-20 14:12:04.918000,429.846705205636,98
2024-09-20 14:12:04.947000,429.83539884456,1004
2024-09-20 14:12:05.098000,429.78077099564337,1000
2024-09-20 14:12:05.135000,429.7959473573121,15
2024-09-20 14:12:05.182000,429.78196150943927,1005
2024-09-20 14:12:05.370000,429.7792787728744,999
2024-09-20 14:12:05.417000,429.776314795809,999
2024-09-20 14:12:05.474000,429.8239508112304,11
2024-09-20 14:12:05.565000,429.8088099988501,14
2024-09-20 14:12:05.645000,429.80908532175965,100
2024-09-20 14:12:05.672000,429.8380506280073,100
2024-09-20 14:12:05.744000,429.79531240426826,998
2024-09-20 14:12:05.755000,429.8109512791858,97
2024-09-20 14:12:05.802000,429.83156201928927,97
2024-09-20 14:12:05.971000,429.7823814003959,105
2024-09-20 14:12:06.142000,429.87054414133456,8
2024-09-20 14:12:06.178000,429.7980023078336,6
2024-09-20 14:12:06.222000,429.8647787879682,7
2024-09-20 14:12:06.600000,429.8502330731976,7
2024-09-20 14:12:06.622000,429.7951355497902,12
2024-09-20 14:12:06.684000,429.8407885266993,9
2024-09-20 14:12:06.715000,429.8115469931906,96
2024-09-20 14:12:06.733000,429.88316255759855,998
2024-09-20 14:12:06.793000,429.8092033103793,98
2024-09-20 14:12:06.809000,429.8701160684973,7
2024-09-20 14:12:06.881000,429.8154410692882,999
2024-09-20 14:12:07.097000,429.84734369533874,995
2024-09-20 14:12:07.143000,429.8532791520712,15
2024-09-20 14:12:07.240000,429.8567129825892,7
2024-09-20 14:12:07.666000,429.8606191132973,98
2024-09-20 14:12:07.688000,429.8413360166523,99
2024-09-20 14:12:07.748000,429.8434703007382,997
2024-09-20 14:12:07.760000,429.85583755869874,97
2024-09-20 14:12:07.805000,429.8578933252478,98
2024-09-20 14:12:07.980000,429.84010083776815,5
2024-09-20 14:12:08.149000,429.8798788079838,101
2024-09-20 14:12:08.178000,429.90105205316297,1005
2024-09-20 14:12:08.279000,429.91875736545154,996
2024-09-20 14:12:08.317000,429.9008114762616,11
2024-09-20 14:12:08.367000,429.9029877301709,1005
2024-09-20 14:12:08.454000,429.8663555890236,7
2024-09-20 14:12:08.513000,429.8875567395601,1001
2024-09-20 14:12:08.760000,429.8740482224977,105
2024-09-20 14:12:09.064000,429.8417138712033,99
2024-09-20 14:12:09.114000,429.8704007169857,9
2024-09-20 14:12:09.244000,429.87464901514966,15
2024-09-20 14:12:09.288000,429.85597394785617,99
2024-09-20 14:12:09.303000,429.8659211885552,1003
2024-09-20 14:12:09.369000,429.8654477687419,103
2024-09-20 14:12:09.381000,429.8580741536081,14
2024-09-20 14:12:09.586000,429.8798631057285,100
2024-09-20 14:12:09.597000,429.8622226425777,996
2024-09-20 14:12:09.623000,429.8492028849069,14
2024-09-20 14:12:09.745000,429.8773548356567,5
2024-09-20 14:12:10.151000,429.8558621486558,13
2024-09-20 14:12:10.567000,429.8328076286728,1002
2024-09-20 14:12:10.639000,429.8546373132602,95
2024-09-20 14:12:11.002000,429.8136875243621,998
2024-09-20 14:12:11.056000,429.8803160590786,997
2024-09-20 14:12:11.082000,429.8604967538077,11
2024-09-20 14:12:11.190000,429.8447110666364,997
2024-09-20 14:12:11.289000,429.85157964923,15
2024-09-20 14:12:11.305000,429.8684603462583,997
2024-09-20 14:12:11.353000,429.8293001994807,999
2024-09-20 14:12:11.407000,429.8429656343913,102
2024-09-20 14:12:11.435000,429.8535049640277,995
2024-09-20 14:12:11.501000,429.8873662326601,6
2024-09-20 14:12:11.503000,429.884238015243,1002
2024-09-20 14:12:11.626000,429.86458706847577,97
2024-09-20 14:12:11.650000,429.87006859757616,9
2024-09-20 14:12:11.659000,429.88540355605824,995
2024-09-20 14:12:11.722000,429.8659110751376,10
2024-09-20 14:12:11.750000,429.82911606103335,8
2024-09-20 14:12:11.751000,429.83598793527614,96
2024-09-20 14:12:11.760000,429.8718754259075,10
2024-09-20 14:12:11.777000,429.8909236895109,101
2024-09-20 14:12:11.948000,429.8804599185844,96
2024-09-20 14:12:11.975000,429.8574352643763,105
2024-09-20 14:12:12.023000,429.8084761076692,6
2024-09-20 14:12:12.080000,429.79936636682936,1004
2024-09-20 14:12:12.274000,429.7587969759121,8
2024-09-20 14:12:12.315000,429.7890233980922,13
2024-09-20 14:12:12.328000,429.7832582589343,6
2024-09-20 14:12:12.357000,429.8412462689723,6
2024-09-20 14:12:12.444000,429.8034460598927,12
2024-09-20 14:12:12.496000,429.84465888312224,98
2024-09-20 14:12:12.508000,429.7797645953328,14
2024-09-20 14:12:12.553000,429.793717071504,1003
2024-09-20 14:12:12.591000,429.8285357277368,1005
2024-09-20 14:12:12.623000,429.7887200461994,11
2024-09-20 14:12:12.636000,429.7936228070576,13
2024-09-20 14:12:12.653000,429.77818855057546,13
2024-09-20 14:12:12.668000,429.8488452420043,95
2024-09-20 14:12:12.674000,429.79039158731337,96
2024-09-20 14:12:12.889000,429.788741122006,7
2024-09-20 14:12:12.914000,429.7698258478095,98
2024-09-20 14:12:13.098000,429.7774958252369,95
2024-09-20 14:12:13.480000,429.76887313748006,9
2024-09-20 14:12:13.552000,429.798022156474,97
2024-09-20 14:12:13.615000,429.78494024866393,103
2024-09-20 14:12:13.682000,429.7939390272997,10
2024-09-20 14:12:13.705000,429.7609261359272,15
2024-09-20 14:12:13.794000,429.7591424723144,14
2024-09-20 14:12:13.818000,429.79762755144174,1000
2024-09-20 14:12:13.881000,429.752405016534,102
2024-09-20 14:12:14.915000,429.7774891005701,1003
2024-09-20 14:12:15.087000,429.76359304616057,1002
2024-09-20 14:12:15.211000,429.7650199389458,105
2024-09-20 14:12:15.413000,429.7837610229013,1000
2024-09-20 14:12:15.515000,429.7674320837192,7
2024-09-20 14:12:15.657000,429.7749549392437,1003
2024-09-20 14:12:16.025000,429.8687985786447,1004
2024-09-20 14:12:16.078000,429.8020172302798,5
2024-09-20 14:12:16.163000,429.7892738017446,997
2024-09-20 14:12:16.168000,429.7650931775442,5
2024-09-20 14:12:16.307000,429.8215544187781,1003
2024-09-20 14:12:16.308000,429.8702156084322,101
2024-09-20 14:12:16.351000,429.8351802241465,997
2024-09-20 14:12:16.451000,429.8755203537539,103
2024-09-20 14:12:16.461000,429.8173482933772,104
2024-09-20 14:12:16.477000,429.8532242679591,96
2024-09-20 14:12:16.539000,429.8145493197529,98
2024-09-20 14:12:16.580000,429.815942034062,101
2024-09-20 14:12:16.752000,429.8644414014465,1001
2024-09-20 14:12:16.799000,429.87620865889306,9
2024-09-20 14:12:16.813000,429.8148576445879,11
2024-09-20 14:12:16.834000,429.8147289274445,105
2024-09-20 14:12:16.922000,429.8076077505823,95
2024-09-20 14:12:16.964000,429.7724516418152,97
2024-09-20 14:12:16.964000,429.7804716699591,997
2024-09-20 14:12:17.451000,429.8643129143424,1003
2024-09-20 14:12:17.475000,429.8816675061428,14
2024-09-20 14:12:17.529000,429.8937813620007,1005
2024-09-20 14:12:17.628000,429.8974065324549,100
2024-09-20 14:12:19.008000,429.8699988510292,5
2024-09-20 14:12:19.096000,429.9808798816136,10
2024-09-20 14:12:19.141000,429.9515016470326,95
2024-09-20 14:12:19.142000,429.8945810540498,7
2024-09-20 14:12:19.244000,429.98734684065664,14
2024-09-20 14:12:19.265000,429.8968829794958,1005
2024-09-20 14:12:19.291000,429.8795769353458,104
2024-09-20 14:12:19.296000,429.9448463462549,13
2024-09-20 14:12:19.328000,429.9807318711961,9
2024-09-20 14:12:19.462000,429.96848428241896,9
2024-09-20 14:12:19.469000,429.9748283728479,97
2024-09-20 14:12:19.517000,429.9452225544106,15
2024-09-20 14:12:19.518000,429.9547708112112,5
2024-09-20 14:12:19.542000,429.8964529757873,100
2024-09-20 14:12:19.614000,429.95345001413847,996
2024-09-20 14:12:19.624000,429.92603092710016,13
2024-09-20 14:12:19.627000,429.9195191646362,7
2024-09-20 14:12:19.646000,429.9240727208061,1005
2024-09-20 14:12:19.712000,429.9281921430056,99
2024-09-20 14:12:19.725000,429.88707005606943,8
2024-09-20 14:12:19.788000,429.9496959924886,12
2024-09-20 14:12:19.861000,429.9003854130253,1002
2024-09-20 14:12:19.934000,429.93692227233873,99
2024-09-20 14:12:19.943000,429.8988416530893,96
2024-09-20 14:12:19.954000,429.9838132751935,1005
2024-09-20 14:12:20.032000,429.92729459679526,14
2024-09-20 14:12:20.140000,429.9017309179732,1004
2024-09-20 14:12:20.202000,429.9104523783019,6
2024-09-20 14:12:20.226000,429.91011554031473,998
2024-09-20 14:12:20.343000,429.8822662797192,14
2024-09-20 14:12:20.358000,429.9117878972756,14
2024-09-20 14:12:20.393000,429.8809126864909,998
2024-09-20 14:12:20.437000,429.88515178006185,15
2024-09-20 14:12:20.525000,429.9209425815005,995
2024-09-20 14:12:20.592000,429.90935970936783,998
2024-09-20 14:12:20.611000,429.8858550852683,8
2024-09-20 14:12:20.649000,429.93703582317966,1005
2024-09-20 14:12:20.809000,429.9000076981313,5
2024-09-20 14:12:20.891000,429.9190461518276,9
2024-09-20 14:12:20.895000,429.8933587027501,105
2024-09-20 14:12:20.909000,429.9349838440307,96
2024-09-20 14:12:21.078000,429.8872626543987,14
2024-09-20 14:12:21.091000,429.9203027165741,97
2024-09-20 14:12:21.108000,429.8746864932381,11
2024-09-20 14:12:21.121000,429.8765010558082,996
2024-09-20 14:12:21.140000,429.9060913519982,1001
2024-09-20 14:12:21.168000,429.9095335646655,15
2024-09-20 14:12:21.224000,429.88028307205855,1002
2024-09-20 14:12:21.251000,429.9024977170786,1001
2024-09-20 14:12:21.253000,429.8931453260272,101
2024-09-20 14:12:21.344000,429.9087104636189,104
2024-09-20 14:12:21.370000,429.975834399132,1005
2024-09-20 14:12:21.437000,429.8952941160949,103
2024-09-20 14:12:21.477000,429.9075115028669,1003
2024-09-20 14:12:21.566000,429.987323867804,6
2024-09-20 14:12:21.568000,429.9293178083357,104
2024-09-20 14:12:21.570000,429.9884724880656,9
2024-09-20 14:12:21.571000,429.89241568660697,1005
2024-09-20 14:12:21.592000,429.9779555271845,1001
2024-09-20 14:12:21.645000,429.96964944207264,7
2024-09-20 14:12:21.688000,429.895632907056,1003
2024-09-20 14:12:21.877000,429.92357351298375,14
2024-09-20 14:12:22.009000,429.9890193449287,99
2024-09-20 14:12:22.013000,429.9900343734564,996
2024-09-20 14:12:22.312000,430.0190251803716,12
2024-09-20 14:12:22.330000,429.9840297758403,11
2024-09-20 14:12:22.347000,430.0397124928985,11
2024-09-20 14:12:22.355000,429.9970474994364,104
2024-09-20 14:12:22.369000,430.0255033627139,103
2024-09-20 14:12:22.404000,429.9862175001864,12
2024-09-20 14:12:22.408000,430.04789575106014,12
2024-09-20 14:12:22.416000,429.9841114616176,101
2024-09-20 14:12:22.451000,430.0343097224885,103
2024-09-20 14:12:22.456000,429.9922458864344,105
2024-09-20 14:12:22.458000,429.9839706460251,12
2024-09-20 14:12:22.508000,430.010883423157,104
2024-09-20 14:12:22.529000,430.02513852322704,10
2024-09-20 14:12:22.598000,430.0591384264477,1001
2024-09-20 14:12:22.673000,429.9931460702329,9
2024-09-20 14:12:22.677000,429.9826073529464,1004
2024-09-20 14:12:22.759000,429.98566451668927,95
2024-09-20 14:12:22.787000,430.029197969678,12
2024-09-20 14:12:22.849000,429.98942240307554,6
2024-09-20 14:12:22.897000,429.9960596793003,999
2024-09-20 14:12:22.914000,429.9929583162899,104
2024-09-20 14:12:22.926000,430.055321818426,995
2024-09-20 14:12:22.967000,430.0498582939255,98
2024-09-20 14:12:23.015000,430.0524689816968,998
2024-09-20 14:12:23.161000,430.0543890928092,8
2024-09-20 14:12:23.193000,430.07529906604526,6
2024-09-20 14:12:23.220000,430.0691423687012,1003
2024-09-20 14:12:23.238000,430.0563593472284,14
2024-09-20 14:12:23.268000,430.05139255886365,98
2024-09-20 14:12:23.384000,430.0797378380416,1002
2024-09-20 14:12:23.387000,430.0702148891969,11
2024-09-20 14:12:23.394000,430.0598313938691,100
2024-09-20 14:12:23.398000,430.0833800645584,6
2024-09-20 14:12:23.414000,430.04190767773554,98
2024-09-20 14:12:23.455000,430.07775179944593,1001
2024-09-20 14:12:23.506000,430.0647308983638,98
2024-09-20 14:12:23.552000,430.0984312489644,997
2024-09-20 14:12:23.563000,430.0377640430946,98
2024-09-20 14:12:23.576000,430.0829712926413,95
2024-09-20 14:12:23.601000,430.093408164123,1000
2024-09-20 14:12:23.607000,430.07274190658114,96
2024-09-20 14:12:23.623000,430.0932626113461,7
2024-09-20 14:12:23.646000,430.04789477374766,102
2024-09-20 14:12:23.648000,430.0577269990986,100
2024-09-20 14:12:23.661000,430.06357850635726,997
2024-09-20 14:12:23.753000,430.10780553428543,1001
2024-09-20 14:12:23.829000,430.0886585097724,6
2024-09-20 14:12:23.854000,430.0807287197194,11
2024-09-20 14:12:23.859000,430.0632662699264,8
2024-09-20 14:12:23.943000,430.09384794492206,100
2024-09-20 14:12:23.965000,430.1287769748843,1005
2024-09-20 14:12:23.990000,430.1220257212912,15
2024-09-20 14:12:23.998000,430.0698739890223,5
2024-09-20 14:12:24.110000,430.17290715242217,5
2024-09-20 14:12:24.152000,430.1681244478066,100
2024-09-20 14:12:24.202000,430.13546318089584,1000
2024-09-20 14:12:24.273000,430.1610360642801,1002
2024-09-20 14:12:24.338000,430.1810446584411,10
2024-09-20 14:12:24.381000,430.1319264530762,1005
2024-09-20 14:12:24.475000,430.1575309006119,1003
2024-09-20 14:12:24.534000,430.1623046706175,14
2024-09-20 14:12:24.701000,430.1264710742872,13
2024-09-20 14:12:24.732000,430.1644276389872,9
2024-09-20 14:12:24.761000,430.1211080867668,13
2024-09-20 14:12:24.864000,430.1668480235379,997
2024-09-20 14:12:24.936000,430.1614501180328,95
2024-09-20 14:12:24.996000,430.1778013909016,15
2024-09-20 14:12:25.328000,430.1706851657074,95
2024-09-20 14:12:26.033000,430.146177493779,1005
2024-09-20 14:12:26.037000,430.1627080710577,1000
2024-09-20 14:12:26.085000,430.1117640630925,12
2024-09-20 14:12:26.086000,430.1224945350952,98
2024-09-20 14:12:26.143000,430.130150696927,101
2024-09-20 14:12:26.161000,430.1388608112211,12
2024-09-20 14:12:26.165000,430.1219156925709,13
2024-09-20 14:12:26.179000,430.1567088905268,8
2024-09-20 14:12:26.295000,430.1204808451902,12
2024-09-20 14:12:26.320000,430.1427240079525,8
2024-09-20 14:12:26.412000,430.1389005426683,1001
2024-09-20 14:12:26.438000,430.14892971815846,13
2024-09-20 14:12:26.485000,430.146735897678,104
2024-09-20 14:12:26.524000,430.1635293803381,995
2024-09-20 14:12:26.645000,430.16890412459946,1000
2024-09-20 14:12:26.684000,430.15891371110615,97
2024-09-20 14:12:26.864000,430.14004558831806,13
2024-09-20 14:12:26.873000,430.1307477200212,1003
2024-09-20 14:12:26.878000,430.1568355725181,98
2024-09-20 14:12:26.912000,430.1232448606912,96
2024-09-20 14:12:27.001000,430.150172453299,105
2024-09-20 14:12:27.034000,430.1467882142025,995
2024-09-20 14:12:27.126000,430.2154733012485,12
2024-09-20 14:12:27.132000,430.149580296237,97
2024-09-20 14:12:27.156000,430.21254201827503,8
2024-09-20 14:12:27.184000,430.156085596575,6
2024-09-20 14:12:27.278000,430.1937805854519,1004
2024-09-20 14:12:27.282000,430.14890530531073,100
2024-09-20 14:12:27.310000,430.1949889747981,1005
2024-09-20 14:12:27.370000,430.16244985440505,999
2024-09-20 14:12:27.523000,430.1947722257767,7
2024-09-20 14:12:27.687000,430.1796943314303,98
2024-09-20 14:12:27.778000,430.167884817597,11
2024-09-20 14:12:28.255000,430.1635125418524,95
2024-09-20 14:12:28.282000,430.16715657070586,8
2024-09-20 14:12:28.329000,430.14322761692375,8
2024-09-20 14:12:28.439000,430.14370373410014,7
2024-09-20 14:12:28.526000,430.15937893249634,5
2024-09-20 14:12:28.930000,430.1806463660215,100
2024-09-20 14:12:28.991000,430.14640988753024,997
2024-09-20 14:12:28.999000,430.1660243124039,1001
2024-09-20 14:12:29.080000,430.1900193543788,999
2024-09-20 14:12:29.148000,430.1764521767639,995
2024-09-20 14:12:29.198000,430.1670510327995,998
2024-09-20 14:12:29.234000,430.19020321025147,98
2024-09-20 14:12:29.243000,430.127476606517,9
2024-09-20 14:12:29.282000,430.1276379460176,998
2024-09-20 14:12:29.304000,430.1993759633229,101
2024-09-20 14:12:29.335000,430.2023345947463,95
2024-09-20 14:12:29.370000,430.2004991492148,98
2024-09-20 14:12:29.389000,430.1960959498895,1001
2024-09-20 14:12:29.437000,430.20796412456986,103
2024-09-20 14:12:29.452000,430.2128854585861,104
2024-09-20 14:12:29.520000,430.1803866473336,8
2024-09-20 14:12:29.540000,430.21696988008233,103
2024-09-20 14:12:29.549000,430.1842987306308,14
2024-09-20 14:12:29.566000,430.16234093760016,13
2024-09-20 14:12:29.579000,430.1903533756693,95
2024-09-20 14:12:29.677000,430.1867255121301,1000
2024-09-20 14:12:29.700000,430.1768195579989,6
2024-09-20 14:12:29.754000,430.1250740568892,1003
2024-09-20 14:12:29.755000,430.1938478057139,11
2024-09-20 14:12:29.757000,430.2053259572565,98
2024-09-20 14:12:29.813000,430.1924068672869,998
2024-09-20 14:12:29.896000,430.21594526877846,5
2024-09-20 14:12:29.910000,430.197724479021,8
2024-09-20 14:12:30.040000,430.1833141585435,15
2024-09-20 14:12:30.135000,430.2162015392605,10
2024-09-20 14:12:30.147000,430.2185067059459,99
2024-09-20 14:12:30.149000,430.19003668669,101
2024-09-20 14:12:30.158000,430.2207500616959,11
2024-09-20 14:12:30.319000,430.1814373346282,98
2024-09-20 14:12:30.416000,430.191451348416,100
2024-09-20 14:12:30.447000,430.19412932131394,104
2024-09-20 14:12:30.548000,430.18402270668304,100
2024-09-20 14:12:30.580000,430.2072370388495,12
2024-09-20 14:12:30.763000,430.1887466736553,8
2024-09-20 14:12:30.865000,430.19057702268304,95
2024-09-20 14:12:31.109000,430.2217873645374,11
2024-09-20 14:12:31.170000,430.22571591346497,1004
2024-09-20 14:12:31.238000,430.2368468208735,1004
2024-09-20 14:12:31.361000,430.1764985530265,97
2024-09-20 14:12:31.370000,430.1712535295905,1003
2024-09-20 14:12:31.464000,430.1872267572254,97
2024-09-20 14:12:31.476000,430.2049431024524,1001
2024-09-20 14:12:31.585000,430.21335159222633,1000
2024-09-20 14:12:31.698000,430.1668595113389,100
2024-09-20 14:12:31.706000,430.23725294475753,10
2024-09-20 14:12:31.753000,430.19297955595135,101
2024-09-20 14:12:31.773000,430.17964262019103,1003
2024-09-20 14:12:31.788000,430.2158904608973,8
2024-09-20 14:12:31.855000,430.1682928563688,105
2024-09-20 14:12:31.863000,430.1640109586496,1005
2024-09-20 14:12:31.864000,430.2034909553052,104
2024-09-20 14:12:31.885000,430.1810623872863,104
2024-09-20 14:12:31.936000,430.22195480982776,5
2024-09-20 14:12:31.971000,430.1975716770845,1005
2024-09-20 14:12:32.050000,430.2544691297472,9
2024-09-20 14:12:32.055000,430.2386404693652,12
2024-09-20 14:12:32.203000,430.21390758681497,1001
2024-09-20 14:12:32.216000,430.256895274303,6
2024-09-20 14:12:32.282000,430.2485328194776,97
2024-09-20 14:12:32.334000,430.1748784230472,98
2024-09-20 14:12:32.361000,430.226022462876,997
2024-09-20 14:12:32.489000,430.18524768660006,998
2024-09-20 14:12:32.592000,430.2415751790608,104
2024-09-20 14:12:32.647000,430.24966678444105,1004
2024-09-20 14:12:32.766000,430.2343833385594,8
2024-09-20 14:12:32.781000,430.2328846881597,1001
2024-09-20 14:12:32.924000,430.23244374129945,5
2024-09-20 14:12:33.017000,430.1717655511072,97
2024-09-20 14:12:33.083000,430.16742240647153,996
2024-09-20 14:12:33.128000,430.1832683883149,1004
2024-09-20 14:12:33.326000,430.18513302194594,12
2024-09-20 14:12:33.459000,430.2097537582791,99
2024-09-20 14:12:33.696000,430.2058028325802,1005
2024-09-20 14:12:33.704000,430.2087981982696,11
2024-09-20 14:12:33.808000,430.2073181381499,6
2024-09-20 14:12:33.976000,430.1982293101528,103
2024-09-20 14:12:34,430.2673356319023,1003
2024-09-20 14:12:34.034000,430.2276427654997,8
2024-09-20 14:12:34.039000,430.2414410906455,105
2024-09-20 14:12:34.070000,430.2526942868856,103
2024-09-20 14:12:34.197000,430.2150233504226,1003
2024-09-20 14:12:34.397000,430.2303434665479,100
2024-09-20 14:12:34.407000,430.2331191087029,104
2024-09-20 14:12:34.446000,430.2444296135312,7
2024-09-20 14:12:34.459000,430.25942364926686,11
2024-09-20 14:12:34.471000,430.2126845396647,1005
2024-09-20 14:12:34.633000,430.2220814602057,1005
2024-09-20 14:12:34.635000,430.2145135518835,96
2024-09-20 14:12:34.745000,430.2386058961143,102
2024-09-20 14:12:34.753000,430.2067398075077,1003
2024-09-20 14:12:34.901000,430.2335752759705,5
2024-09-20 14:12:34.905000,430.2213183222416,96
2024-09-20 14:12:35.025000,430.2275395395395,7
2024-09-20 14:12:35.271000,430.1992398082252,12
2024-09-20 14:12:35.402000,430.20581447721366,12
2024-09-20 14:12:35.753000,430.21205272322334,7
2024-09-20 14:12:37.082000,430.2361631328749,15
2024-09-20 14:12:37.103000,430.2110184276885,15
2024-09-20 14:12:37.145000,430.213505620604,1004
2024-09-20 14:12:37.179000,430.16708878104185,8
2024-09-20 14:12:37.200000,430.1888544846157,7
2024-09-20 14:12:37.260000,430.19078391291424,1005
2024-09-20 14:12:37.325000,430.1983008519972,104
2024-09-20 14:12:37.358000,430.215726427346,998
2024-09-20 14:12:37.419000,430.2019234411076,8
2024-09-20 14:12:37.489000,430.20013773397096,99
2024-09-20 14:12:37.536000,430.2106450167838,12
2024-09-20 14:12:37.685000,430.2280350645245,15
2024-09-20 14:12:37.814000,430.176295060888,1003
2024-09-20 14:12:37.900000,430.2169800985238,12
2024-09-20 14:12:37.920000,430.2017948748716,995
2024-09-20 14:12:37.934000,430.2104840210976,102
2024-09-20 14:12:37.948000,430.1963495163761,998
2024-09-20 14:12:37.957000,430.1781258986232,102
2024-09-20 14:12:38.005000,430.2342950260895,13
2024-09-20 14:12:38.207000,430.1776767623381,100
2024-09-20 14:12:38.300000,430.2131399129891,12
2024-09-20 14:12:38.319000,430.2254240861578,1001
2024-09-20 14:12:38.432000,430.2110883323873,10
2024-09-20 14:12:38.435000,430.186813597144,104
2024-09-20 14:12:38.498000,430.1886059047557,996
2024-09-20 14:12:38.768000,430.2238365884645,1000
2024-09-20 14:12:38.833000,430.21991097482913,103
2024-09-20 14:12:38.893000,430.1769343468053,9
2024-09-20 14:12:38.982000,430.172436037016,6
2024-09-20 14:12:39.135000,430.0580064118431,15
2024-09-20 14:12:39.149000,430.0962451229949,1001
2024-09-20 14:12:39.292000,430.09831709397866,101
2024-09-20 14:12:39.311000,430.0642593224385,6
2024-09-20 14:12:39.328000,430.1069882602204,105
2024-09-20 14:12:39.365000,430.1122172231274,103
2024-09-20 14:12:39.370000,430.0735598311049,104
2024-09-20 14:12:39.380000,430.0903226064648,11
2024-09-20 14:12:39.402000,430.1068365878828,1000
2024-09-20 14:12:39.413000,430.1299766846631,1003
2024-09-20 14:12:39.503000,430.0760723358403,5
2024-09-20 14:12:39.591000,430.1558206416275,999
2024-09-20 14:12:39.610000,430.10710507211786,102
2024-09-20 14:12:39.665000,430.0983897521321,1005
2024-09-20 14:12:39.707000,430.15008539007584,9
2024-09-20 14:12:39.716000,430.08778298331447,101
2024-09-20 14:12:39.736000,430.1562986104107,5
2024-09-20 14:12:39.759000,430.0739441587621,997
2024-09-20 14:12:39.790000,430.0596007812279,1001
2024-09-20 14:12:39.824000,430.12313234140447,6
2024-09-20 14:12:39.880000,430.0885282344437,14
2024-09-20 14:12:39.935000,430.1167518375765,6
2024-09-20 14:12:39.977000,430.1607857424712,6
2024-09-20 14:12:39.988000,430.0843602011252,9
2024-09-20 14:12:40.092000,430.0827660699538,95
2024-09-20 14:12:40.239000,430.08426748129307,7
2024-09-20 14:12:40.414000,430.0780143175283,1001
2024-09-20 14:12:40.508000,430.0755968146685,96
2024-09-20 14:12:40.573000,430.090014277449,103
2024-09-20 14:12:40.938000,430.06934829623737,1002
2024-09-20 14:12:41.635000,430.0924247727536,12
2024-09-20 14:12:42.130000,430.1461626689041,103
2024-09-20 14:12:42.233000,430.1363117847134,5
2024-09-20 14:12:42.251000,430.1408647990431,104
2024-09-20 14:12:42.282000,430.1134000458952,1002
2024-09-20 14:12:42.300000,430.1121092473838,100
2024-09-20 14:12:42.316000,430.15206420987846,104
2024-09-20 14:12:42.322000,430.0619423915252,1005
2024-09-20 14:12:42.357000,430.1322350812394,102
2024-09-20 14:12:42.399000,430.1240285354401,995
2024-09-20 14:12:42.438000,430.1317358981127,6
2024-09-20 14:12:42.463000,430.1348783108133,998
2024-09-20 14:12:42.484000,430.0901718794677,100
2024-09-20 14:12:42.519000,430.12286049877895,8
2024-09-20 14:12:42.575000,430.0661357642137,98
2024-09-20 14:12:42.662000,430.1283113641644,99
2024-09-20 14:12:42.719000,430.14218379899415,15
2024-09-20 14:12:42.807000,430.08435991764446,102
2024-09-20 14:12:42.817000,430.1090815010705,1000
2024-09-20 14:12:42.943000,430.0851149308074,1000
2024-09-20 14:12:42.953000,430.13287190560754,11
2024-09-20 14:12:43.031000,430.1494043467647,999
2024-09-20 14:12:43.040000,430.17726350240514,6
2024-09-20 14:12:43.087000,430.1727893830551,13
2024-09-20 14:12:43.270000,430.1868005118177,7
2024-09-20 14:12:43.341000,430.1942409937266,995
2024-09-20 14:12:43.512000,430.1322743002379,995
2024-09-20 14:12:43.514000,430.20312559754063,99
2024-09-20 14:12:43.522000,430.2065453424607,102
2024-09-20 14:12:43.607000,430.1576446467488,7
2024-09-20 14:12:43.766000,430.1542162361028,95
2024-09-20 14:12:43.798000,430.17718416871975,101
2024-09-20 14:12:43.803000,430.1455022753647,1004
2024-09-20 14:12:43.830000,430.18503208320334,997
2024-09-20 14:12:43.969000,430.14209737106,11
2024-09-20 14:12:44.041000,430.0849797943148,995
2024-09-20 14:12:44.065000,430.1225913522406,97
2024-09-20 14:12:44.114000,430.11605846587946,96
2024-09-20 14:12:44.208000,430.0618355601201,99
2024-09-20 14:12:44.232000,430.0793291219723,9
2024-09-20 14:12:44.233000,430.0858801162559,997
2024-09-20 14:12:44.400000,430.0586265171065,98
2024-09-20 14:12:44.413000,430.0497745624087,98
2024-09-20 14:12:44.486000,430.075095675399,95
2024-09-20 14:12:44.502000,430.0493107531274,103
2024-09-20 14:12:44.504000,430.074220373113,7
2024-09-20 14:12:44.532000,430.0738050265694,97
2024-09-20 14:12:44.602000,430.0989988782189,101
2024-09-20 14:12:44.697000,430.0775393321778,995
2024-09-20 14:12:44.754000,430.1183845719174,996
2024-09-20 14:12:44.789000,430.0969208512768,95
2024-09-20 14:12:44.872000,430.053969763224,10
2024-09-20 14:12:44.881000,430.0343849472225,95
2024-09-20 14:12:45.176000,430.0007113395861,11
2024-09-20 14:12:45.201000,429.9834714252665,11
2024-09-20 14:12:45.301000,429.9961370512734,1003
2024-09-20 14:12:45.441000,430.02097415458,95
2024-09-20 14:12:45.446000,429.9825871619556,15
2024-09-20 14:12:45.624000,429.9904300254282,97
2024-09-20 14:12:45.761000,429.9774723214763,105
2024-09-20 14:12:45.813000,430.01609061784416,995
2024-09-20 14:12:45.847000,430.0086784493845,995
2024-09-20 14:12:45.946000,429.9908295895965,1003
2024-09-20 14:12:45.984000,429.99042805737633,1005
2024-09-20 14:12:46.188000,429.962074487791,9
2024-09-20 14:12:46.294000,429.9571521760844,98
2024-09-20 14:12:46.655000,429.9630965146052,1004
2024-09-20 14:12:46.901000,429.9636887866208,1004
2024-09-20 14:12:46.916000,429.9823983080473,11
2024-09-20 14:12:46.972000,429.9702451249934,11
2024-09-20 14:12:47.024000,429.9742696196675,9
2024-09-20 14:12:47.030000,429.9581207209462,1001
2024-09-20 14:12:47.085000,430.0011342070982,998
2024-09-20 14:12:47.363000,429.9800458146724,995
2024-09-20 14:12:47.481000,429.9853246021908,7
2024-09-20 14:12:47.519000,429.9707130581146,6
2024-09-20 14:12:47.560000,429.95252911450416,101
2024-09-20 14:12:47.592000,429.9769995125525,1000
2024-09-20 14:12:47.602000,430.0077356693947,105
2024-09-20 14:12:47.635000,430.0014539631651,104
2024-09-20 14:12:47.702000,429.96900170304383,9
2024-09-20 14:12:47.811000,429.97608761647655,104
2024-09-20 14:12:47.909000,429.9585296398017,12
2024-09-20 14:12:48.017000,430.0217168640564,7
2024-09-20 14:12:48.026000,430.0178732797666,1005
2024-09-20 14:12:48.045000,430.0295990042665,996
2024-09-20 14:12:48.046000,430.0416634066728,15
2024-09-20 14:12:48.093000,430.0241453010216,1003
2024-09-20 14:12:48.124000,430.0537393824711,1005
2024-09-20 14:12:48.208000,430.0538012477701,1000
2024-09-20 14:12:48.238000,430.0196772357899,99
2024-09-20 14:12:48.267000,430.0371255129981,1005
2024-09-20 14:12:48.277000,430.0442273680387,9
2024-09-20 14:12:48.383000,430.0436860500786,100
2024-09-20 14:12:48.399000,429.99593713380494,11
2024-09-20 14:12:48.409000,430.0099726306104,96
2024-09-20 14:12:48.425000,429.9940821172252,12
2024-09-20 14:12:48.435000,430.0478925665384,9
2024-09-20 14:12:48.451000,430.0466813186973,1003
2024-09-20 14:12:48.491000,430.0485947495419,11
2024-09-20 14:12:48.530000,430.0516922622092,1002
2024-09-20 14:12:48.550000,430.0456840191128,14
2024-09-20 14:12:48.553000,430.0394882603597,998
2024-09-20 14:12:48.564000,429.9597194306718,13
2024-09-20 14:12:48.573000,429.9952083378783,99
2024-09-20 14:12:48.586000,430.0387989796784,98
2024-09-20 14:12:48.616000,429.9685517888636,997
2024-09-20 14:12:48.680000,430.0642268489456,13
2024-09-20 14:12:48.738000,430.0050384463123,7
2024-09-20 14:12:48.772000,430.0056794952435,14
2024-09-20 14:12:48.777000,429.9713668972003,14
2024-09-20 14:12:48.935000,430.05532991239335,14
2024-09-20 14:12:48.963000,430.05117522213794,14
2024-09-20 14:12:49.002000,429.9831220353621,1002
2024-09-20 14:12:49.006000,429.9334952681997,12
2024-09-20 14:12:49.162000,429.97862797477705,5
2024-09-20 14:12:49.197000,429.9927835403944,1005
2024-09-20 14:12:49.212000,429.9372744713213,104
2024-09-20 14:12:49.250000,430.0000091948363,101
2024-09-20 14:12:49.298000,429.9700275086288,105
2024-09-20 14:12:49.344000,429.9977260233472,103
2024-09-20 14:12:49.344000,429.9981341980815,100
2024-09-20 14:12:49.564000,429.9508235939226,1001
2024-09-20 14:12:49.606000,429.9449713555055,9
2024-09-20 14:12:49.669000,430.01104184991584,15
2024-09-20 14:12:49.684000,430.0013808234215,13
2024-09-20 14:12:49.720000,429.9772013653578,1000
2024-09-20 14:12:49.853000,429.9734092413326,6
2024-09-20 14:12:49.869000,430.00112377202754,15
2024-09-20 14:12:49.870000,429.961729880432,996
2024-09-20 14:12:49.896000,429.9455269285737,95
2024-09-20 14:12:49.952000,430.0150547763687,995
2024-09-20 14:12:50.047000,429.9516919618315,96
2024-09-20 14:12:50.075000,429.9372031187481,996
2024-09-20 14:12:50.133000,429.9570145277057,104
2024-09-20 14:12:50.246000,429.9365367187828,996
2024-09-20 14:12:50.278000,429.9331089977233,11
2024-09-20 14:12:50.328000,429.9598617479173,11
2024-09-20 14:12:50.452000,429.9258640750695,96
2024-09-20 14:12:50.537000,429.9225739258965,98
2024-09-20 14:12:50.578000,429.9359329838301,9
2024-09-20 14:12:50.605000,429.9256455218982,95
2024-09-20 14:12:50.607000,429.9261171300587,1001
2024-09-20 14:12:50.782000,429.9494791209183,96
2024-09-20 14:12:50.869000,429.9387809389141,5
2024-09-20 14:12:50.884000,429.9575847349592,100
2024-09-20 14:12:50.893000,429.94930320546473,999
2024-09-20 14:12:51,429.98467305065657,13
2024-09-20 14:12:51.089000,430.0009633664091,104
2024-09-20 14:12:51.101000,429.9693262252581,101
2024-09-20 14:12:51.158000,429.9277704847088,995
2024-09-20 14:12:51.179000,429.9856182762171,102
2024-09-20 14:12:51.205000,430.0053074792205,10
2024-09-20 14:12:51.222000,429.9990954289106,995
2024-09-20 14:12:51.246000,429.9909857839008,998
2024-09-20 14:12:51.332000,430.010473093072,13
2024-09-20 14:12:51.377000,429.9943026819928,7
2024-09-20 14:12:51.383000,429.914213352483,96
2024-09-20 14:12:51.487000,429.9315246919539,1001
2024-09-20 14:12:51.487000,429.9930844467463,7
2024-09-20 14:12:51.591000,429.9940834652662,102
2024-09-20 14:12:51.594000,429.93750122175857,999
2024-09-20 14:12:51.672000,429.9356838352837,999
2024-09-20 14:12:51.734000,429.9887751491089,5
2024-09-20 14:12:51.755000,429.9771112980397,98
2024-09-20 14:12:51.789000,429.990277191371,1001
2024-09-20 14:12:51.822000,429.9288254962497,100
2024-09-20 14:12:51.826000,429.9992175638732,102
2024-09-20 14:12:51.826000,429.99121417917866,9
2024-09-20 14:12:51.841000,429.93830267250985,6
2024-09-20 14:12:51.874000,429.9988572461484,15
2024-09-20 14:12:51.875000,429.9819895647382,7
2024-09-20 14:12:51.886000,430.01773956186696,998
2024-09-20 14:12:51.891000,429.9647014322768,1004
2024-09-20 14:12:51.919000,429.9980467282459,995
2024-09-20 14:12:51.992000,429.93579450201713,995
2024-09-20 14:12:52.019000,430.0280562472846,997
2024-09-20 14:12:52.070000,429.9931816902042,9
2024-09-20 14:12:52.117000,430.03517174384274,98
2024-09-20 14:12:52.265000,430.00912817398967,100
2024-09-20 14:12:52.296000,430.0068228723504,13
2024-09-20 14:12:52.317000,430.0264863068505,98
2024-09-20 14:12:52.601000,429.9865165408194,5
2024-09-20 14:12:52.857000,430.0152271173578,13
2024-09-20 14:12:53.113000,430.0757528700682,999
2024-09-20 14:12:53.190000,430.133447312992,1004
2024-09-20 14:12:53.295000,430.058632496057,1005
2024-09-20 14:12:53.295000,430.0480129991906,1003
2024-09-20 14:12:53.409000,430.0546025556797,102
2024-09-20 14:12:53.536000,430.0384373200294,11
2024-09-20 14:12:53.581000,430.04070748087867,13
2024-09-20 14:12:53.596000,430.0600786776135,103
2024-09-20 14:12:53.736000,430.0703823216262,6
2024-09-20 14:12:53.807000,430.03607758554665,997
2024-09-20 14:12:53.874000,430.05678220367525,15
2024-09-20 14:12:53.942000,430.05058740730846,14
2024-09-20 14:12:53.947000,430.0660345778942,104
2024-09-20 14:12:53.978000,430.0623524868326,999
2024-09-20 14:12:53.979000,430.064881197285,1002
2024-09-20 14:12:54.024000,430.04233703345153,1000
2024-09-20 14:12:54.084000,430.0991258199608,5
2024-09-20 14:12:54.159000,430.0886151279298,9
2024-09-20 14:12:54.365000,430.02106754805607,95
2024-09-20 14:12:54.403000,430.0799848185816,998
2024-09-20 14:12:54.443000,430.0097244157728,100
2024-09-20 14:12:54.461000,430.0231186673439,104
2024-09-20 14:12:54.496000,430.0093660497814,15
2024-09-20 14:12:54.509000,430.096778727758,999
2024-09-20 14:12:54.563000,430.05568979439965,95
2024-09-20 14:12:54.571000,430.0571762359281,104
2024-09-20 14:12:54.610000,430.02676587739103,13
2024-09-20 14:12:54.612000,430.1248019711179,9
2024-09-20 14:12:54.615000,429.99731092672187,998
2024-09-20 14:12:54.676000,430.0925793798632,5
2024-09-20 14:12:54.716000,430.0355465807632,7
2024-09-20 14:12:54.812000,430.0847708498167,995
2024-09-20 14:12:54.844000,430.0279997197288,12
2024-09-20 14:12:54.967000,429.99832311453287,998
2024-09-20 14:12:54.992000,430.0143898207903,96
2024-09-20 14:12:55.713000,430.06115431463854,999
2024-09-20 14:12:55.738000,430.0359931897896,1005
2024-09-20 14:12:55.813000,430.05516209113824,1005
2024-09-20 14:12:55.854000,430.0457763634431,97
2024-09-20 14:12:56.139000,430.0693217609184,1001
2024-09-20 14:12:56.333000,430.0939060986065,96
2024-09-20 14:12:56.413000,430.1059130236642,95
2024-09-20 14:12:56.471000,430.0581966921461,12
2024-09-20 14:12:56.605000,430.053556698736,9
2024-09-20 14:12:56.665000,430.08864133791377,12
2024-09-20 14:12:56.684000,430.10891768642153,999
2024-09-20 14:12:56.722000,430.1178597813338,1003
2024-09-20 14:12:56.988000,430.0834520995184,1005
2024-09-20 14:12:57.038000,430.1071946270168,101
2024-09-20 14:12:57.109000,430.1133934876542,995
2024-09-20 14:12:57.353000,430.1307070222618,1001
2024-09-20 14:12:57.438000,430.1199371271871,103
2024-09-20 14:12:57.540000,430.0923376748239,100
2024-09-20 14:12:57.780000,430.1078558573664,15
2024-09-20 14:12:57.956000,430.120165361921,997
2024-09-20 14:12:58.010000,430.1377813412951,996
2024-09-20 14:12:58.072000,430.1796229363284,11
2024-09-20 14:12:58.077000,430.19083061091015,101
2024-09-20 14:12:58.112000,430.1746131592756,5
2024-09-20 14:12:58.282000,430.15229517069486,6
2024-09-20 14:12:58.330000,430.15129404943497,997
2024-09-20 14:12:58.396000,430.1451226648164,13
2024-09-20 14:12:58.424000,430.1575551015536,999
2024-09-20 14:12:58.464000,430.12815095096335,996
2024-09-20 14:12:58.469000,430.15885167917526,104
2024-09-20 14:12:58.503000,430.1890771775312,100
2024-09-20 14:12:58.511000,430.1388536747917,12
2024-09-20 14:12:58.566000,430.152301026023,1000
2024-09-20 14:12:58.579000,430.1628927213724,100
2024-09-20 14:12:58.643000,430.1718550811132,97
2024-09-20 14:12:58.650000,430.1502005589449,5
2024-09-20 14:12:58.657000,430.1413907987045,15
2024-09-20 14:12:58.762000,430.1280337886648,102
2024-09-20 14:12:58.791000,430.15202202566064,998
2024-09-20 14:12:58.792000,430.1721882594216,10
2024-09-20 14:12:58.796000,430.15270644289023,100
2024-09-20 14:12:58.812000,430.143783524556,1005
2024-09-20 14:12:58.813000,430.1543442164266,1000
2024-09-20 14:12:58.835000,430.1513784507347,14
2024-09-20 14:12:58.891000,430.1610323005622,13
2024-09-20 14:12:58.896000,430.1449178129208,99
2024-09-20 14:12:58.917000,430.17685558880737,101
2024-09-20 14:12:59.044000,430.1195426020733,95
2024-09-20 14:12:59.054000,430.184483623229,101
2024-09-20 14:12:59.170000,430.19130496164087,102
2024-09-20 14:12:59.431000,430.111857367134,996
2024-09-20 14:12:59.469000,430.1066849804925,1002
2024-09-20 14:12:59.484000,430.1635263851985,8
2024-09-20 14:12:59.499000,430.1462640380776,999
2024-09-20 14:12:59.568000,430.1293998642881,102
2024-09-20 14:12:59.660000,430.117728496568,99
2024-09-20 14:12:59.815000,430.1121075235169,1000
2024-09-20 14:12:59.961000,430.1169290648318,13
2024-09-20 14:12:59.969000,430.1638792964672,5
2024-09-20 14:12:59.994000,430.13539726384965,96
