Timestamp,Price,Size
2024-09-16 12:40:00.045000,416.4907819581608,103
2024-09-16 12:40:00.065000,416.502056033613,96
2024-09-16 12:40:00.217000,416.5099432862616,998
2024-09-16 12:40:00.267000,416.4939550847032,103
2024-09-16 12:40:00.340000,416.4784455330069,105
2024-09-16 12:40:00.502000,416.502058023228,99
2024-09-16 12:40:00.510000,416.49534724391975,100
2024-09-16 12:40:00.536000,416.50344029700176,96
2024-09-16 12:40:00.559000,416.4795719637221,100
2024-09-16 12:40:00.578000,416.4965172847648,1004
2024-09-16 12:40:00.696000,416.4716797588766,12
2024-09-16 12:40:00.699000,416.505469081298,103
2024-09-16 12:40:00.725000,416.4900204357901,1002
2024-09-16 12:40:00.735000,416.5054493162878,1000
2024-09-16 12:40:00.786000,416.49196745646776,7
2024-09-16 12:40:00.924000,416.4956674697803,1000
2024-09-16 12:40:01.034000,416.4887018824588,101
2024-09-16 12:40:01.155000,416.49435295164335,999
2024-09-16 12:40:01.355000,416.51775779369785,9
2024-09-16 12:40:01.703000,416.5063948004752,100
2024-09-16 12:40:01.873000,416.503952446105,15
2024-09-16 12:40:02.461000,416.4959558508283,5
2024-09-16 12:40:03.022000,416.490182716975,1000
2024-09-16 12:40:03.094000,416.5549815011625,104
2024-09-16 12:40:03.210000,416.4924568547301,11
2024-09-16 12:40:03.266000,416.52963648649575,1005
2024-09-16 12:40:03.314000,416.582008875258,105
2024-09-16 12:40:03.365000,416.558853125827,8
2024-09-16 12:40:03.415000,416.4898163714316,1005
2024-09-16 12:40:03.428000,416.5020176948123,998
2024-09-16 12:40:03.430000,416.49915649971024,95
2024-09-16 12:40:03.457000,416.6021262818388,1001
2024-09-16 12:40:03.482000,416.49091775973136,100
2024-09-16 12:40:03.734000,416.5238196911758,9
2024-09-16 12:40:03.836000,416.48728880015295,9
2024-09-16 12:40:03.981000,416.4933028219384,7
2024-09-16 12:40:03.993000,416.4909944884316,101
2024-09-16 12:40:04.112000,416.5848670723251,105
2024-09-16 12:40:04.243000,416.5932501221904,14
2024-09-16 12:40:04.440000,416.5954441525271,5
2024-09-16 12:40:04.445000,416.5966310828924,1005
2024-09-16 12:40:05.119000,416.5457281996034,1005
2024-09-16 12:40:05.130000,416.5661212446294,98
2024-09-16 12:40:05.203000,416.5620766622473,13
2024-09-16 12:40:05.352000,416.5404805268116,14
2024-09-16 12:40:05.400000,416.5788322331426,100
2024-09-16 12:40:05.533000,416.5953238098597,1005
2024-09-16 12:40:05.697000,416.5639663472894,1002
2024-09-16 12:40:05.704000,416.54397527294304,15
2024-09-16 12:40:05.723000,416.5462619030425,95
2024-09-16 12:40:05.750000,416.58078171054274,105
2024-09-16 12:40:05.836000,416.572490774123,97
2024-09-16 12:40:05.906000,416.5732586410236,1002
2024-09-16 12:40:06.065000,416.550991139902,105
2024-09-16 12:40:06.120000,416.554761660527,96
2024-09-16 12:40:06.122000,416.5321186245664,7
2024-09-16 12:40:06.124000,416.5396597151591,1004
2024-09-16 12:40:06.142000,416.5319638815116,8
2024-09-16 12:40:06.153000,416.548861731482,14
2024-09-16 12:40:06.249000,416.57342604927175,104
2024-09-16 12:40:06.261000,416.5554544855888,95
2024-09-16 12:40:06.400000,416.5735353889817,97
2024-09-16 12:40:06.455000,416.52953744746486,998
2024-09-16 12:40:06.457000,416.5375009862929,1002
2024-09-16 12:40:06.524000,416.5384252481267,1000
2024-09-16 12:40:06.777000,416.5505358262918,100
2024-09-16 12:40:06.788000,416.5509590295155,7
2024-09-16 12:40:06.905000,416.5427130012568,105
2024-09-16 12:40:06.912000,416.5480206113797,1002
2024-09-16 12:40:06.967000,416.5854201037976,14
2024-09-16 12:40:07.448000,416.596513590629,995
2024-09-16 12:40:07.788000,416.5809178416878,98
2024-09-16 12:40:07.855000,416.5720477114827,15
2024-09-16 12:40:07.879000,416.5709406173304,995
2024-09-16 12:40:07.879000,416.579858975666,102
2024-09-16 12:40:08.103000,416.60309019589147,7
2024-09-16 12:40:08.231000,416.5920100390243,105
2024-09-16 12:40:08.254000,416.6185075515818,1005
2024-09-16 12:40:08.343000,416.6022221674522,104
2024-09-16 12:40:08.386000,416.59533262884605,1004
2024-09-16 12:40:08.491000,416.5950640012624,96
2024-09-16 12:40:08.565000,416.6142344302908,95
2024-09-16 12:40:08.571000,416.6034005079306,998
2024-09-16 12:40:09,416.6542691276426,14
2024-09-16 12:40:09.023000,416.64032570187067,997
2024-09-16 12:40:09.028000,416.64932870061546,96
2024-09-16 12:40:09.067000,416.62987107767714,103
2024-09-16 12:40:09.153000,416.64624480267,14
2024-09-16 12:40:09.205000,416.6533888180853,104
2024-09-16 12:40:09.407000,416.6643423594005,103
2024-09-16 12:40:09.486000,416.63925755743776,1001
2024-09-16 12:40:09.514000,416.6566618974662,102
2024-09-16 12:40:09.525000,416.6517758894538,1001
2024-09-16 12:40:09.553000,416.6685419045931,8
2024-09-16 12:40:09.586000,416.637683440191,1005
2024-09-16 12:40:09.698000,416.6401116969011,5
2024-09-16 12:40:09.741000,416.6324524117719,12
2024-09-16 12:40:09.748000,416.6333204959673,998
2024-09-16 12:40:09.754000,416.63663250472337,100
2024-09-16 12:40:09.829000,416.6430470708035,104
2024-09-16 12:40:09.834000,416.6532194270175,1000
2024-09-16 12:40:09.907000,416.6345605861079,14
2024-09-16 12:40:09.948000,416.6497103713087,95
2024-09-16 12:40:09.951000,416.6521396258629,96
2024-09-16 12:40:09.972000,416.6395993131282,10
2024-09-16 12:40:10.034000,416.6854505640642,995
2024-09-16 12:40:10.057000,416.7125417884858,1004
2024-09-16 12:40:10.172000,416.7174127135177,96
2024-09-16 12:40:10.205000,416.6501262149836,5
2024-09-16 12:40:10.276000,416.7150096413073,11
2024-09-16 12:40:10.344000,416.7024506819516,7
2024-09-16 12:40:10.370000,416.7007805144945,13
2024-09-16 12:40:10.404000,416.6924875945526,12
2024-09-16 12:40:10.469000,416.6391605928698,1001
2024-09-16 12:40:10.548000,416.6990080337139,102
2024-09-16 12:40:10.588000,416.6678897246654,9
2024-09-16 12:40:10.794000,416.7020071615526,1003
2024-09-16 12:40:10.852000,416.7056408246961,13
2024-09-16 12:40:10.919000,416.6576428273055,6
2024-09-16 12:40:10.924000,416.6873396886523,13
2024-09-16 12:40:11.001000,416.7416768934168,995
2024-09-16 12:40:11.029000,416.726265123811,1005
2024-09-16 12:40:11.114000,416.7171076809712,105
2024-09-16 12:40:11.124000,416.7023332463804,95
2024-09-16 12:40:11.140000,416.6851805355692,1001
2024-09-16 12:40:11.242000,416.7465562068377,98
2024-09-16 12:40:11.248000,416.6986332970329,15
2024-09-16 12:40:11.336000,416.716782902448,997
2024-09-16 12:40:11.349000,416.72336562041727,10
2024-09-16 12:40:11.370000,416.7450518709544,104
2024-09-16 12:40:11.383000,416.7338808277392,11
2024-09-16 12:40:11.405000,416.713623867612,7
2024-09-16 12:40:11.417000,416.687248357804,103
2024-09-16 12:40:11.490000,416.7289345724336,96
2024-09-16 12:40:11.634000,416.6723363946483,9
2024-09-16 12:40:11.654000,416.6816518844212,12
2024-09-16 12:40:11.738000,416.7336586866882,996
2024-09-16 12:40:11.763000,416.7071470738815,15
2024-09-16 12:40:11.849000,416.71178398852976,995
2024-09-16 12:40:11.864000,416.6856058729044,996
2024-09-16 12:40:11.894000,416.6763460792444,104
2024-09-16 12:40:11.897000,416.7052133679203,6
2024-09-16 12:40:11.898000,416.7054412396826,1000
2024-09-16 12:40:11.928000,416.6749528916627,12
2024-09-16 12:40:11.974000,416.72177833317977,98
2024-09-16 12:40:12.089000,416.65670603571937,14
2024-09-16 12:40:12.148000,416.6623162600068,5
2024-09-16 12:40:12.253000,416.6482198170099,105
2024-09-16 12:40:12.438000,416.6757030686269,14
2024-09-16 12:40:12.501000,416.6601036752432,1005
2024-09-16 12:40:12.650000,416.6653252642882,999
2024-09-16 12:40:12.714000,416.66916833048674,97
2024-09-16 12:40:12.745000,416.654574914059,5
2024-09-16 12:40:13.166000,416.6496501630784,99
2024-09-16 12:40:13.191000,416.6210228090617,14
2024-09-16 12:40:13.422000,416.6275749312903,10
2024-09-16 12:40:13.589000,416.6352201361137,8
2024-09-16 12:40:13.605000,416.6372600932031,1002
2024-09-16 12:40:13.614000,416.60409437706727,9
2024-09-16 12:40:13.861000,416.64694690096695,999
2024-09-16 12:40:14.040000,416.5858133460139,1003
2024-09-16 12:40:14.077000,416.6097777905792,103
2024-09-16 12:40:14.089000,416.5769066061712,9
2024-09-16 12:40:14.115000,416.5914853813099,97
2024-09-16 12:40:14.173000,416.587000772664,13
2024-09-16 12:40:14.189000,416.5622307498177,97
2024-09-16 12:40:14.205000,416.5686025774394,998
2024-09-16 12:40:14.229000,416.5891787473452,104
2024-09-16 12:40:14.236000,416.5965718494844,996
2024-09-16 12:40:14.350000,416.5823625587586,6
2024-09-16 12:40:14.480000,416.5901552019587,15
2024-09-16 12:40:14.482000,416.5645666899521,995
2024-09-16 12:40:14.561000,416.5977360833797,104
2024-09-16 12:40:14.566000,416.6169534907693,997
2024-09-16 12:40:14.588000,416.6076932762136,1002
2024-09-16 12:40:14.609000,416.5957716052488,12
2024-09-16 12:40:14.627000,416.5913342688729,11
2024-09-16 12:40:14.629000,416.5633182455858,8
2024-09-16 12:40:14.638000,416.57642044422965,100
2024-09-16 12:40:14.642000,416.5871480254092,5
2024-09-16 12:40:14.932000,416.576878415003,8
2024-09-16 12:40:14.937000,416.5874428317196,1005
2024-09-16 12:40:14.942000,416.5783777794776,5
2024-09-16 12:40:14.944000,416.6261275138374,101
2024-09-16 12:40:14.988000,416.5900821994581,995
2024-09-16 12:40:14.991000,416.579771130495,1001
2024-09-16 12:40:15.041000,416.5656427863849,97
2024-09-16 12:40:15.073000,416.5477838357207,995
2024-09-16 12:40:15.155000,416.5759445682969,996
2024-09-16 12:40:15.268000,416.4880681435845,5
2024-09-16 12:40:15.774000,416.5709695374268,15
2024-09-16 12:40:15.819000,416.53794049634325,102
2024-09-16 12:40:15.853000,416.4979999506778,102
2024-09-16 12:40:15.859000,416.5217483813626,100
2024-09-16 12:40:16.017000,416.5666639242448,1004
2024-09-16 12:40:16.080000,416.53506550608233,15
2024-09-16 12:40:16.103000,416.5139450793856,96
2024-09-16 12:40:16.217000,416.5203619274107,104
2024-09-16 12:40:16.233000,416.55517000665327,7
2024-09-16 12:40:16.248000,416.53563172916654,101
2024-09-16 12:40:16.261000,416.547822625926,1001
2024-09-16 12:40:16.482000,416.5469257338597,10
2024-09-16 12:40:16.503000,416.52580169195545,998
2024-09-16 12:40:16.523000,416.541444416646,998
2024-09-16 12:40:16.690000,416.5361141050059,100
2024-09-16 12:40:16.750000,416.506595806991,11
2024-09-16 12:40:16.769000,416.5159605199453,102
2024-09-16 12:40:16.812000,416.5178945291431,100
2024-09-16 12:40:16.916000,416.50787249090337,95
2024-09-16 12:40:16.971000,416.51744170439065,10
2024-09-16 12:40:17.005000,416.55952863471794,995
2024-09-16 12:40:17.041000,416.52265608568536,96
2024-09-16 12:40:17.084000,416.5184250011732,5
2024-09-16 12:40:17.090000,416.49539331076176,1004
2024-09-16 12:40:17.110000,416.5199581624522,15
2024-09-16 12:40:17.171000,416.560592597976,104
2024-09-16 12:40:17.178000,416.4946760931086,1002
2024-09-16 12:40:17.377000,416.54229911137634,999
2024-09-16 12:40:17.399000,416.5205777978964,102
2024-09-16 12:40:17.466000,416.56984072002336,101
2024-09-16 12:40:17.476000,416.5686588324349,105
2024-09-16 12:40:17.495000,416.5667647292655,9
2024-09-16 12:40:17.506000,416.5729193475139,7
2024-09-16 12:40:17.518000,416.58345170727335,6
2024-09-16 12:40:17.542000,416.55955468063183,96
2024-09-16 12:40:17.565000,416.5182637961553,99
2024-09-16 12:40:17.600000,416.5106010979506,105
2024-09-16 12:40:17.772000,416.5262794582096,1004
2024-09-16 12:40:17.867000,416.52603719817495,13
2024-09-16 12:40:17.880000,416.5611444402492,8
2024-09-16 12:40:17.914000,416.5061991043232,1003
2024-09-16 12:40:18.019000,416.5824952137002,999
2024-09-16 12:40:18.055000,416.512254077739,6
2024-09-16 12:40:18.063000,416.5259477848059,15
2024-09-16 12:40:18.107000,416.59909064765264,101
2024-09-16 12:40:18.121000,416.5400718660011,995
2024-09-16 12:40:18.162000,416.4953461731701,100
2024-09-16 12:40:18.213000,416.5684557311954,96
2024-09-16 12:40:18.222000,416.5636743046058,996
2024-09-16 12:40:18.308000,416.5318785311223,103
2024-09-16 12:40:18.323000,416.5762773950564,9
2024-09-16 12:40:18.323000,416.5208189105671,9
2024-09-16 12:40:18.349000,416.4965442142501,11
2024-09-16 12:40:18.411000,416.5057166381053,95
2024-09-16 12:40:18.423000,416.5839763498957,998
2024-09-16 12:40:18.442000,416.5712395579547,6
2024-09-16 12:40:18.443000,416.5498015401938,14
2024-09-16 12:40:18.463000,416.5138460254591,1001
2024-09-16 12:40:18.583000,416.5466097345469,99
2024-09-16 12:40:18.666000,416.5350235504013,96
2024-09-16 12:40:18.717000,416.529412189386,96
2024-09-16 12:40:18.719000,416.5875669519245,99
2024-09-16 12:40:18.721000,416.5553403794431,1005
2024-09-16 12:40:18.721000,416.5356720606041,100
2024-09-16 12:40:18.745000,416.5624799378521,996
2024-09-16 12:40:18.818000,416.5298740170179,5
2024-09-16 12:40:18.864000,416.508139476103,5
2024-09-16 12:40:18.902000,416.5119423981765,98
2024-09-16 12:40:18.956000,416.5103182415099,11
2024-09-16 12:40:18.999000,416.4899721525859,1001
2024-09-16 12:40:19.019000,416.5646357615977,103
2024-09-16 12:40:19.050000,416.6263312848564,1004
2024-09-16 12:40:19.079000,416.6168146296654,6
2024-09-16 12:40:19.122000,416.6705708659083,1000
2024-09-16 12:40:19.157000,416.6709520521159,97
2024-09-16 12:40:19.163000,416.7044716923602,96
2024-09-16 12:40:19.177000,416.719194574716,1004
2024-09-16 12:40:19.212000,416.64966570534193,1002
2024-09-16 12:40:19.224000,416.6973648109315,1000
2024-09-16 12:40:19.270000,416.6113800531878,96
2024-09-16 12:40:19.279000,416.7040996196706,6
2024-09-16 12:40:19.318000,416.65823379660895,12
2024-09-16 12:40:19.331000,416.6278253735693,14
2024-09-16 12:40:19.400000,416.6214092064325,100
2024-09-16 12:40:19.434000,416.67647984176807,99
2024-09-16 12:40:19.459000,416.67225415196185,997
2024-09-16 12:40:19.503000,416.6538134661693,5
2024-09-16 12:40:19.601000,416.6578016552439,1004
2024-09-16 12:40:19.680000,416.7051140067047,1004
2024-09-16 12:40:19.681000,416.5848017111245,1002
2024-09-16 12:40:19.703000,416.6995761152823,7
2024-09-16 12:40:19.731000,416.6184903097787,105
2024-09-16 12:40:19.811000,416.69643097690704,14
2024-09-16 12:40:19.839000,416.63131429902296,14
2024-09-16 12:40:19.886000,416.62768584566425,997
2024-09-16 12:40:19.907000,416.5526415364114,996
2024-09-16 12:40:19.997000,416.6066074107365,7
2024-09-16 12:40:20.042000,416.6746117840245,99
2024-09-16 12:40:20.065000,416.6948640401477,1000
2024-09-16 12:40:20.108000,416.6644786017106,997
2024-09-16 12:40:20.206000,416.6887580405676,997
2024-09-16 12:40:20.259000,416.65819894537583,100
2024-09-16 12:40:20.279000,416.7437081110392,1003
2024-09-16 12:40:20.312000,416.6907951069547,103
2024-09-16 12:40:20.331000,416.7629103975878,1004
2024-09-16 12:40:20.357000,416.6795364030828,104
2024-09-16 12:40:20.367000,416.6842312918988,14
2024-09-16 12:40:20.388000,416.6862440124512,14
2024-09-16 12:40:20.405000,416.75607973746287,10
2024-09-16 12:40:20.474000,416.76562275211006,1005
2024-09-16 12:40:20.614000,416.7382688113004,14
2024-09-16 12:40:20.626000,416.7555623508463,12
2024-09-16 12:40:20.648000,416.74511631529936,104
2024-09-16 12:40:20.655000,416.73973560260094,11
2024-09-16 12:40:20.674000,416.74869240684586,102
2024-09-16 12:40:20.794000,416.69095901503294,7
2024-09-16 12:40:20.804000,416.6987764162746,105
2024-09-16 12:40:20.865000,416.7498109290004,99
2024-09-16 12:40:20.869000,416.7153989525644,998
2024-09-16 12:40:20.964000,416.7421327620454,996
2024-09-16 12:40:20.978000,416.6620848370097,14
2024-09-16 12:40:20.999000,416.70118231747927,5
2024-09-16 12:40:21.340000,416.7455502475072,1003
2024-09-16 12:40:21.431000,416.7240877198267,995
2024-09-16 12:40:21.498000,416.764175289429,15
2024-09-16 12:40:21.645000,416.7356552797473,101
2024-09-16 12:40:21.781000,416.7434482855701,1005
2024-09-16 12:40:22.046000,416.7891134516199,998
2024-09-16 12:40:22.103000,416.76495148918815,1004
2024-09-16 12:40:22.166000,416.7549221228544,1003
2024-09-16 12:40:22.185000,416.75087285527513,15
2024-09-16 12:40:22.220000,416.7675746157397,1004
2024-09-16 12:40:22.275000,416.7451429632759,998
2024-09-16 12:40:22.415000,416.7656025380141,5
2024-09-16 12:40:22.417000,416.7643704366152,997
2024-09-16 12:40:22.661000,416.7453220505564,96
2024-09-16 12:40:22.737000,416.7423366050379,12
2024-09-16 12:40:22.762000,416.7833725532974,8
2024-09-16 12:40:22.835000,416.7582256910692,97
2024-09-16 12:40:22.995000,416.7596809515717,1002
2024-09-16 12:40:23.081000,416.88565362334106,13
2024-09-16 12:40:23.150000,416.7763970948213,14
2024-09-16 12:40:23.235000,416.871282326988,101
2024-09-16 12:40:23.276000,416.75936279528247,1002
2024-09-16 12:40:23.336000,416.8977882145248,7
2024-09-16 12:40:23.392000,416.9010422268656,100
2024-09-16 12:40:23.507000,416.8560851655228,9
2024-09-16 12:40:23.597000,416.76594548114457,10
2024-09-16 12:40:23.603000,416.87522604956376,996
2024-09-16 12:40:23.656000,416.80431679698535,1000
2024-09-16 12:40:23.657000,416.7648654905145,8
2024-09-16 12:40:23.680000,416.7697487705579,1005
2024-09-16 12:40:23.732000,416.86803909784334,98
2024-09-16 12:40:23.760000,416.7627036922776,101
2024-09-16 12:40:23.827000,416.86958190664,12
2024-09-16 12:40:23.953000,416.794292062008,996
2024-09-16 12:40:23.956000,416.8356800651318,997
2024-09-16 12:40:23.967000,416.7939969846341,998
2024-09-16 12:40:23.971000,416.7841991481134,104
2024-09-16 12:40:23.995000,416.8497074260521,998
2024-09-16 12:40:23.998000,416.8692552602671,9
2024-09-16 12:40:24.075000,416.9399904684064,97
2024-09-16 12:40:24.139000,416.90374787610807,104
2024-09-16 12:40:24.168000,416.9248434076717,105
2024-09-16 12:40:24.217000,416.9265888040547,105
2024-09-16 12:40:24.235000,416.954231037117,1005
2024-09-16 12:40:24.237000,416.9498946986288,9
2024-09-16 12:40:24.376000,416.938180359941,13
2024-09-16 12:40:24.384000,416.9299344840496,1000
2024-09-16 12:40:24.465000,416.91730815827367,998
2024-09-16 12:40:24.542000,416.92801644576673,11
2024-09-16 12:40:24.543000,416.91348004324544,13
2024-09-16 12:40:24.597000,416.9250846042957,1002
2024-09-16 12:40:24.664000,416.9077251348549,995
2024-09-16 12:40:24.719000,416.9096521640917,1005
2024-09-16 12:40:24.721000,416.9415259007023,1004
2024-09-16 12:40:24.732000,416.93081258665785,1000
2024-09-16 12:40:24.811000,416.92342975303,5
2024-09-16 12:40:24.844000,416.9300256796215,101
2024-09-16 12:40:24.845000,416.9129557750524,101
2024-09-16 12:40:24.870000,416.9293648350662,14
2024-09-16 12:40:24.936000,416.9165218567617,7
2024-09-16 12:40:25.068000,417.02859513304753,1002
2024-09-16 12:40:25.414000,416.95844704298,997
2024-09-16 12:40:25.576000,416.9732347852308,10
2024-09-16 12:40:25.773000,416.9943993039026,996
2024-09-16 12:40:25.970000,416.967273873142,97
2024-09-16 12:40:26.031000,417.01046126205887,12
2024-09-16 12:40:26.068000,417.0457016518024,999
2024-09-16 12:40:26.141000,416.99808652175614,998
2024-09-16 12:40:26.155000,416.99801096654926,996
2024-09-16 12:40:26.169000,417.0081911392156,11
2024-09-16 12:40:26.262000,417.0545934990906,1001
2024-09-16 12:40:26.338000,417.0398197807053,14
2024-09-16 12:40:26.348000,417.08779829024246,14
2024-09-16 12:40:26.363000,417.0199109798758,8
2024-09-16 12:40:26.428000,417.0476824066848,99
2024-09-16 12:40:26.429000,417.080321197322,101
2024-09-16 12:40:26.522000,417.0297642800217,1003
2024-09-16 12:40:26.528000,417.03492998278784,1003
2024-09-16 12:40:26.602000,417.01973830419615,96
2024-09-16 12:40:26.607000,417.05832230748047,1002
2024-09-16 12:40:26.619000,417.04430639695374,1000
2024-09-16 12:40:26.750000,417.04361041254447,1004
2024-09-16 12:40:26.795000,417.0681647594777,102
2024-09-16 12:40:26.873000,417.0312621950599,998
2024-09-16 12:40:26.915000,417.0095865634974,1004
2024-09-16 12:40:26.924000,417.0498615993685,98
2024-09-16 12:40:26.951000,417.0359066306909,997
2024-09-16 12:40:26.952000,416.9955958584568,11
2024-09-16 12:40:26.970000,417.0658216305227,95
2024-09-16 12:40:26.983000,417.069924780279,97
2024-09-16 12:40:27.301000,417.0816492514157,104
2024-09-16 12:40:27.442000,417.0950942246234,95
2024-09-16 12:40:27.501000,417.1102657002302,105
2024-09-16 12:40:27.598000,417.0691967656842,102
2024-09-16 12:40:27.664000,417.0745554063793,8
2024-09-16 12:40:27.844000,417.09925322973567,102
2024-09-16 12:40:28.030000,417.125383827362,103
2024-09-16 12:40:28.149000,417.12395786436446,998
2024-09-16 12:40:28.207000,417.1600324800276,1003
2024-09-16 12:40:28.216000,417.17788954336726,995
2024-09-16 12:40:28.226000,417.1798102592739,105
2024-09-16 12:40:28.325000,417.1396789284938,996
2024-09-16 12:40:28.507000,417.1555793387186,97
2024-09-16 12:40:28.543000,417.1690537768344,995
2024-09-16 12:40:28.866000,417.1842242333992,101
2024-09-16 12:40:28.928000,417.14725050948897,997
2024-09-16 12:40:28.976000,417.1847326174829,999
2024-09-16 12:40:29.658000,417.20948006548855,997
2024-09-16 12:40:29.898000,417.20411171941015,998
2024-09-16 12:40:30.039000,417.2067573391644,8
2024-09-16 12:40:30.174000,417.1106109760606,8
2024-09-16 12:40:30.416000,417.0737521583894,999
2024-09-16 12:40:30.466000,417.2092740540488,999
2024-09-16 12:40:30.553000,417.1234191052996,100
2024-09-16 12:40:30.560000,417.1863705756908,1004
2024-09-16 12:40:30.591000,417.1676449827495,998
2024-09-16 12:40:30.635000,417.1869737332592,8
2024-09-16 12:40:30.694000,417.164915658195,99
2024-09-16 12:40:30.862000,417.2034602135226,1003
2024-09-16 12:40:30.875000,417.15043923698175,998
2024-09-16 12:40:30.921000,417.2115285339803,5
2024-09-16 12:40:30.974000,417.12081461304734,1000
2024-09-16 12:40:31.051000,417.071179358004,1004
2024-09-16 12:40:31.053000,417.1128998507938,15
2024-09-16 12:40:31.149000,417.0705247138929,995
2024-09-16 12:40:31.175000,417.0667972919436,96
2024-09-16 12:40:31.186000,417.0627740197021,100
2024-09-16 12:40:31.216000,417.09926820453336,97
2024-09-16 12:40:31.311000,417.0707951747,98
2024-09-16 12:40:31.366000,417.1026120993324,1004
2024-09-16 12:40:31.367000,417.09486799279927,14
2024-09-16 12:40:31.395000,417.084754469651,9
2024-09-16 12:40:31.488000,417.0734772146983,95
2024-09-16 12:40:31.504000,417.09159151940014,97
2024-09-16 12:40:31.526000,417.059172020575,101
2024-09-16 12:40:31.588000,417.0571619835122,998
2024-09-16 12:40:31.650000,417.1077629324647,105
2024-09-16 12:40:31.673000,417.06489436609246,102
2024-09-16 12:40:31.735000,417.1092190261061,13
2024-09-16 12:40:31.876000,417.0966444672316,98
2024-09-16 12:40:31.959000,417.1039734908439,995
2024-09-16 12:40:31.979000,417.10626787072135,100
2024-09-16 12:40:32.086000,417.1088727132317,97
2024-09-16 12:40:32.105000,417.1557382326092,996
2024-09-16 12:40:32.178000,417.07962137418247,99
2024-09-16 12:40:32.292000,417.13152667841706,998
2024-09-16 12:40:32.355000,417.156646051997,1003
2024-09-16 12:40:32.490000,417.1229590284456,99
2024-09-16 12:40:32.507000,417.1219825672152,105
2024-09-16 12:40:32.511000,417.1705801574477,10
2024-09-16 12:40:32.632000,417.09978726554175,1002
2024-09-16 12:40:32.668000,417.098192542417,5
2024-09-16 12:40:32.736000,417.07370490750793,102
2024-09-16 12:40:32.801000,417.0987171552152,99
2024-09-16 12:40:32.802000,417.09704200933817,103
2024-09-16 12:40:32.844000,417.1294814325297,13
2024-09-16 12:40:32.915000,417.1349595398014,100
2024-09-16 12:40:32.944000,417.1552977185054,1005
2024-09-16 12:40:32.987000,417.1145672019155,103
2024-09-16 12:40:33.009000,417.11198971529694,995
2024-09-16 12:40:33.084000,417.0742218828908,13
2024-09-16 12:40:33.099000,417.0926014984371,1000
2024-09-16 12:40:33.145000,417.09780311192,97
2024-09-16 12:40:33.164000,417.10122823458494,13
2024-09-16 12:40:33.283000,417.07090741585546,1001
2024-09-16 12:40:33.468000,417.0813110397317,1003
2024-09-16 12:40:33.487000,417.119904248054,13
2024-09-16 12:40:33.521000,417.11511913227486,8
2024-09-16 12:40:33.555000,417.1164750750258,996
2024-09-16 12:40:33.576000,417.079831375642,97
2024-09-16 12:40:33.632000,417.08285035085953,996
2024-09-16 12:40:33.682000,417.07660489311536,96
2024-09-16 12:40:33.748000,417.108249651032,8
2024-09-16 12:40:33.768000,417.11418064150814,995
2024-09-16 12:40:33.774000,417.0988298465105,10
2024-09-16 12:40:33.821000,417.0917232153042,1001
2024-09-16 12:40:33.827000,417.110134952205,96
2024-09-16 12:40:33.832000,417.11564421767457,7
2024-09-16 12:40:33.881000,417.1172961579565,101
2024-09-16 12:40:33.943000,417.1119467500225,103
2024-09-16 12:40:33.986000,417.1349564225489,96
2024-09-16 12:40:34.022000,417.1601620628206,9
2024-09-16 12:40:34.150000,417.133291709347,98
2024-09-16 12:40:34.267000,417.1502234272268,102
2024-09-16 12:40:34.396000,417.1317889389378,9
2024-09-16 12:40:34.505000,417.1121447217652,101
2024-09-16 12:40:34.538000,417.1175412479375,8
2024-09-16 12:40:34.559000,417.1655141129022,1000
2024-09-16 12:40:34.561000,417.1611499816004,1003
2024-09-16 12:40:34.653000,417.1230571835434,14
2024-09-16 12:40:34.725000,417.1343292705922,5
2024-09-16 12:40:34.796000,417.1291646498556,995
2024-09-16 12:40:34.832000,417.1547858325301,999
2024-09-16 12:40:34.844000,417.134949691176,997
2024-09-16 12:40:34.874000,417.1314804531193,1002
2024-09-16 12:40:35.164000,417.134969246639,1000
2024-09-16 12:40:35.255000,417.1123424711535,9
2024-09-16 12:40:35.420000,417.14518788850194,100
2024-09-16 12:40:35.479000,417.1466786654549,11
2024-09-16 12:40:35.763000,417.1481103253472,96
2024-09-16 12:40:35.827000,417.1156514415528,1001
2024-09-16 12:40:36.152000,417.1179019492549,101
2024-09-16 12:40:36.299000,417.1155261956428,105
2024-09-16 12:40:36.620000,417.1450642557176,1004
2024-09-16 12:40:36.715000,417.1494840113707,1003
2024-09-16 12:40:36.836000,417.1302141300016,997
2024-09-16 12:40:36.914000,417.1161197644614,998
2024-09-16 12:40:37.010000,417.1375144634531,105
2024-09-16 12:40:37.036000,417.0991974121845,7
2024-09-16 12:40:37.130000,417.1459015523885,13
2024-09-16 12:40:37.183000,417.14947978694136,100
2024-09-16 12:40:37.279000,417.1313043403405,13
2024-09-16 12:40:37.324000,417.12100685246975,14
2024-09-16 12:40:37.401000,417.1299610880458,97
2024-09-16 12:40:37.525000,417.1055175681749,101
2024-09-16 12:40:37.544000,417.1420887027671,7
2024-09-16 12:40:37.593000,417.1117424887032,995
2024-09-16 12:40:37.628000,417.1311572694271,8
2024-09-16 12:40:37.739000,417.1194160063774,11
2024-09-16 12:40:37.828000,417.1255987372616,12
2024-09-16 12:40:37.855000,417.121585134688,99
2024-09-16 12:40:37.881000,417.1054585488998,5
2024-09-16 12:40:37.962000,417.13800950685663,9
2024-09-16 12:40:37.983000,417.11748946919033,998
2024-09-16 12:40:38.019000,417.1529650885334,11
2024-09-16 12:40:38.069000,417.15885592807297,1005
2024-09-16 12:40:38.093000,417.0970213575087,99
2024-09-16 12:40:38.187000,417.1095197249874,8
2024-09-16 12:40:38.213000,417.13462022058775,1001
2024-09-16 12:40:38.273000,417.1414944796668,105
2024-09-16 12:40:38.302000,417.157938513228,97
2024-09-16 12:40:38.317000,417.1556653441265,104
2024-09-16 12:40:38.333000,417.1103776143924,97
2024-09-16 12:40:38.389000,417.1259169584389,104
2024-09-16 12:40:38.401000,417.1228457867711,7
2024-09-16 12:40:38.428000,417.117108662802,104
2024-09-16 12:40:38.492000,417.1318523769281,998
2024-09-16 12:40:38.501000,417.13235570575966,102
2024-09-16 12:40:38.536000,417.1231265967472,1003
2024-09-16 12:40:38.569000,417.163836347096,95
2024-09-16 12:40:38.635000,417.1242778576401,1005
2024-09-16 12:40:38.636000,417.1265365574877,1000
2024-09-16 12:40:38.641000,417.0950303610048,13
2024-09-16 12:40:38.745000,417.1583452019276,1001
2024-09-16 12:40:38.786000,417.1236468760427,1003
2024-09-16 12:40:38.862000,417.1575854228826,11
2024-09-16 12:40:39.247000,417.1418689370976,1005
2024-09-16 12:40:39.249000,417.1545907657151,1003
2024-09-16 12:40:39.290000,417.1397826521514,997
2024-09-16 12:40:39.342000,417.137655987572,1002
2024-09-16 12:40:39.348000,417.1520099758044,100
2024-09-16 12:40:39.408000,417.1571726487297,97
2024-09-16 12:40:39.448000,417.1380026116845,15
2024-09-16 12:40:39.550000,417.1529300059032,8
2024-09-16 12:40:39.642000,417.1499145350633,1002
2024-09-16 12:40:39.786000,417.1477938475864,15
2024-09-16 12:40:39.814000,417.1686688088445,99
2024-09-16 12:40:39.921000,417.14193487132167,15
2024-09-16 12:40:40.104000,417.1958587508209,1003
2024-09-16 12:40:40.106000,417.18487106008,1001
2024-09-16 12:40:40.153000,417.1876505829085,6
2024-09-16 12:40:40.186000,417.17918526732535,12
2024-09-16 12:40:40.189000,417.1560113123807,14
2024-09-16 12:40:40.242000,417.1530762567154,997
2024-09-16 12:40:40.396000,417.16470114174206,96
2024-09-16 12:40:40.407000,417.1869125185511,14
2024-09-16 12:40:40.428000,417.1568980742406,12
2024-09-16 12:40:40.471000,417.1789667330159,96
2024-09-16 12:40:40.481000,417.1636321142976,97
2024-09-16 12:40:40.518000,417.1787385244874,7
2024-09-16 12:40:40.525000,417.15658414581696,100
2024-09-16 12:40:40.535000,417.1642984769796,13
2024-09-16 12:40:40.742000,417.19609725509446,104
2024-09-16 12:40:40.829000,417.1587066727646,1002
2024-09-16 12:40:40.843000,417.1687498385412,9
2024-09-16 12:40:40.862000,417.1701969546232,10
2024-09-16 12:40:40.868000,417.1549413956649,102
2024-09-16 12:40:40.931000,417.147811031205,99
2024-09-16 12:40:41.032000,417.2145285030458,1003
2024-09-16 12:40:41.129000,417.2136372975838,102
2024-09-16 12:40:41.166000,417.2218766670297,6
2024-09-16 12:40:41.171000,417.22507342770905,11
2024-09-16 12:40:41.319000,417.1974261655618,97
2024-09-16 12:40:41.366000,417.2130700724352,6
2024-09-16 12:40:41.839000,417.1976863773086,97
2024-09-16 12:40:41.882000,417.2085283687908,97
2024-09-16 12:40:42.049000,417.2339219399684,100
2024-09-16 12:40:42.213000,417.2178651797324,100
2024-09-16 12:40:42.284000,417.22215499100304,96
2024-09-16 12:40:42.375000,417.2337633804124,999
2024-09-16 12:40:42.479000,417.2442325767372,5
2024-09-16 12:40:42.613000,417.2332187851212,14
2024-09-16 12:40:42.625000,417.23172146586006,99
2024-09-16 12:40:42.814000,417.2370726707634,1005
2024-09-16 12:40:42.909000,417.2251079844308,103
2024-09-16 12:40:43.030000,417.1972917359264,1000
2024-09-16 12:40:43.035000,417.2550211502092,5
2024-09-16 12:40:43.039000,417.2206020087333,1002
2024-09-16 12:40:43.085000,417.21356934483214,99
2024-09-16 12:40:43.085000,417.2108880802522,15
2024-09-16 12:40:43.164000,417.2692817493728,1001
2024-09-16 12:40:43.260000,417.2694936773663,104
2024-09-16 12:40:43.454000,417.2631066670408,1001
2024-09-16 12:40:43.485000,417.2453089443995,95
2024-09-16 12:40:43.517000,417.2454721642784,998
2024-09-16 12:40:43.526000,417.2066832889965,15
2024-09-16 12:40:43.586000,417.25143282324217,98
2024-09-16 12:40:43.606000,417.23508674149167,1004
2024-09-16 12:40:43.659000,417.25046228791024,11
2024-09-16 12:40:43.670000,417.23119830694304,10
2024-09-16 12:40:43.689000,417.2439811083204,98
2024-09-16 12:40:43.802000,417.2464346431694,1003
2024-09-16 12:40:43.953000,417.2186010792384,95
2024-09-16 12:40:44.084000,417.2449632207127,1000
2024-09-16 12:40:44.093000,417.23402133234026,1003
2024-09-16 12:40:44.097000,417.2320089730235,995
2024-09-16 12:40:44.133000,417.2206889979853,14
2024-09-16 12:40:44.244000,417.2390289394263,105
2024-09-16 12:40:44.254000,417.25096321940254,1000
2024-09-16 12:40:44.293000,417.2437468264845,1005
2024-09-16 12:40:44.334000,417.2478120124279,13
2024-09-16 12:40:44.370000,417.23307749359645,997
2024-09-16 12:40:44.381000,417.2360858058656,103
2024-09-16 12:40:44.546000,417.2378973411318,996
2024-09-16 12:40:44.611000,417.2225461292589,13
2024-09-16 12:40:44.633000,417.2394296506092,14
2024-09-16 12:40:44.679000,417.2511374954297,104
2024-09-16 12:40:44.716000,417.22255669882463,12
2024-09-16 12:40:44.739000,417.2206522439435,10
2024-09-16 12:40:44.746000,417.2450697737784,6
2024-09-16 12:40:44.763000,417.2334383308637,100
2024-09-16 12:40:44.781000,417.2349992726498,6
2024-09-16 12:40:44.823000,417.2236419380109,1005
2024-09-16 12:40:44.826000,417.226577456848,1000
2024-09-16 12:40:45.014000,417.2288224038307,999
2024-09-16 12:40:45.082000,417.1932022366133,104
2024-09-16 12:40:45.163000,417.2294646091031,14
2024-09-16 12:40:45.202000,417.21755107579855,14
2024-09-16 12:40:45.213000,417.194759333941,1002
2024-09-16 12:40:45.284000,417.255201181224,7
2024-09-16 12:40:45.322000,417.2361721300892,100
2024-09-16 12:40:45.376000,417.2153893585831,997
2024-09-16 12:40:45.392000,417.22996371534265,999
2024-09-16 12:40:45.404000,417.1815400287717,103
2024-09-16 12:40:45.409000,417.2069953251933,14
2024-09-16 12:40:45.620000,417.1983509148167,95
2024-09-16 12:40:45.646000,417.2181041139555,1002
2024-09-16 12:40:45.786000,417.2202191896896,10
2024-09-16 12:40:45.788000,417.1655407689562,14
2024-09-16 12:40:45.793000,417.17312857164495,1001
2024-09-16 12:40:45.803000,417.2207282533632,6
2024-09-16 12:40:45.836000,417.2225312989997,1000
2024-09-16 12:40:45.850000,417.2156531358864,105
2024-09-16 12:40:45.864000,417.1884522441718,9
2024-09-16 12:40:45.915000,417.2314635538002,8
2024-09-16 12:40:45.954000,417.2390593369308,96
2024-09-16 12:40:45.973000,417.1839452423026,1003
2024-09-16 12:40:45.993000,417.2194664442768,8
2024-09-16 12:40:45.995000,417.21769325699535,95
2024-09-16 12:40:46.119000,417.17594935030513,1001
2024-09-16 12:40:46.177000,417.1994949824772,99
2024-09-16 12:40:46.362000,417.17342801410695,100
2024-09-16 12:40:46.401000,417.1963592930774,1004
2024-09-16 12:40:46.447000,417.1765374124637,105
2024-09-16 12:40:46.521000,417.2042597329488,104
2024-09-16 12:40:46.527000,417.17857769536346,101
2024-09-16 12:40:46.645000,417.1868591298058,101
2024-09-16 12:40:47.160000,417.1791829750177,15
2024-09-16 12:40:47.211000,417.1963622908091,1000
2024-09-16 12:40:47.214000,417.1732299536349,996
2024-09-16 12:40:47.298000,417.2017013418042,7
2024-09-16 12:40:47.345000,417.18548549556834,1000
2024-09-16 12:40:47.366000,417.1675212739807,1001
2024-09-16 12:40:47.439000,417.1814122845842,95
2024-09-16 12:40:47.866000,417.20413510747886,9
2024-09-16 12:40:47.887000,417.1600823607701,105
2024-09-16 12:40:47.891000,417.1834131365868,1001
2024-09-16 12:40:47.897000,417.1803754286804,7
2024-09-16 12:40:47.937000,417.19141518262313,13
2024-09-16 12:40:47.956000,417.16685343012966,100
2024-09-16 12:40:47.980000,417.2049251560429,100
2024-09-16 12:40:48.013000,417.24962244986807,6
2024-09-16 12:40:48.036000,417.2061296392903,8
2024-09-16 12:40:48.106000,417.2011874503599,9
2024-09-16 12:40:48.244000,417.1836825417902,1000
2024-09-16 12:40:48.290000,417.2105034827306,104
2024-09-16 12:40:48.298000,417.1960238370114,11
2024-09-16 12:40:48.371000,417.2411020555946,103
2024-09-16 12:40:48.472000,417.19289853264576,14
2024-09-16 12:40:48.539000,417.2031456415495,8
2024-09-16 12:40:48.561000,417.2014853195555,998
2024-09-16 12:40:48.575000,417.1894187411717,15
2024-09-16 12:40:48.582000,417.1825135110709,97
2024-09-16 12:40:48.715000,417.2094954170853,997
2024-09-16 12:40:48.790000,417.2287718521689,1003
2024-09-16 12:40:48.820000,417.2492721322304,103
2024-09-16 12:40:48.836000,417.24939136204137,999
2024-09-16 12:40:48.921000,417.19117323234815,103
2024-09-16 12:40:48.938000,417.2294630630099,96
2024-09-16 12:40:49.844000,417.1986057226607,103
2024-09-16 12:40:50.018000,417.2789355618982,14
2024-09-16 12:40:50.077000,417.2527242195311,9
2024-09-16 12:40:50.085000,417.31957557078414,996
2024-09-16 12:40:50.128000,417.32273044467865,103
2024-09-16 12:40:50.216000,417.27660220927527,995
2024-09-16 12:40:50.231000,417.25897521140695,15
2024-09-16 12:40:50.323000,417.2325307798823,100
2024-09-16 12:40:50.415000,417.2782656491468,103
2024-09-16 12:40:50.460000,417.2365560155685,13
2024-09-16 12:40:50.523000,417.3087315028689,995
2024-09-16 12:40:50.526000,417.3437218777565,96
2024-09-16 12:40:50.537000,417.2835432079592,6
2024-09-16 12:40:50.547000,417.30305537218646,13
2024-09-16 12:40:50.549000,417.31593856858746,105
2024-09-16 12:40:50.558000,417.23941295738456,1003
2024-09-16 12:40:50.574000,417.2534216467944,995
2024-09-16 12:40:50.628000,417.247897817504,101
2024-09-16 12:40:50.671000,417.27657076165457,998
2024-09-16 12:40:50.710000,417.330785408032,8
2024-09-16 12:40:50.804000,417.2987051148241,10
2024-09-16 12:40:50.851000,417.3295172111834,999
2024-09-16 12:40:50.913000,417.2624586885373,996
2024-09-16 12:40:50.970000,417.3327642530772,1003
2024-09-16 12:40:50.977000,417.33022103020727,99
2024-09-16 12:40:51.010000,417.3564658273896,11
2024-09-16 12:40:51.025000,417.344972881588,996
2024-09-16 12:40:51.178000,417.3710229985708,97
2024-09-16 12:40:51.225000,417.34062414162514,101
2024-09-16 12:40:51.358000,417.3538320653,96
2024-09-16 12:40:51.439000,417.3647587701607,995
2024-09-16 12:40:51.485000,417.3825059189729,12
2024-09-16 12:40:51.505000,417.3873882988794,100
2024-09-16 12:40:51.514000,417.3673411000361,1005
2024-09-16 12:40:51.724000,417.34597658600313,96
2024-09-16 12:40:51.828000,417.36714224185033,10
2024-09-16 12:40:51.970000,417.3572045127871,96
2024-09-16 12:40:53.052000,417.291958341543,104
2024-09-16 12:40:53.223000,417.2989323564021,104
2024-09-16 12:40:53.269000,417.3174535184908,995
2024-09-16 12:40:53.322000,417.3990171734766,98
2024-09-16 12:40:53.381000,417.3593330404101,8
2024-09-16 12:40:53.431000,417.2954866198205,99
2024-09-16 12:40:53.489000,417.3936520786898,9
2024-09-16 12:40:53.529000,417.3255106195613,13
2024-09-16 12:40:53.578000,417.3568176029543,996
2024-09-16 12:40:53.590000,417.2883843046354,1001
2024-09-16 12:40:53.618000,417.3490420704391,14
2024-09-16 12:40:53.630000,417.2916224784517,105
2024-09-16 12:40:53.725000,417.2729355334957,97
2024-09-16 12:40:53.733000,417.301509669092,96
2024-09-16 12:40:53.836000,417.2771748200369,1003
2024-09-16 12:40:53.857000,417.34835528973866,997
2024-09-16 12:40:53.861000,417.3669630289958,9
2024-09-16 12:40:53.973000,417.30699194071735,15
2024-09-16 12:40:54.026000,417.3092300018847,99
2024-09-16 12:40:54.041000,417.2743097540233,1003
2024-09-16 12:40:54.066000,417.29014730758433,1004
2024-09-16 12:40:54.095000,417.2826966350157,101
2024-09-16 12:40:54.117000,417.2747313996637,104
2024-09-16 12:40:54.134000,417.3123875685182,11
2024-09-16 12:40:54.211000,417.2590748551044,100
2024-09-16 12:40:54.220000,417.30313894057525,101
2024-09-16 12:40:54.243000,417.27592329841536,999
2024-09-16 12:40:54.255000,417.3273886318096,105
2024-09-16 12:40:54.364000,417.2687600429044,7
2024-09-16 12:40:54.387000,417.24750823813145,100
2024-09-16 12:40:54.424000,417.2913806571739,11
2024-09-16 12:40:54.494000,417.2998987818153,13
2024-09-16 12:40:54.508000,417.2887047167227,95
2024-09-16 12:40:54.531000,417.28353666315934,97
2024-09-16 12:40:54.711000,417.2875318499624,105
2024-09-16 12:40:54.752000,417.26495368123307,1004
2024-09-16 12:40:54.754000,417.286718169526,998
2024-09-16 12:40:54.831000,417.2826317683369,15
2024-09-16 12:40:54.858000,417.2626068410602,100
2024-09-16 12:40:54.866000,417.277124306514,96
2024-09-16 12:40:54.946000,417.2640054022252,11
2024-09-16 12:40:54.965000,417.25780777819216,95
2024-09-16 12:40:55.430000,417.3461228655737,14
2024-09-16 12:40:56.158000,417.31760852176336,1002
2024-09-16 12:40:57.228000,417.3399078274444,103
2024-09-16 12:40:57.258000,417.3295303460003,7
2024-09-16 12:40:57.468000,417.329108760207,102
2024-09-16 12:40:57.656000,417.3219791466675,10
2024-09-16 12:40:57.941000,417.3163032346115,5
2024-09-16 12:40:58.681000,417.3459194131468,1000
2024-09-16 12:40:59,417.3777135634831,1000
2024-09-16 12:40:59.048000,417.3577437779516,10
2024-09-16 12:40:59.063000,417.3666150453931,98
2024-09-16 12:40:59.087000,417.37878221739726,8
2024-09-16 12:40:59.134000,417.3902175254607,12
2024-09-16 12:40:59.168000,417.3233001881568,996
2024-09-16 12:40:59.215000,417.3824489807275,12
2024-09-16 12:40:59.222000,417.3412567357325,100
2024-09-16 12:40:59.258000,417.3368002490456,1004
2024-09-16 12:40:59.298000,417.3099345622198,999
2024-09-16 12:40:59.383000,417.35591041122257,8
2024-09-16 12:40:59.390000,417.386733436917,105
2024-09-16 12:40:59.397000,417.3751827549688,1001
2024-09-16 12:40:59.429000,417.3585665008205,5
2024-09-16 12:40:59.461000,417.3158659000821,15
2024-09-16 12:40:59.484000,417.3658299196071,996
2024-09-16 12:40:59.520000,417.39582176499465,999
2024-09-16 12:40:59.523000,417.3267106450013,1005
2024-09-16 12:40:59.570000,417.3181710352205,10
2024-09-16 12:40:59.614000,417.33585292975175,1004
2024-09-16 12:40:59.627000,417.3854242154807,97
2024-09-16 12:40:59.641000,417.37977516557294,104
2024-09-16 12:40:59.724000,417.3615210484399,105
2024-09-16 12:40:59.742000,417.3738313097826,1004
2024-09-16 12:40:59.790000,417.3527765295684,998
2024-09-16 12:40:59.819000,417.3918893150813,1005
2024-09-16 12:40:59.831000,417.37651489732144,13
2024-09-16 12:40:59.836000,417.34795741669393,15
2024-09-16 12:40:59.913000,417.3931212983829,102
2024-09-16 12:40:59.917000,417.330262187061,97
