Timestamp,Price,Size
2024-09-16 14:43:00.010000,415.20606570047295,1005
2024-09-16 14:43:00.061000,415.190306086021,999
2024-09-16 14:43:00.112000,415.190838671608,1005
2024-09-16 14:43:00.152000,415.18051590194347,9
2024-09-16 14:43:00.200000,415.1951189172072,101
2024-09-16 14:43:00.236000,415.0959685560131,102
2024-09-16 14:43:00.318000,415.08950745275934,999
2024-09-16 14:43:00.369000,415.10419032958,6
2024-09-16 14:43:00.462000,415.13936409615104,101
2024-09-16 14:43:00.499000,415.0891734000152,14
2024-09-16 14:43:00.503000,419.8841398795747,995
2024-09-16 14:43:00.561000,415.1779116654256,996
2024-09-16 14:43:00.574000,415.1059775278845,95
2024-09-16 14:43:00.674000,415.1986606014399,996
2024-09-16 14:43:00.776000,415.1333515510185,12
2024-09-16 14:43:00.899000,415.0968553944067,998
2024-09-16 14:43:00.968000,415.16556176795615,6
2024-09-16 14:43:01.010000,415.1045866228769,13
2024-09-16 14:43:01.019000,415.0893019008146,102
2024-09-16 14:43:01.042000,419.9141446942631,14
2024-09-16 14:43:01.134000,415.0863730490618,1003
2024-09-16 14:43:01.248000,419.9171141800948,10
2024-09-16 14:43:01.299000,415.0865270410326,104
2024-09-16 14:43:01.325000,415.0957407356545,11
2024-09-16 14:43:01.521000,415.087568586411,103
2024-09-16 14:43:01.667000,415.0892145949006,1001
2024-09-16 14:43:01.718000,415.0876423968707,99
2024-09-16 14:43:01.771000,415.1039906954119,10
2024-09-16 14:43:01.791000,415.102217980188,997
2024-09-16 14:43:01.921000,415.10362812268033,8
2024-09-16 14:43:01.935000,415.09171224599896,5
2024-09-16 14:43:01.982000,415.0796176340043,1002
2024-09-16 14:43:02.028000,415.0410931363591,105
2024-09-16 14:43:02.066000,415.0801270721767,104
2024-09-16 14:43:02.069000,415.0477983998363,105
2024-09-16 14:43:02.083000,415.0415678850437,105
2024-09-16 14:43:02.084000,415.0659709670224,95
2024-09-16 14:43:02.149000,415.0550895761223,1002
2024-09-16 14:43:02.216000,415.0576319079413,7
2024-09-16 14:43:02.544000,415.0500802864227,5
2024-09-16 14:43:02.574000,415.0397943546545,97
2024-09-16 14:43:02.585000,415.05579095825897,12
2024-09-16 14:43:02.761000,415.0648582111088,1004
2024-09-16 14:43:02.800000,415.0762946089199,100
2024-09-16 14:43:02.841000,415.0541158058716,102
2024-09-16 14:43:02.989000,415.07202708810826,1003
2024-09-16 14:43:03.063000,415.0522816860508,1001
2024-09-16 14:43:03.338000,415.0612059678314,10
2024-09-16 14:43:05.010000,414.9997013558617,101
2024-09-16 14:43:05.031000,415.04808714758025,100
2024-09-16 14:43:05.111000,415.0578817750259,1001
2024-09-16 14:43:05.181000,414.9780153825123,10
2024-09-16 14:43:05.200000,415.045258205507,1004
2024-09-16 14:43:05.376000,414.97436599579135,103
2024-09-16 14:43:05.377000,415.0371526025383,1001
2024-09-16 14:43:05.392000,414.9840241020361,7
2024-09-16 14:43:05.437000,415.0340818848331,98
2024-09-16 14:43:05.441000,415.0800532004122,999
2024-09-16 14:43:05.462000,415.0447900275129,995
2024-09-16 14:43:05.504000,415.0381882522684,101
2024-09-16 14:43:05.584000,414.97743923875214,105
2024-09-16 14:43:05.666000,415.0597732084016,102
2024-09-16 14:43:05.674000,414.988749185965,14
2024-09-16 14:43:05.728000,415.0451326990831,1003
2024-09-16 14:43:05.827000,415.0027745434444,12
2024-09-16 14:43:05.878000,415.0442168035599,7
2024-09-16 14:43:05.884000,414.9873327731329,996
2024-09-16 14:43:05.937000,415.0282524413681,98
2024-09-16 14:43:05.984000,415.07097806145214,100
2024-09-16 14:43:05.989000,414.9711473858548,1000
2024-09-16 14:43:06.015000,415.0978491026545,103
2024-09-16 14:43:06.022000,415.1246954447235,11
2024-09-16 14:43:06.101000,415.1833379632165,1005
2024-09-16 14:43:06.138000,415.15348506846215,8
2024-09-16 14:43:06.145000,415.0943051820229,6
2024-09-16 14:43:06.182000,415.16562712109936,98
2024-09-16 14:43:06.205000,415.1342730114101,999
2024-09-16 14:43:06.214000,415.1092593717652,997
2024-09-16 14:43:06.266000,415.1916173607434,1001
2024-09-16 14:43:06.353000,415.1758720463165,10
2024-09-16 14:43:06.410000,415.154447979553,97
2024-09-16 14:43:06.432000,415.09534636505686,995
2024-09-16 14:43:06.451000,415.16106824831496,6
2024-09-16 14:43:06.613000,415.198929879804,995
2024-09-16 14:43:06.639000,415.1210730523243,97
2024-09-16 14:43:06.775000,415.1620785523271,14
2024-09-16 14:43:06.791000,415.1324851001213,996
2024-09-16 14:43:06.796000,415.13211771887336,9
2024-09-16 14:43:06.831000,415.1871128609924,996
2024-09-16 14:43:06.853000,415.1341316486261,998
2024-09-16 14:43:06.905000,415.1405164219452,10
2024-09-16 14:43:06.908000,415.1227769669181,98
2024-09-16 14:43:06.957000,415.08923417930856,101
2024-09-16 14:43:07.079000,415.1742839550728,98
2024-09-16 14:43:07.110000,415.2037551862833,996
2024-09-16 14:43:07.134000,415.16743229893865,997
2024-09-16 14:43:07.256000,415.21408028781,100
2024-09-16 14:43:07.259000,415.2145169112721,101
2024-09-16 14:43:07.263000,415.245608685315,1001
2024-09-16 14:43:07.393000,415.2057801156876,97
2024-09-16 14:43:07.423000,415.25514373353343,995
2024-09-16 14:43:07.516000,415.23898364424383,95
2024-09-16 14:43:07.557000,415.2542245734643,96
2024-09-16 14:43:07.568000,415.2089774727736,997
2024-09-16 14:43:07.836000,415.2567743029557,6
2024-09-16 14:43:07.873000,415.1630603828843,8
2024-09-16 14:43:07.898000,415.1776007874983,7
2024-09-16 14:43:07.922000,415.2465695725574,12
2024-09-16 14:43:07.974000,415.1711856428233,997
2024-09-16 14:43:08.412000,415.2499361470673,998
2024-09-16 14:43:08.548000,415.2533127373208,101
2024-09-16 14:43:09.133000,415.2447259054294,6
2024-09-16 14:43:09.186000,415.2211801764105,7
2024-09-16 14:43:09.237000,415.22245873925056,996
2024-09-16 14:43:09.272000,415.1871535805732,1004
2024-09-16 14:43:09.320000,415.23576439242777,1005
2024-09-16 14:43:09.369000,415.1939264022821,95
2024-09-16 14:43:09.528000,415.17469024957103,5
2024-09-16 14:43:09.589000,415.20120562519634,101
2024-09-16 14:43:09.679000,415.2267582790436,998
2024-09-16 14:43:09.696000,415.1709217878689,998
2024-09-16 14:43:09.854000,415.1964723141167,1000
2024-09-16 14:43:09.910000,415.2374324714131,995
2024-09-16 14:43:10.324000,415.2295207856531,997
2024-09-16 14:43:10.763000,415.229852544131,999
2024-09-16 14:43:11.078000,415.222465911829,105
2024-09-16 14:43:11.165000,415.24929828034703,103
2024-09-16 14:43:11.208000,415.2278814875008,8
2024-09-16 14:43:11.248000,415.22790636594135,8
2024-09-16 14:43:11.306000,415.22147302011183,1002
2024-09-16 14:43:11.347000,415.252014904268,15
2024-09-16 14:43:11.411000,415.2276756546086,102
2024-09-16 14:43:11.509000,415.2352883327353,997
2024-09-16 14:43:11.556000,415.2583126566354,105
2024-09-16 14:43:11.833000,415.23136382306336,1005
2024-09-16 14:43:11.993000,415.2168672941308,105
2024-09-16 14:43:12.049000,415.1950390123427,1000
2024-09-16 14:43:12.226000,415.234869744869,995
2024-09-16 14:43:12.317000,415.1930694804988,995
2024-09-16 14:43:12.379000,415.2100528937261,1002
2024-09-16 14:43:12.550000,415.1791973545711,11
2024-09-16 14:43:12.619000,415.17667314043234,99
2024-09-16 14:43:12.624000,415.2024857178933,97
2024-09-16 14:43:12.628000,415.1813492565874,105
2024-09-16 14:43:12.667000,415.2058816124111,10
2024-09-16 14:43:12.696000,415.2039094041039,9
2024-09-16 14:43:12.766000,415.1991231153061,101
2024-09-16 14:43:12.861000,415.2395434060938,95
2024-09-16 14:43:12.913000,415.1920556553172,1002
2024-09-16 14:43:12.955000,415.2311361131599,103
2024-09-16 14:43:13.004000,415.18943059830366,105
2024-09-16 14:43:13.007000,415.202572682836,12
2024-09-16 14:43:13.198000,415.2055231976287,105
2024-09-16 14:43:13.202000,415.20482331541945,7
2024-09-16 14:43:13.219000,415.1910829684873,10
2024-09-16 14:43:13.350000,415.2235106061596,999
2024-09-16 14:43:13.385000,415.1863865045209,1002
2024-09-16 14:43:13.410000,415.2165885837677,15
2024-09-16 14:43:13.415000,415.199985707194,998
2024-09-16 14:43:13.495000,415.1779076435188,105
2024-09-16 14:43:13.532000,415.1891952118199,999
2024-09-16 14:43:13.548000,415.19499616269775,998
2024-09-16 14:43:13.605000,415.2330081103176,1003
2024-09-16 14:43:13.621000,415.2369552374792,95
2024-09-16 14:43:13.643000,415.2302608950317,95
2024-09-16 14:43:13.909000,415.2294227015248,104
2024-09-16 14:43:13.938000,415.2048832829773,6
2024-09-16 14:43:14.026000,415.22131822014296,15
2024-09-16 14:43:14.130000,415.2387909842373,9
2024-09-16 14:43:14.160000,415.2364095641638,99
2024-09-16 14:43:14.213000,415.2210421694108,104
2024-09-16 14:43:14.245000,415.2411851746918,1000
2024-09-16 14:43:14.303000,415.2307059846761,1002
2024-09-16 14:43:14.545000,415.2263018832786,14
2024-09-16 14:43:14.546000,415.23033590238725,998
2024-09-16 14:43:14.574000,415.2249973473641,14
2024-09-16 14:43:14.580000,415.2179408826268,5
2024-09-16 14:43:14.693000,415.225493495814,97
2024-09-16 14:43:14.876000,415.2330337231809,99
2024-09-16 14:43:14.987000,415.226786827693,105
2024-09-16 14:43:15.102000,415.2600056827662,15
2024-09-16 14:43:15.130000,415.26613661502745,1000
2024-09-16 14:43:15.192000,415.2616680346215,7
2024-09-16 14:43:15.201000,415.2546293274173,99
2024-09-16 14:43:15.256000,415.2514351532636,1005
2024-09-16 14:43:15.328000,415.2365404555084,999
2024-09-16 14:43:15.382000,415.2792684814683,998
2024-09-16 14:43:15.526000,415.2427307147532,10
2024-09-16 14:43:15.544000,415.2372259822564,8
2024-09-16 14:43:15.578000,415.237556101906,8
2024-09-16 14:43:15.658000,415.2529379734997,1004
2024-09-16 14:43:15.691000,415.2551622209695,1004
2024-09-16 14:43:15.704000,415.25915459666,996
2024-09-16 14:43:15.733000,415.25926678801153,998
2024-09-16 14:43:15.764000,415.2539308380072,995
2024-09-16 14:43:15.859000,415.2477803340754,999
2024-09-16 14:43:15.892000,415.250151912944,1003
2024-09-16 14:43:15.952000,415.2763332689838,995
2024-09-16 14:43:16.029000,415.2975898612731,105
2024-09-16 14:43:16.080000,415.231995013608,1004
2024-09-16 14:43:16.095000,415.302620101949,101
2024-09-16 14:43:16.103000,415.3103143769753,98
2024-09-16 14:43:16.122000,415.27557544268615,98
2024-09-16 14:43:16.128000,415.26527405202233,995
2024-09-16 14:43:16.149000,415.2310883678207,102
2024-09-16 14:43:16.248000,415.2478429094791,12
2024-09-16 14:43:16.252000,415.29751803869294,8
2024-09-16 14:43:16.365000,415.2982646676524,7
2024-09-16 14:43:16.456000,415.284394816221,96
2024-09-16 14:43:16.469000,415.2355374467117,997
2024-09-16 14:43:16.495000,415.2399283250325,95
2024-09-16 14:43:16.519000,415.2788282137927,996
2024-09-16 14:43:16.528000,415.27212609666265,9
2024-09-16 14:43:16.590000,415.30267246363945,1002
2024-09-16 14:43:16.627000,415.2624370134851,11
2024-09-16 14:43:16.652000,415.3117647185455,96
2024-09-16 14:43:16.654000,415.2319043238397,13
2024-09-16 14:43:16.658000,415.2684923603418,102
2024-09-16 14:43:16.712000,415.2231292461341,1004
2024-09-16 14:43:16.741000,415.2883654357221,95
2024-09-16 14:43:16.938000,415.228221120048,14
2024-09-16 14:43:16.979000,415.2709057659295,104
2024-09-16 14:43:17.174000,415.2682009035638,97
2024-09-16 14:43:17.726000,415.2741515515649,99
2024-09-16 14:43:18.036000,415.269251253409,1001
2024-09-16 14:43:18.042000,415.2665474937427,14
2024-09-16 14:43:18.050000,415.2754433928467,995
2024-09-16 14:43:18.112000,415.2621978894423,13
2024-09-16 14:43:18.365000,415.2774112310164,101
2024-09-16 14:43:18.371000,415.2504606413848,5
2024-09-16 14:43:18.401000,415.25555481880224,998
2024-09-16 14:43:18.520000,415.2399277148783,101
2024-09-16 14:43:18.609000,415.2836714703501,104
2024-09-16 14:43:18.671000,415.26358160666274,97
2024-09-16 14:43:18.734000,415.2676421132556,99
2024-09-16 14:43:18.749000,415.2665730177514,100
2024-09-16 14:43:18.780000,415.2673060694636,1004
2024-09-16 14:43:18.912000,415.28267340992994,1000
2024-09-16 14:43:18.942000,415.2597078524783,996
2024-09-16 14:43:18.955000,415.26203458092647,96
2024-09-16 14:43:18.957000,415.2478037930952,999
2024-09-16 14:43:19.030000,415.2575564736245,98
2024-09-16 14:43:19.071000,415.2535210341712,103
2024-09-16 14:43:19.287000,415.2424583897893,13
2024-09-16 14:43:19.465000,415.2613474174859,1002
2024-09-16 14:43:19.803000,415.2590478973953,9
2024-09-16 14:43:19.866000,415.2594032563868,998
2024-09-16 14:43:19.897000,415.237305952504,98
2024-09-16 14:43:20.407000,415.2588804380375,996
2024-09-16 14:43:20.761000,419.747987112481,10
2024-09-16 14:43:20.798000,415.2710127523003,105
2024-09-16 14:43:20.874000,415.2534522474104,1002
2024-09-16 14:43:20.978000,419.7086324393593,99
2024-09-16 14:43:21.117000,415.2756081066513,1000
2024-09-16 14:43:21.398000,415.2860936683344,104
2024-09-16 14:43:21.440000,415.2823334569637,1002
2024-09-16 14:43:22.097000,415.2752905094154,997
2024-09-16 14:43:22.291000,415.27495711454674,5
2024-09-16 14:43:22.340000,415.2508143329717,1000
2024-09-16 14:43:22.500000,415.2716625592045,100
2024-09-16 14:43:22.510000,415.286683526365,995
2024-09-16 14:43:22.560000,415.2722440518799,7
2024-09-16 14:43:22.678000,415.2643854042164,996
2024-09-16 14:43:22.742000,415.2945344898007,15
2024-09-16 14:43:22.776000,415.27706811065656,1002
2024-09-16 14:43:22.822000,415.2782983806577,97
2024-09-16 14:43:22.847000,415.2489388660755,995
2024-09-16 14:43:22.856000,415.26726638038514,1001
2024-09-16 14:43:22.892000,415.29120115862,1005
2024-09-16 14:43:22.937000,415.28823744092347,15
2024-09-16 14:43:22.949000,415.2652703407832,12
2024-09-16 14:43:22.966000,415.27047989820505,7
2024-09-16 14:43:22.982000,415.29368935086495,9
2024-09-16 14:43:22.992000,415.2611756351981,99
2024-09-16 14:43:23.002000,415.3052057439745,105
2024-09-16 14:43:23.066000,415.3044062267127,105
2024-09-16 14:43:23.165000,415.2889867596129,98
2024-09-16 14:43:23.404000,419.7271880293216,999
2024-09-16 14:43:23.440000,415.28001518533824,103
2024-09-16 14:43:23.599000,415.2890315628306,1003
2024-09-16 14:43:23.611000,415.28513948496766,997
2024-09-16 14:43:23.627000,415.29486585160606,1004
2024-09-16 14:43:23.711000,415.278512101344,13
2024-09-16 14:43:23.726000,415.2951794697536,15
2024-09-16 14:43:23.849000,419.7025768618491,10
2024-09-16 14:43:23.879000,419.6920923620437,15
2024-09-16 14:43:25.057000,419.7337736584683,1005
2024-09-16 14:43:25.067000,415.3312487942608,97
2024-09-16 14:43:25.129000,415.3326585623179,96
2024-09-16 14:43:25.484000,415.3172314615842,1003
2024-09-16 14:43:25.800000,415.3439007502022,1000
2024-09-16 14:43:25.842000,415.3319547947579,105
2024-09-16 14:43:25.916000,415.3146001303899,999
2024-09-16 14:43:25.995000,415.3279709396738,7
2024-09-16 14:43:26.115000,415.3426026514549,11
2024-09-16 14:43:26.154000,415.3269716926421,1002
2024-09-16 14:43:26.261000,415.3537600070581,12
2024-09-16 14:43:26.387000,415.34271733506193,1004
2024-09-16 14:43:26.461000,415.32808310194105,999
2024-09-16 14:43:26.581000,415.34180933504734,996
2024-09-16 14:43:26.665000,415.3548824668828,13
2024-09-16 14:43:26.682000,415.320111945037,101
2024-09-16 14:43:26.719000,415.34055305846994,10
2024-09-16 14:43:26.721000,415.3268747292202,96
2024-09-16 14:43:26.745000,415.3458578093665,99
2024-09-16 14:43:26.815000,415.32356617727663,95
2024-09-16 14:43:26.913000,415.3718305474006,105
2024-09-16 14:43:26.982000,415.36880082762696,97
2024-09-16 14:43:28.049000,415.33020565535,101
2024-09-16 14:43:28.515000,415.3184772715652,996
2024-09-16 14:43:28.620000,415.3382879201592,5
2024-09-16 14:43:28.853000,415.34814045347474,97
2024-09-16 14:43:28.909000,415.341321255028,101
2024-09-16 14:43:28.957000,415.32671192859374,100
2024-09-16 14:43:29.010000,415.3880658822089,102
2024-09-16 14:43:29.077000,415.33464222054965,1003
2024-09-16 14:43:29.096000,415.3434151527604,103
2024-09-16 14:43:29.097000,415.3498935589205,100
2024-09-16 14:43:29.193000,415.36683474451854,11
2024-09-16 14:43:29.194000,415.3209465991607,95
2024-09-16 14:43:29.299000,415.3362565724189,105
2024-09-16 14:43:29.320000,415.3469584467865,105
2024-09-16 14:43:29.338000,415.3620985480309,9
2024-09-16 14:43:29.352000,415.3166273986059,102
2024-09-16 14:43:29.362000,415.3165210728951,1000
2024-09-16 14:43:29.543000,415.3737683657685,997
2024-09-16 14:43:29.701000,415.3560224447216,95
2024-09-16 14:43:29.702000,415.3179063179689,7
2024-09-16 14:43:29.718000,415.3640738854753,10
2024-09-16 14:43:29.794000,415.34497072848177,1003
2024-09-16 14:43:29.799000,415.3696187270657,9
2024-09-16 14:43:29.831000,415.3480039271767,9
2024-09-16 14:43:29.914000,415.3537733627293,96
2024-09-16 14:43:29.937000,415.3346046947674,1003
2024-09-16 14:43:30.046000,415.3668562838285,1001
2024-09-16 14:43:30.049000,415.37772672031554,996
2024-09-16 14:43:30.077000,415.36795122109504,101
2024-09-16 14:43:30.233000,415.3769751499539,1004
2024-09-16 14:43:30.296000,415.3676687347579,96
2024-09-16 14:43:30.313000,415.3670856201341,6
2024-09-16 14:43:30.331000,415.3565717460072,10
2024-09-16 14:43:30.347000,415.37081067494034,5
2024-09-16 14:43:30.374000,415.3604932089566,15
2024-09-16 14:43:30.398000,415.3683888856886,104
2024-09-16 14:43:30.426000,415.34288697126567,101
2024-09-16 14:43:30.505000,415.3583701353668,101
2024-09-16 14:43:30.566000,415.3964885527322,1003
2024-09-16 14:43:30.570000,415.3454776338597,105
2024-09-16 14:43:30.590000,415.3520009803523,9
2024-09-16 14:43:30.590000,415.3832086322677,13
2024-09-16 14:43:30.642000,415.3602503350379,12
2024-09-16 14:43:30.769000,415.38090886818406,104
2024-09-16 14:43:30.948000,415.35787410810616,8
2024-09-16 14:43:31.001000,415.47002038203175,999
2024-09-16 14:43:31.199000,415.4799166227669,1000
2024-09-16 14:43:31.205000,415.43934851291306,14
2024-09-16 14:43:31.234000,415.48284687836616,996
2024-09-16 14:43:31.401000,415.4974697590677,103
2024-09-16 14:43:31.536000,415.4240970334733,15
2024-09-16 14:43:31.562000,415.392585248691,6
2024-09-16 14:43:31.589000,415.3858856544492,998
2024-09-16 14:43:31.649000,415.3990796187262,97
2024-09-16 14:43:31.689000,415.4553774983044,8
2024-09-16 14:43:31.731000,415.4296780367797,8
2024-09-16 14:43:31.733000,415.38795894742873,8
2024-09-16 14:43:31.774000,415.4661185787836,13
2024-09-16 14:43:31.798000,415.43202152112514,1000
2024-09-16 14:43:31.852000,415.4898750119373,1003
2024-09-16 14:43:31.889000,415.4681385272856,7
2024-09-16 14:43:31.968000,415.47132301508105,13
2024-09-16 14:43:32.005000,415.5024620813227,96
2024-09-16 14:43:32.028000,415.53705120395375,10
2024-09-16 14:43:32.061000,415.49445434021874,9
2024-09-16 14:43:32.092000,415.5392698056532,11
2024-09-16 14:43:32.127000,415.5212156188642,100
2024-09-16 14:43:32.159000,415.5155697400464,104
2024-09-16 14:43:32.252000,415.5343713729423,7
2024-09-16 14:43:32.267000,415.4861154250128,96
2024-09-16 14:43:32.315000,415.49478769564325,101
2024-09-16 14:43:32.329000,415.4990784460792,1000
2024-09-16 14:43:32.427000,415.51776154144966,1000
2024-09-16 14:43:32.449000,415.519531908941,101
2024-09-16 14:43:32.450000,415.5100520267834,14
2024-09-16 14:43:32.489000,415.5001059635693,995
2024-09-16 14:43:32.509000,415.51629264595664,99
2024-09-16 14:43:32.534000,415.5001565866515,995
2024-09-16 14:43:32.591000,415.5162385941534,96
2024-09-16 14:43:32.601000,415.49176902530496,998
2024-09-16 14:43:32.734000,415.50731170249793,1004
2024-09-16 14:43:32.865000,415.5319792573525,102
2024-09-16 14:43:32.871000,415.50595142585775,1005
2024-09-16 14:43:32.873000,415.5125099779688,100
2024-09-16 14:43:33.165000,415.5301451795964,101
2024-09-16 14:43:33.231000,415.5413521502818,7
2024-09-16 14:43:33.389000,415.55965554216897,10
2024-09-16 14:43:33.403000,415.5210844577599,15
2024-09-16 14:43:33.598000,415.5173661974656,15
2024-09-16 14:43:33.633000,415.514555489295,100
2024-09-16 14:43:33.720000,419.76285326499647,1003
2024-09-16 14:43:33.774000,415.5195628865212,98
2024-09-16 14:43:33.861000,415.5394129249469,1000
2024-09-16 14:43:33.901000,415.53131234875815,13
2024-09-16 14:43:33.963000,415.5225031548114,1001
2024-09-16 14:43:34.004000,415.69747041002273,14
2024-09-16 14:43:34.033000,415.6612071453325,1003
2024-09-16 14:43:34.054000,415.5764420029004,99
2024-09-16 14:43:34.098000,415.57476651856354,1004
2024-09-16 14:43:34.152000,415.56811457210216,5
2024-09-16 14:43:34.173000,415.5604811406921,103
2024-09-16 14:43:34.173000,415.6304770817328,14
2024-09-16 14:43:34.302000,415.6555250751083,105
2024-09-16 14:43:34.344000,415.6265157095688,104
2024-09-16 14:43:34.364000,415.6638892628877,998
2024-09-16 14:43:34.385000,415.6887345497699,95
2024-09-16 14:43:34.426000,415.6296112224905,105
2024-09-16 14:43:34.453000,415.6552060580137,15
2024-09-16 14:43:34.453000,415.5581065524216,5
2024-09-16 14:43:34.455000,415.5755133891882,996
2024-09-16 14:43:34.463000,415.69056528024674,97
2024-09-16 14:43:34.466000,415.7199299988036,95
2024-09-16 14:43:34.575000,415.7044851639985,100
2024-09-16 14:43:34.612000,415.59895392362296,101
2024-09-16 14:43:34.624000,415.6782090980552,11
2024-09-16 14:43:34.671000,415.69187718705575,10
2024-09-16 14:43:34.791000,415.6546935998426,97
2024-09-16 14:43:34.973000,415.5836740333144,95
2024-09-16 14:43:34.984000,415.6714510443458,13
2024-09-16 14:43:35.044000,415.7791640372352,95
2024-09-16 14:43:35.094000,415.785185154167,1002
2024-09-16 14:43:35.102000,415.82251448498647,104
2024-09-16 14:43:35.110000,415.796279001556,103
2024-09-16 14:43:35.213000,415.8120065264327,8
2024-09-16 14:43:35.248000,415.7154391167457,101
2024-09-16 14:43:35.274000,415.7856600100269,9
2024-09-16 14:43:35.276000,420.05111853288656,95
2024-09-16 14:43:35.456000,415.82080590342207,997
2024-09-16 14:43:35.472000,415.7782372327423,101
2024-09-16 14:43:35.472000,415.8245814325875,6
2024-09-16 14:43:35.480000,415.80148522653286,1001
2024-09-16 14:43:35.480000,415.7720275743732,103
2024-09-16 14:43:35.509000,415.78862809316144,101
2024-09-16 14:43:35.510000,415.7953505079701,105
2024-09-16 14:43:35.544000,415.7329299595304,997
2024-09-16 14:43:35.630000,415.7861257923488,95
2024-09-16 14:43:35.655000,415.81374677675154,1002
2024-09-16 14:43:35.692000,415.8171783058385,15
2024-09-16 14:43:35.733000,415.8269913329844,6
2024-09-16 14:43:35.742000,415.7812139068116,6
2024-09-16 14:43:35.838000,415.8036784578523,98
2024-09-16 14:43:35.906000,415.7875314299789,100
2024-09-16 14:43:35.909000,415.8264920740796,95
2024-09-16 14:43:35.912000,415.8233512386767,10
2024-09-16 14:43:35.924000,415.7976788290357,5
2024-09-16 14:43:35.928000,415.83083976774816,100
2024-09-16 14:43:35.949000,415.78725263548506,9
2024-09-16 14:43:36.201000,415.7308800938701,1001
2024-09-16 14:43:36.245000,415.72754296335467,102
2024-09-16 14:43:36.270000,415.7655519919529,102
2024-09-16 14:43:36.281000,415.7283159684683,6
2024-09-16 14:43:36.305000,415.7132368358604,7
2024-09-16 14:43:36.554000,415.7224834527545,99
2024-09-16 14:43:36.583000,415.73612983913614,1004
2024-09-16 14:43:36.593000,415.73028280078864,103
2024-09-16 14:43:36.732000,415.73674182567305,95
2024-09-16 14:43:36.755000,415.7186020817492,1003
2024-09-16 14:43:36.789000,415.7081489502716,999
2024-09-16 14:43:36.926000,415.7324975282259,12
2024-09-16 14:43:37.016000,415.7316101715761,12
2024-09-16 14:43:37.021000,415.7338049799229,1003
2024-09-16 14:43:37.200000,415.720007144746,996
2024-09-16 14:43:37.232000,415.7308953478284,1000
2024-09-16 14:43:37.319000,415.7185662524213,996
2024-09-16 14:43:37.358000,415.7315653068892,1002
2024-09-16 14:43:37.374000,415.7282913363812,6
2024-09-16 14:43:37.407000,415.7377566275852,8
2024-09-16 14:43:37.418000,415.7174978069219,13
2024-09-16 14:43:37.433000,415.7346688625186,6
2024-09-16 14:43:37.507000,415.73911361406925,12
2024-09-16 14:43:37.567000,415.730727143832,105
2024-09-16 14:43:37.614000,415.7046279742779,1002
2024-09-16 14:43:37.625000,415.7294322292683,5
2024-09-16 14:43:37.828000,415.7281742061169,9
2024-09-16 14:43:37.859000,415.73856674763374,10
2024-09-16 14:43:37.863000,415.7632139922277,999
2024-09-16 14:43:37.898000,415.73434782794914,1001
2024-09-16 14:43:37.910000,415.7287165932893,6
2024-09-16 14:43:37.911000,415.7319984323215,101
2024-09-16 14:43:37.933000,415.7437798870479,105
2024-09-16 14:43:38.075000,415.6940019781191,10
2024-09-16 14:43:38.106000,415.7008456411404,12
2024-09-16 14:43:38.147000,415.6933761276573,101
2024-09-16 14:43:38.342000,415.69646376863705,96
2024-09-16 14:43:38.360000,415.6934726227673,8
2024-09-16 14:43:38.528000,415.696459414134,97
2024-09-16 14:43:38.546000,415.6928571497194,95
2024-09-16 14:43:38.559000,415.7049966893586,1004
2024-09-16 14:43:38.566000,415.7208266446149,104
2024-09-16 14:43:38.601000,415.69947577091983,6
2024-09-16 14:43:38.619000,415.7162299350112,7
2024-09-16 14:43:38.650000,415.7470144942285,14
2024-09-16 14:43:38.753000,420.0776303648272,1001
2024-09-16 14:43:38.796000,415.70384724349634,9
2024-09-16 14:43:38.860000,415.70075225490245,101
2024-09-16 14:43:38.937000,415.7110420136142,6
2024-09-16 14:43:39.017000,415.7294634504543,98
2024-09-16 14:43:39.188000,415.7330836564312,97
2024-09-16 14:43:39.229000,415.7232675459792,998
2024-09-16 14:43:39.258000,415.7800710824322,12
2024-09-16 14:43:39.265000,415.7083494774163,1000
2024-09-16 14:43:39.373000,415.7279300284825,998
2024-09-16 14:43:39.380000,415.7774016975576,1001
2024-09-16 14:43:39.400000,415.7108785128138,995
2024-09-16 14:43:39.448000,415.7190106001371,997
2024-09-16 14:43:39.479000,415.7567062207013,98
2024-09-16 14:43:39.673000,415.729310063926,997
2024-09-16 14:43:39.782000,415.70979642907264,9
2024-09-16 14:43:39.870000,415.7322335080068,99
2024-09-16 14:43:40.126000,415.8210211676077,12
2024-09-16 14:43:40.173000,415.7685592331024,995
2024-09-16 14:43:40.305000,415.83046430011456,998
2024-09-16 14:43:40.382000,415.8247322164465,995
2024-09-16 14:43:40.385000,415.83281436233966,12
2024-09-16 14:43:40.411000,415.8262528119477,14
2024-09-16 14:43:40.417000,415.8081551664948,95
2024-09-16 14:43:40.528000,415.80229335770713,999
2024-09-16 14:43:40.559000,415.8271891735831,5
2024-09-16 14:43:40.919000,415.78795464410246,996
2024-09-16 14:43:40.981000,415.7969550951855,100
2024-09-16 14:43:41.030000,415.79967535525697,1001
2024-09-16 14:43:41.140000,415.820044704084,15
2024-09-16 14:43:41.157000,415.7840230494091,14
2024-09-16 14:43:41.207000,415.77662159338166,5
2024-09-16 14:43:41.219000,415.832034935012,104
2024-09-16 14:43:41.222000,415.8246668173909,996
2024-09-16 14:43:41.242000,415.8194933603927,15
2024-09-16 14:43:41.302000,415.7897585714861,10
2024-09-16 14:43:41.334000,415.78623251613874,104
2024-09-16 14:43:41.366000,415.8232645460231,6
2024-09-16 14:43:41.560000,415.82479645591,104
2024-09-16 14:43:41.593000,415.805576589249,97
2024-09-16 14:43:41.607000,415.8116956030247,996
2024-09-16 14:43:41.684000,415.8351295602078,6
2024-09-16 14:43:41.881000,415.8402193571047,14
2024-09-16 14:43:41.933000,415.83035641005455,1002
2024-09-16 14:43:42.006000,415.7232233214437,6
2024-09-16 14:43:42.057000,415.75887675810486,997
2024-09-16 14:43:42.217000,415.75542480632265,10
2024-09-16 14:43:42.384000,415.726791784247,103
2024-09-16 14:43:42.413000,415.7575047291794,8
2024-09-16 14:43:42.423000,415.7563287578381,105
2024-09-16 14:43:42.617000,415.7522851361675,12
2024-09-16 14:43:42.665000,415.75008755775286,6
2024-09-16 14:43:42.684000,415.7298521407345,7
2024-09-16 14:43:42.686000,415.7217123268029,1000
2024-09-16 14:43:42.767000,415.74351053330406,6
2024-09-16 14:43:42.907000,415.7560520368334,1002
2024-09-16 14:43:42.936000,415.7827096851557,11
2024-09-16 14:43:43.020000,415.7383166453445,6
2024-09-16 14:43:43.121000,415.6705272550744,1000
2024-09-16 14:43:43.159000,415.687995032419,11
2024-09-16 14:43:43.263000,415.68855370647816,1004
2024-09-16 14:43:43.435000,419.9603098457424,996
2024-09-16 14:43:43.492000,415.73136769047727,1005
2024-09-16 14:43:43.688000,415.7234144268073,5
2024-09-16 14:43:43.820000,415.67402715532495,5
2024-09-16 14:43:43.821000,415.702241324834,997
2024-09-16 14:43:43.988000,415.6796831183871,12
2024-09-16 14:43:44.136000,415.6901708329644,14
2024-09-16 14:43:44.194000,415.71152958161736,97
2024-09-16 14:43:44.205000,415.7416423967029,13
2024-09-16 14:43:44.233000,415.6947117306536,8
2024-09-16 14:43:44.240000,415.7698759371584,995
2024-09-16 14:43:44.269000,415.6941554499947,100
2024-09-16 14:43:44.281000,415.7496058077534,7
2024-09-16 14:43:44.417000,415.7647874024328,104
2024-09-16 14:43:44.417000,415.7534017951323,95
2024-09-16 14:43:44.418000,415.7567138874965,1000
2024-09-16 14:43:44.462000,415.6935552755596,15
2024-09-16 14:43:44.501000,415.6925841639568,97
2024-09-16 14:43:44.530000,415.68698232184767,95
2024-09-16 14:43:44.547000,415.6933697847408,1004
2024-09-16 14:43:44.567000,415.6904450871077,1001
2024-09-16 14:43:44.665000,415.701302258293,101
2024-09-16 14:43:44.666000,415.6938373875917,11
2024-09-16 14:43:44.670000,415.7640930614341,99
2024-09-16 14:43:44.707000,415.7673317245858,102
2024-09-16 14:43:44.734000,415.7038982855741,996
2024-09-16 14:43:44.762000,415.6867744721366,8
2024-09-16 14:43:44.842000,415.6809159710796,7
2024-09-16 14:43:44.960000,415.6881398143228,1003
2024-09-16 14:43:45.071000,415.81047477494377,15
2024-09-16 14:43:45.131000,415.8027669415949,995
2024-09-16 14:43:45.153000,415.81565110172266,101
2024-09-16 14:43:45.160000,415.8155908543112,1002
2024-09-16 14:43:45.197000,415.7806721269593,104
2024-09-16 14:43:45.198000,415.770252343065,1005
2024-09-16 14:43:45.244000,415.8355571704956,11
2024-09-16 14:43:45.250000,415.80501917886215,1001
2024-09-16 14:43:45.342000,415.8021854601873,101
2024-09-16 14:43:45.426000,415.79505768992703,12
2024-09-16 14:43:45.430000,415.8368269991442,96
2024-09-16 14:43:45.461000,415.8102543974368,10
2024-09-16 14:43:45.477000,415.7891956929615,1004
2024-09-16 14:43:45.497000,415.8603247337337,14
2024-09-16 14:43:45.513000,415.7745712465076,998
2024-09-16 14:43:45.559000,415.8067539005448,100
2024-09-16 14:43:45.624000,415.7828915092683,1003
2024-09-16 14:43:45.627000,415.7783616789624,12
2024-09-16 14:43:45.642000,415.800170949492,997
2024-09-16 14:43:45.651000,415.8137395544892,105
2024-09-16 14:43:45.663000,415.7972373583439,1004
2024-09-16 14:43:45.685000,415.7962460566011,996
2024-09-16 14:43:45.760000,415.8139451562536,95
2024-09-16 14:43:45.818000,415.8019174876111,101
2024-09-16 14:43:45.836000,415.81747633553846,10
2024-09-16 14:43:45.853000,415.8278044040353,13
2024-09-16 14:43:45.874000,415.823479715292,105
2024-09-16 14:43:46.164000,415.9007091918917,96
2024-09-16 14:43:46.225000,415.8906620476281,5
2024-09-16 14:43:46.318000,415.91648393610046,14
2024-09-16 14:43:46.326000,415.8580583642278,103
2024-09-16 14:43:46.346000,415.8857406157399,997
2024-09-16 14:43:46.496000,415.8869021470189,14
2024-09-16 14:43:46.518000,415.8801078542623,103
2024-09-16 14:43:46.549000,415.87322280399616,96
2024-09-16 14:43:46.562000,415.90096095139904,10
2024-09-16 14:43:46.788000,415.8742222616093,997
2024-09-16 14:43:46.828000,415.8869324305386,101
2024-09-16 14:43:47.015000,415.9224734850514,101
2024-09-16 14:43:47.133000,415.8681119362693,14
2024-09-16 14:43:47.149000,415.9222770795223,99
2024-09-16 14:43:47.374000,415.8712933809513,1001
2024-09-16 14:43:47.385000,415.85195691555737,95
2024-09-16 14:43:47.389000,415.91752256350543,1005
2024-09-16 14:43:47.439000,415.8722767087968,14
2024-09-16 14:43:47.509000,415.9188625048024,997
2024-09-16 14:43:47.533000,415.8695171772066,1001
2024-09-16 14:43:47.648000,415.91292043203146,12
2024-09-16 14:43:47.684000,415.9228448657829,1005
2024-09-16 14:43:47.738000,415.90351013680447,995
2024-09-16 14:43:47.838000,415.8967966411152,15
2024-09-16 14:43:47.851000,415.91884467137953,96
2024-09-16 14:43:47.881000,415.8932716614975,13
2024-09-16 14:43:47.971000,415.893454934539,8
2024-09-16 14:43:47.981000,415.9227277713489,1000
2024-09-16 14:43:48.094000,415.6927662730047,99
2024-09-16 14:43:48.113000,415.6894847768561,1002
2024-09-16 14:43:48.244000,415.7163453845591,1005
2024-09-16 14:43:48.265000,415.7448746659941,998
2024-09-16 14:43:48.350000,415.7312737821517,98
2024-09-16 14:43:48.427000,415.6825141939927,997
2024-09-16 14:43:48.452000,415.71345166672745,1003
2024-09-16 14:43:48.484000,415.79572308315096,103
2024-09-16 14:43:48.513000,415.77058507652896,12
2024-09-16 14:43:48.596000,415.7498821392125,8
2024-09-16 14:43:48.598000,415.69303354909306,104
2024-09-16 14:43:48.606000,415.843839628003,97
2024-09-16 14:43:48.665000,415.8243230125299,14
2024-09-16 14:43:48.747000,415.7417691114589,103
2024-09-16 14:43:48.770000,415.7761573531101,100
2024-09-16 14:43:48.771000,415.7449230952063,105
2024-09-16 14:43:48.791000,415.8087925815984,99
2024-09-16 14:43:48.930000,415.7331953050937,15
2024-09-16 14:43:48.938000,415.77824419401975,105
2024-09-16 14:43:48.944000,415.6978878015685,105
2024-09-16 14:43:49.014000,415.7163168083363,995
2024-09-16 14:43:49.143000,415.70016532734303,12
2024-09-16 14:43:49.314000,415.6880849234845,6
2024-09-16 14:43:49.341000,415.7081274811246,102
2024-09-16 14:43:49.534000,415.7150300819993,101
2024-09-16 14:43:49.774000,415.7019926460382,105
2024-09-16 14:43:49.900000,415.7194262559898,5
2024-09-16 14:43:49.981000,415.7191071091446,8
2024-09-16 14:43:50.078000,415.7108164075167,998
2024-09-16 14:43:50.216000,415.6651975413249,14
2024-09-16 14:43:50.232000,415.72816223957705,102
2024-09-16 14:43:50.278000,415.649863763273,995
2024-09-16 14:43:50.370000,415.71044244141547,1002
2024-09-16 14:43:50.615000,415.7259402711617,104
2024-09-16 14:43:50.691000,415.6578759456349,97
2024-09-16 14:43:50.725000,415.6970380368961,1001
2024-09-16 14:43:50.789000,415.67969361033227,5
2024-09-16 14:43:50.846000,415.7236069342131,99
2024-09-16 14:43:50.848000,415.6989324732879,10
2024-09-16 14:43:50.883000,415.6922677306457,7
2024-09-16 14:43:50.911000,415.7135595399853,97
2024-09-16 14:43:50.935000,415.676039989648,995
2024-09-16 14:43:50.963000,415.7349049438398,1002
2024-09-16 14:43:51.452000,415.6655726280145,97
2024-09-16 14:43:51.641000,415.655891447245,97
2024-09-16 14:43:51.853000,415.6586652836878,997
2024-09-16 14:43:51.967000,415.684621149248,104
2024-09-16 14:43:51.978000,415.6653907731831,996
2024-09-16 14:43:52.140000,415.63700341586735,1000
2024-09-16 14:43:52.236000,415.6445035979184,100
2024-09-16 14:43:52.323000,415.6335729366977,13
2024-09-16 14:43:52.427000,415.6217921493695,998
2024-09-16 14:43:52.491000,415.62745187292177,14
2024-09-16 14:43:52.618000,415.6253304801284,8
2024-09-16 14:43:52.635000,415.63229369203,10
2024-09-16 14:43:53.012000,415.6812031597001,998
2024-09-16 14:43:53.032000,415.7015820918395,7
2024-09-16 14:43:53.081000,415.6757738770742,96
2024-09-16 14:43:53.087000,415.6483975628702,1004
2024-09-16 14:43:53.152000,415.69413773881246,1002
2024-09-16 14:43:53.156000,415.6876036072027,96
2024-09-16 14:43:53.239000,415.6647919241355,997
2024-09-16 14:43:53.244000,415.6533861491778,96
2024-09-16 14:43:53.293000,415.64222680633736,1004
2024-09-16 14:43:53.395000,415.688957912731,13
2024-09-16 14:43:53.493000,415.6697698825202,1000
2024-09-16 14:43:53.549000,415.6919174450244,996
2024-09-16 14:43:53.554000,415.6376355186044,13
2024-09-16 14:43:53.559000,415.6424439002632,7
2024-09-16 14:43:53.604000,415.6744347525964,997
2024-09-16 14:43:53.737000,415.7027331390274,6
2024-09-16 14:43:53.744000,415.6300692013863,995
2024-09-16 14:43:53.786000,415.6791476775139,998
2024-09-16 14:43:53.890000,415.7030894009057,7
2024-09-16 14:43:53.920000,415.69578457528456,98
2024-09-16 14:43:53.930000,415.67572415743473,1003
2024-09-16 14:43:53.962000,415.6253301611844,996
2024-09-16 14:43:53.973000,415.67648237538776,5
2024-09-16 14:43:54.056000,415.6575882734508,15
2024-09-16 14:43:54.087000,415.6684512603359,98
2024-09-16 14:43:54.171000,415.66478465438655,15
2024-09-16 14:43:54.212000,415.6531795344234,10
2024-09-16 14:43:54.213000,415.6604272939706,5
2024-09-16 14:43:54.326000,415.6517472929387,98
2024-09-16 14:43:54.610000,415.6460462495136,1000
2024-09-16 14:43:54.673000,415.6884251104337,103
2024-09-16 14:43:54.871000,415.65313119320126,102
2024-09-16 14:43:54.937000,415.654460238528,9
2024-09-16 14:43:54.959000,415.6583081841274,104
2024-09-16 14:43:54.964000,415.679711201334,104
2024-09-16 14:43:55.218000,415.6236785799288,999
2024-09-16 14:43:55.256000,415.6018013993988,13
2024-09-16 14:43:55.268000,415.65189587618494,15
2024-09-16 14:43:55.275000,415.59652738339565,1005
2024-09-16 14:43:55.350000,415.616408168772,6
2024-09-16 14:43:55.455000,415.6706217433062,12
2024-09-16 14:43:55.644000,415.59729896112526,15
2024-09-16 14:43:55.681000,415.613604936384,96
2024-09-16 14:43:55.685000,415.6033502834196,8
2024-09-16 14:43:55.712000,415.6099761252544,105
2024-09-16 14:43:55.725000,415.6571840497717,102
2024-09-16 14:43:55.765000,415.59173293193,8
2024-09-16 14:43:55.779000,415.6078280800343,997
2024-09-16 14:43:55.832000,415.6505738985975,996
2024-09-16 14:43:55.903000,415.6152885560628,103
2024-09-16 14:43:55.962000,415.60016227893664,1005
2024-09-16 14:43:55.972000,415.6010813966823,995
2024-09-16 14:43:56,415.6074023582567,998
2024-09-16 14:43:56.289000,415.5903914576043,6
2024-09-16 14:43:56.651000,415.60890564944367,8
2024-09-16 14:43:56.978000,415.6013084331021,5
2024-09-16 14:43:57.057000,415.6191211232549,998
2024-09-16 14:43:57.346000,415.6162982096731,104
2024-09-16 14:43:57.535000,415.6090799679465,999
2024-09-16 14:43:57.720000,415.6194170559367,997
2024-09-16 14:43:57.745000,415.61105211066166,1003
2024-09-16 14:43:58.081000,415.665184584601,102
2024-09-16 14:43:58.125000,415.6045777989109,9
2024-09-16 14:43:58.172000,415.6777474847688,996
2024-09-16 14:43:58.178000,415.6244098869557,11
2024-09-16 14:43:58.233000,415.6202004738648,15
2024-09-16 14:43:58.272000,415.6446137425557,104
2024-09-16 14:43:58.322000,415.63239781723087,997
2024-09-16 14:43:58.325000,415.6339728600023,995
2024-09-16 14:43:58.336000,415.6973421898757,100
2024-09-16 14:43:58.421000,415.69602239668177,8
2024-09-16 14:43:58.497000,415.7094323684092,995
2024-09-16 14:43:58.552000,415.6157231455982,102
2024-09-16 14:43:58.609000,415.62951594536094,1005
2024-09-16 14:43:58.645000,415.6209120380318,9
2024-09-16 14:43:58.700000,415.6223375163128,9
2024-09-16 14:43:58.721000,415.6366420775384,13
2024-09-16 14:43:58.813000,415.6762474234168,996
2024-09-16 14:43:58.841000,415.6488559739138,7
2024-09-16 14:43:58.953000,415.6190535706395,995
2024-09-16 14:43:58.964000,415.6109940382965,15
2024-09-16 14:43:59.008000,415.74652909626417,12
2024-09-16 14:43:59.103000,415.7562758542931,12
2024-09-16 14:43:59.119000,415.6822984461959,99
2024-09-16 14:43:59.203000,415.7085026040537,103
2024-09-16 14:43:59.232000,415.66822011707177,97
2024-09-16 14:43:59.342000,415.6870108246149,9
2024-09-16 14:43:59.354000,415.691302683284,1002
2024-09-16 14:43:59.503000,415.7090176843767,13
2024-09-16 14:43:59.512000,415.7538964949552,96
2024-09-16 14:43:59.518000,415.6670797702135,999
2024-09-16 14:43:59.524000,415.72573356460646,6
2024-09-16 14:43:59.591000,415.6637045290927,996
2024-09-16 14:43:59.611000,415.7144869845087,95
2024-09-16 14:43:59.772000,415.73037481461216,98
2024-09-16 14:43:59.783000,415.7261937945575,1003
2024-09-16 14:43:59.875000,415.6633089280703,101
2024-09-16 14:43:59.923000,415.72652926247855,997
2024-09-16 14:43:59.984000,415.7594520441988,7
