Timestamp,Price,Size
2024-09-16 14:57:00.014000,416.9966989388112,999
2024-09-16 14:57:00.086000,417.0068267834259,8
2024-09-16 14:57:00.123000,416.9536916564734,13
2024-09-16 14:57:00.129000,416.9879271601298,1004
2024-09-16 14:57:00.138000,416.99385310656527,105
2024-09-16 14:57:00.378000,416.9683301588561,6
2024-09-16 14:57:00.416000,417.0017476533199,104
2024-09-16 14:57:00.445000,416.9922225925196,100
2024-09-16 14:57:00.588000,416.93297532903415,7
2024-09-16 14:57:00.637000,416.96487286147175,996
2024-09-16 14:57:00.914000,416.9774038859261,1005
2024-09-16 14:57:00.956000,416.9876533856017,9
2024-09-16 14:57:00.964000,416.9675875176064,15
2024-09-16 14:57:00.970000,416.9655302731475,103
2024-09-16 14:57:01.112000,416.967818135738,102
2024-09-16 14:57:01.253000,416.9558635260393,14
2024-09-16 14:57:01.530000,416.9705986951917,13
2024-09-16 14:57:01.568000,416.9488963645203,100
2024-09-16 14:57:01.636000,416.9258818143863,104
2024-09-16 14:57:01.777000,418.78688706410935,97
2024-09-16 14:57:01.905000,416.9573914028979,100
2024-09-16 14:57:02.057000,416.9820068716239,14
2024-09-16 14:57:02.135000,416.9968448615133,97
2024-09-16 14:57:02.178000,416.9959488065952,103
2024-09-16 14:57:02.207000,416.9889065736277,15
2024-09-16 14:57:02.353000,416.9703018182003,997
2024-09-16 14:57:02.410000,416.991268929608,995
2024-09-16 14:57:02.447000,416.9866016401365,97
2024-09-16 14:57:02.451000,416.9925798349963,11
2024-09-16 14:57:02.463000,416.9843557282834,1003
2024-09-16 14:57:02.497000,416.967043217068,95
2024-09-16 14:57:02.543000,416.974839395149,96
2024-09-16 14:57:02.554000,416.9934707403172,97
2024-09-16 14:57:02.609000,416.9714165843261,1005
2024-09-16 14:57:02.632000,416.96437678636033,8
2024-09-16 14:57:02.638000,416.9661754098348,999
2024-09-16 14:57:02.728000,416.98522014225387,99
2024-09-16 14:57:02.761000,416.97635150617936,15
2024-09-16 14:57:02.801000,416.9923443526915,98
2024-09-16 14:57:02.838000,416.98310548188994,101
2024-09-16 14:57:02.843000,416.96934225233616,996
2024-09-16 14:57:03.062000,416.9473685291925,13
2024-09-16 14:57:03.064000,416.96233841691753,1000
2024-09-16 14:57:03.133000,416.9338358697569,999
2024-09-16 14:57:03.137000,416.9042127702162,96
2024-09-16 14:57:03.191000,416.93907514654086,1005
2024-09-16 14:57:03.223000,416.9591483080094,99
2024-09-16 14:57:03.225000,416.9456450313985,11
2024-09-16 14:57:03.256000,416.93937231022943,101
2024-09-16 14:57:03.271000,416.94587708376383,11
2024-09-16 14:57:03.406000,416.96270783799815,95
2024-09-16 14:57:03.408000,416.9628543296975,1001
2024-09-16 14:57:03.419000,416.9196150386416,996
2024-09-16 14:57:03.452000,416.957478070955,104
2024-09-16 14:57:03.464000,416.9636843543741,97
2024-09-16 14:57:03.475000,416.9428656775833,10
2024-09-16 14:57:03.611000,416.9357757088644,8
2024-09-16 14:57:03.702000,416.93496890887,103
2024-09-16 14:57:03.849000,416.91415107265686,9
2024-09-16 14:57:03.886000,416.954905658053,8
2024-09-16 14:57:03.893000,416.95956156230153,97
2024-09-16 14:57:03.897000,416.9558864223952,7
2024-09-16 14:57:03.942000,416.9261867630916,12
2024-09-16 14:57:03.949000,416.9316363862,99
2024-09-16 14:57:04.041000,416.93819569836,11
2024-09-16 14:57:04.075000,416.9478933108731,103
2024-09-16 14:57:04.085000,416.93754225907855,95
2024-09-16 14:57:04.298000,416.9394450786388,7
2024-09-16 14:57:04.484000,416.9503494269299,95
2024-09-16 14:57:04.695000,416.9314932228999,6
2024-09-16 14:57:04.906000,416.93825110769694,95
2024-09-16 14:57:04.949000,416.9203632166585,13
2024-09-16 14:57:04.979000,416.9087866246829,8
2024-09-16 14:57:04.984000,416.89988500124696,101
2024-09-16 14:57:05.028000,416.9196422005091,12
2024-09-16 14:57:05.151000,416.9360669704044,6
2024-09-16 14:57:05.159000,416.9666393882119,98
2024-09-16 14:57:05.201000,416.90417240346727,11
2024-09-16 14:57:05.208000,416.906376714689,15
2024-09-16 14:57:05.229000,416.94074948003697,103
2024-09-16 14:57:05.301000,416.94198513127793,9
2024-09-16 14:57:05.324000,416.93679525805095,98
2024-09-16 14:57:05.339000,416.9257907546881,101
2024-09-16 14:57:05.345000,416.9300674703165,97
2024-09-16 14:57:05.366000,416.9662352995989,1001
2024-09-16 14:57:05.419000,416.95767569762734,101
2024-09-16 14:57:05.444000,416.9327411218236,98
2024-09-16 14:57:05.480000,418.5771033621245,998
2024-09-16 14:57:05.488000,416.9180820271434,998
2024-09-16 14:57:05.513000,416.915970347406,97
2024-09-16 14:57:05.516000,416.92353146913297,102
2024-09-16 14:57:05.522000,416.9422737057881,12
2024-09-16 14:57:05.533000,416.9266494399831,1000
2024-09-16 14:57:05.598000,416.94566949171127,97
2024-09-16 14:57:05.675000,416.9177275985104,998
2024-09-16 14:57:05.675000,416.91504139604126,1002
2024-09-16 14:57:05.681000,416.9167822715841,99
2024-09-16 14:57:05.685000,416.9208290448305,100
2024-09-16 14:57:05.688000,416.9136539594279,13
2024-09-16 14:57:05.689000,416.95660111716006,14
2024-09-16 14:57:05.720000,416.9480631151097,1004
2024-09-16 14:57:05.724000,416.9435080723724,95
2024-09-16 14:57:05.935000,416.9304832779813,5
2024-09-16 14:57:05.937000,416.9085121071423,997
2024-09-16 14:57:05.950000,416.96484194892935,15
2024-09-16 14:57:06.002000,416.91820359674233,97
2024-09-16 14:57:06.065000,416.93643879474143,12
2024-09-16 14:57:06.163000,416.9460097414724,1004
2024-09-16 14:57:06.206000,416.9539476300004,1005
2024-09-16 14:57:06.207000,416.9254532510324,995
2024-09-16 14:57:06.359000,416.9218924592171,104
2024-09-16 14:57:06.397000,416.9495792678636,12
2024-09-16 14:57:06.533000,416.9321821533693,104
2024-09-16 14:57:06.640000,418.6308859632531,1005
2024-09-16 14:57:06.690000,416.9499702138716,100
2024-09-16 14:57:06.745000,416.91238494359385,12
2024-09-16 14:57:06.745000,416.9577248053437,96
2024-09-16 14:57:06.787000,416.9357257598129,1000
2024-09-16 14:57:06.916000,416.9442812091637,998
2024-09-16 14:57:07.155000,416.9300012859466,100
2024-09-16 14:57:07.215000,416.9440488158677,5
2024-09-16 14:57:07.310000,417.0009479010439,1002
2024-09-16 14:57:07.343000,416.9525956439189,96
2024-09-16 14:57:07.606000,417.0073071567646,1002
2024-09-16 14:57:07.674000,417.0091847481471,100
2024-09-16 14:57:07.791000,416.9858332517912,101
2024-09-16 14:57:07.805000,417.0000190442821,102
2024-09-16 14:57:07.829000,416.9959118821925,103
2024-09-16 14:57:07.848000,416.9812438972977,105
2024-09-16 14:57:07.926000,416.9752489517227,9
2024-09-16 14:57:07.927000,416.9865444151885,998
2024-09-16 14:57:08.077000,416.9893286713107,8
2024-09-16 14:57:08.088000,416.97742875468793,104
2024-09-16 14:57:08.113000,416.98125721567897,101
2024-09-16 14:57:08.114000,416.9790782592494,11
2024-09-16 14:57:08.169000,416.97564271442366,104
2024-09-16 14:57:08.185000,416.9544607867445,1001
2024-09-16 14:57:08.243000,416.9931955617656,14
2024-09-16 14:57:08.386000,416.9862004624213,103
2024-09-16 14:57:08.388000,416.9984751791792,97
2024-09-16 14:57:08.493000,416.9888229720201,1005
2024-09-16 14:57:08.494000,416.97844176245184,96
2024-09-16 14:57:08.514000,417.0113698619206,14
2024-09-16 14:57:08.520000,416.9828716224688,6
2024-09-16 14:57:08.529000,416.96485077302606,997
2024-09-16 14:57:08.536000,416.9900158130137,7
2024-09-16 14:57:08.587000,416.994178220556,5
2024-09-16 14:57:08.606000,416.976731707757,104
2024-09-16 14:57:08.670000,416.9626721146574,8
2024-09-16 14:57:08.679000,416.9727267912973,1003
2024-09-16 14:57:08.780000,416.9860958028358,96
2024-09-16 14:57:08.802000,416.9697978721809,996
2024-09-16 14:57:08.809000,417.0090154925583,95
2024-09-16 14:57:08.828000,416.9797521492957,12
2024-09-16 14:57:08.830000,417.0101069064171,14
2024-09-16 14:57:08.837000,416.9982787279801,6
2024-09-16 14:57:08.896000,416.960983636893,11
2024-09-16 14:57:08.963000,416.9802303539561,1003
2024-09-16 14:57:09.034000,416.95433931108266,102
2024-09-16 14:57:09.087000,416.96592046374826,12
2024-09-16 14:57:09.112000,416.9722694945245,15
2024-09-16 14:57:09.116000,416.986409031634,1001
2024-09-16 14:57:09.139000,416.95549527409446,104
2024-09-16 14:57:09.239000,417.00859935687424,97
2024-09-16 14:57:09.289000,416.9871486124764,10
2024-09-16 14:57:09.294000,416.99471883033146,1000
2024-09-16 14:57:09.314000,416.95964411016826,9
2024-09-16 14:57:09.346000,417.0027742835493,105
2024-09-16 14:57:09.393000,416.9644248148154,1001
2024-09-16 14:57:09.457000,416.9550583418491,13
2024-09-16 14:57:09.520000,416.96369100973135,996
2024-09-16 14:57:09.568000,416.9481142354231,105
2024-09-16 14:57:09.672000,417.0136376191609,10
2024-09-16 14:57:09.692000,416.97406034731154,999
2024-09-16 14:57:09.736000,416.9565902597588,103
2024-09-16 14:57:09.761000,416.9554031619087,96
2024-09-16 14:57:09.856000,416.9909467504842,8
2024-09-16 14:57:09.970000,417.0110826174844,8
2024-09-16 14:57:10.285000,416.97725377589006,997
2024-09-16 14:57:11.121000,418.6878774819867,996
2024-09-16 14:57:11.263000,416.9685948087685,7
2024-09-16 14:57:11.268000,417.0149325199326,14
2024-09-16 14:57:11.332000,416.9919273568158,995
2024-09-16 14:57:11.358000,417.043982387338,102
2024-09-16 14:57:11.391000,417.0207875120439,5
2024-09-16 14:57:11.517000,416.9924823257335,997
2024-09-16 14:57:11.781000,417.0434421182651,103
2024-09-16 14:57:11.789000,417.0259495177312,13
2024-09-16 14:57:11.923000,417.02196598965867,997
2024-09-16 14:57:11.927000,416.99191843829567,12
2024-09-16 14:57:11.938000,416.9714335196165,7
2024-09-16 14:57:11.988000,416.97713712294666,99
2024-09-16 14:57:12,417.0204698696966,997
2024-09-16 14:57:12.003000,417.0502751762863,10
2024-09-16 14:57:12.039000,417.0542287196102,96
2024-09-16 14:57:12.070000,417.0105628547937,9
2024-09-16 14:57:12.072000,417.00242409019,100
2024-09-16 14:57:12.216000,416.9967934542103,1005
2024-09-16 14:57:12.303000,417.0560856195071,97
2024-09-16 14:57:12.374000,416.9835151034568,1002
2024-09-16 14:57:12.388000,416.9917957706094,997
2024-09-16 14:57:12.391000,417.05950437787214,15
2024-09-16 14:57:12.416000,417.0709202718186,12
2024-09-16 14:57:12.426000,417.060707105392,1002
2024-09-16 14:57:12.467000,417.0269484910279,9
2024-09-16 14:57:12.533000,417.02897334209854,99
2024-09-16 14:57:12.535000,416.9921831308945,996
2024-09-16 14:57:12.589000,417.0170942040044,15
2024-09-16 14:57:12.612000,416.9926381145981,101
2024-09-16 14:57:12.747000,417.00481815147015,95
2024-09-16 14:57:12.795000,416.98804509651546,96
2024-09-16 14:57:12.911000,416.9971135429857,1005
2024-09-16 14:57:12.950000,416.9941440345854,995
2024-09-16 14:57:12.980000,417.0301319086869,97
2024-09-16 14:57:12.987000,417.0542299601196,7
2024-09-16 14:57:13.168000,417.0565923732436,14
2024-09-16 14:57:13.394000,417.0755300535071,15
2024-09-16 14:57:13.420000,417.06113177564384,995
2024-09-16 14:57:13.454000,417.0903811595445,1001
2024-09-16 14:57:13.600000,417.1047293947069,997
2024-09-16 14:57:14.001000,417.1019922573331,1000
2024-09-16 14:57:14.040000,417.1241006611415,995
2024-09-16 14:57:14.090000,417.1206750716413,7
2024-09-16 14:57:14.092000,417.1048134086784,105
2024-09-16 14:57:14.116000,417.11430025659183,997
2024-09-16 14:57:14.138000,417.1169135715894,105
2024-09-16 14:57:14.163000,417.11335682464767,999
2024-09-16 14:57:14.778000,417.1260179357117,998
2024-09-16 14:57:15.024000,417.1255936740674,99
2024-09-16 14:57:15.074000,417.1057620069249,14
2024-09-16 14:57:15.115000,417.1238275895458,997
2024-09-16 14:57:15.181000,417.13327079241776,102
2024-09-16 14:57:15.195000,417.12127299876647,1001
2024-09-16 14:57:15.206000,417.1059921466528,1005
2024-09-16 14:57:15.223000,417.1163586155028,10
2024-09-16 14:57:15.274000,417.0797559993834,1004
2024-09-16 14:57:15.295000,417.1345123774357,998
2024-09-16 14:57:15.312000,417.1306110058874,997
2024-09-16 14:57:15.370000,417.1268423960024,999
2024-09-16 14:57:15.458000,417.1098006878142,101
2024-09-16 14:57:15.476000,417.1269977040629,997
2024-09-16 14:57:15.496000,417.11655847544495,10
2024-09-16 14:57:15.497000,417.08073417447616,99
2024-09-16 14:57:15.502000,417.10419684047145,99
2024-09-16 14:57:15.503000,417.0895910785074,996
2024-09-16 14:57:15.521000,417.124908034009,102
2024-09-16 14:57:15.543000,417.1372473646206,12
2024-09-16 14:57:15.618000,417.0966588534676,98
2024-09-16 14:57:15.627000,417.1022876632402,1001
2024-09-16 14:57:15.633000,417.1294908019439,12
2024-09-16 14:57:15.639000,417.1204868692742,99
2024-09-16 14:57:15.661000,417.0889807241578,13
2024-09-16 14:57:15.853000,417.1090522280464,99
2024-09-16 14:57:15.929000,417.1052205076746,996
2024-09-16 14:57:15.945000,417.1171564044668,102
2024-09-16 14:57:16.017000,417.1038059667047,15
2024-09-16 14:57:16.108000,417.0854170085024,9
2024-09-16 14:57:16.183000,417.10893216906766,102
2024-09-16 14:57:16.499000,417.0965316092247,1004
2024-09-16 14:57:16.621000,417.0879695890071,1001
2024-09-16 14:57:16.822000,417.092222432905,6
2024-09-16 14:57:17.006000,417.1084421793623,995
2024-09-16 14:57:17.026000,417.1277488351216,995
2024-09-16 14:57:17.133000,417.1328598834367,12
2024-09-16 14:57:17.285000,417.10502822453526,101
2024-09-16 14:57:17.329000,417.1388425361535,15
2024-09-16 14:57:17.339000,417.1308389996967,97
2024-09-16 14:57:17.377000,417.1362922904105,98
2024-09-16 14:57:17.528000,417.1246504712719,104
2024-09-16 14:57:17.633000,417.11543234765054,6
2024-09-16 14:57:17.636000,417.11261134571305,6
2024-09-16 14:57:17.722000,417.1169178654312,1001
2024-09-16 14:57:17.727000,417.1154692980044,102
2024-09-16 14:57:17.765000,417.1187587544823,100
2024-09-16 14:57:17.825000,417.1196211795403,96
2024-09-16 14:57:17.831000,417.10442851059565,999
2024-09-16 14:57:17.914000,417.1107268365796,1005
2024-09-16 14:57:17.948000,417.1315383004213,15
2024-09-16 14:57:18.008000,417.1690589523917,8
2024-09-16 14:57:18.026000,417.0729775712084,9
2024-09-16 14:57:18.039000,417.1735545864255,1000
2024-09-16 14:57:18.046000,417.0646939740508,6
2024-09-16 14:57:18.097000,417.0377253604653,1001
2024-09-16 14:57:18.170000,417.07329190223845,10
2024-09-16 14:57:18.234000,417.0738511397558,102
2024-09-16 14:57:18.275000,417.0614354615405,6
2024-09-16 14:57:18.339000,417.0614761797716,1002
2024-09-16 14:57:18.351000,417.1711821336584,97
2024-09-16 14:57:18.389000,417.0823473363744,1000
2024-09-16 14:57:18.448000,417.0767691225857,1002
2024-09-16 14:57:18.457000,417.03813083332847,15
2024-09-16 14:57:18.474000,417.11390635756754,996
2024-09-16 14:57:18.511000,417.1562252261159,96
2024-09-16 14:57:18.585000,417.08344294820273,1005
2024-09-16 14:57:18.595000,417.0964738919632,99
2024-09-16 14:57:18.643000,417.06433373840775,7
2024-09-16 14:57:18.714000,417.0673211574767,1000
2024-09-16 14:57:18.732000,417.0992134906709,1005
2024-09-16 14:57:18.794000,417.1834707062952,101
2024-09-16 14:57:18.881000,417.0736111428274,7
2024-09-16 14:57:18.988000,417.0866765352199,10
2024-09-16 14:57:19.035000,417.1479208034235,99
2024-09-16 14:57:19.048000,417.1495149572244,7
2024-09-16 14:57:19.200000,417.1654867579712,95
2024-09-16 14:57:19.435000,417.15221027678905,101
2024-09-16 14:57:19.521000,417.1468080590637,1003
2024-09-16 14:57:19.774000,417.1600263207412,98
2024-09-16 14:57:19.876000,417.15119385469865,14
2024-09-16 14:57:19.966000,417.1583722669733,96
2024-09-16 14:57:20.035000,417.1385533674651,105
2024-09-16 14:57:20.159000,417.11214868497,1003
2024-09-16 14:57:20.159000,417.1458577035781,102
2024-09-16 14:57:20.167000,417.1541479006576,95
2024-09-16 14:57:20.174000,417.1450578067632,15
2024-09-16 14:57:20.230000,417.1290827360885,11
2024-09-16 14:57:20.329000,417.1562336788384,6
2024-09-16 14:57:20.338000,417.1421349568911,10
2024-09-16 14:57:20.492000,417.1491905905729,996
2024-09-16 14:57:20.510000,417.1389306250343,13
2024-09-16 14:57:20.550000,417.1134114324225,5
2024-09-16 14:57:20.594000,417.1276010324619,102
2024-09-16 14:57:20.687000,417.1582946625512,1000
2024-09-16 14:57:20.824000,417.1386936306159,10
2024-09-16 14:57:20.869000,417.14279249191327,1002
2024-09-16 14:57:20.873000,417.14971281391456,98
2024-09-16 14:57:20.884000,417.1477396486656,1001
2024-09-16 14:57:20.891000,417.1332184091529,999
2024-09-16 14:57:20.952000,417.1269748855533,999
2024-09-16 14:57:20.961000,417.1489211087877,7
2024-09-16 14:57:20.970000,417.1240888233687,9
2024-09-16 14:57:21.203000,417.1177574379748,95
2024-09-16 14:57:21.519000,417.1536975815808,96
2024-09-16 14:57:21.926000,417.1344395920999,1004
2024-09-16 14:57:22.035000,417.1614292465472,11
2024-09-16 14:57:22.072000,417.1313775978141,996
2024-09-16 14:57:22.160000,417.142530418677,996
2024-09-16 14:57:22.624000,417.1605475341528,1000
2024-09-16 14:57:22.771000,417.1578485262244,95
2024-09-16 14:57:22.830000,417.1395433699877,15
2024-09-16 14:57:22.865000,417.122866531323,103
2024-09-16 14:57:22.877000,417.1668984787753,1005
2024-09-16 14:57:23.221000,417.12800918598407,101
2024-09-16 14:57:23.455000,417.138362654708,7
2024-09-16 14:57:23.969000,417.1101715078553,1001
2024-09-16 14:57:24.027000,417.1583040390424,7
2024-09-16 14:57:24.138000,417.1344036747946,7
2024-09-16 14:57:24.208000,417.147277082004,8
2024-09-16 14:57:24.420000,417.1496792483405,1003
2024-09-16 14:57:24.459000,417.1220040316705,997
2024-09-16 14:57:24.471000,417.14117303361166,15
2024-09-16 14:57:24.613000,417.1365216853383,5
2024-09-16 14:57:24.617000,417.1320197388648,1005
2024-09-16 14:57:24.736000,417.13044591480246,998
2024-09-16 14:57:24.789000,417.1173872225343,99
2024-09-16 14:57:24.938000,417.15748277500205,100
2024-09-16 14:57:25.142000,417.12325257681545,1005
2024-09-16 14:57:25.693000,417.14751966298974,6
2024-09-16 14:57:25.887000,417.1479286420724,14
2024-09-16 14:57:26.024000,417.1274155824088,14
2024-09-16 14:57:26.063000,417.1170927856784,1002
2024-09-16 14:57:26.089000,417.1125953621219,97
2024-09-16 14:57:26.135000,417.1110919970814,15
2024-09-16 14:57:26.137000,417.1287113063231,7
2024-09-16 14:57:26.338000,417.1430125158452,7
2024-09-16 14:57:26.340000,417.1178574265688,999
2024-09-16 14:57:26.341000,417.1086427233139,102
2024-09-16 14:57:26.363000,417.1236426505316,8
2024-09-16 14:57:26.382000,417.11993156997073,100
2024-09-16 14:57:26.388000,417.1105855697836,9
2024-09-16 14:57:26.392000,417.13300654134457,97
2024-09-16 14:57:26.566000,417.089297390128,15
2024-09-16 14:57:26.569000,417.1112773016927,10
2024-09-16 14:57:26.571000,417.1182248457752,98
2024-09-16 14:57:26.600000,417.1173352361226,996
2024-09-16 14:57:26.718000,417.12554099818647,999
2024-09-16 14:57:26.735000,417.10543632009103,96
2024-09-16 14:57:26.767000,417.109666296143,997
2024-09-16 14:57:26.807000,417.11638794701713,6
2024-09-16 14:57:26.895000,417.1053632658013,95
2024-09-16 14:57:26.917000,417.1221231567023,10
2024-09-16 14:57:26.935000,417.1558170728392,1005
2024-09-16 14:57:26.958000,417.1024276403532,1005
2024-09-16 14:57:27.054000,417.195454777453,9
2024-09-16 14:57:27.054000,417.16392988540673,12
2024-09-16 14:57:27.066000,417.2164976599291,998
2024-09-16 14:57:27.076000,417.18604856628616,8
2024-09-16 14:57:27.201000,417.1935507605666,97
2024-09-16 14:57:27.213000,417.1985962233368,15
2024-09-16 14:57:27.239000,417.1886453785902,13
2024-09-16 14:57:27.240000,417.193035671913,996
2024-09-16 14:57:27.272000,417.1858011323789,97
2024-09-16 14:57:27.317000,417.2061306633788,15
2024-09-16 14:57:27.319000,417.1914942186464,1002
2024-09-16 14:57:27.321000,417.17421301576144,9
2024-09-16 14:57:27.391000,417.2229375323597,10
2024-09-16 14:57:27.395000,417.1970186199686,8
2024-09-16 14:57:27.399000,417.18270836768806,999
2024-09-16 14:57:27.402000,417.2074942502186,13
2024-09-16 14:57:27.534000,417.224559129558,105
2024-09-16 14:57:27.566000,417.2007423565069,9
2024-09-16 14:57:27.613000,417.2035918961934,998
2024-09-16 14:57:27.614000,417.1830374889843,996
2024-09-16 14:57:27.616000,417.1954900988841,999
2024-09-16 14:57:27.647000,417.164362432316,99
2024-09-16 14:57:27.684000,417.22245698394073,95
2024-09-16 14:57:27.771000,417.16937963831737,96
2024-09-16 14:57:27.855000,417.1848981378418,1005
2024-09-16 14:57:27.874000,417.1926097612453,12
2024-09-16 14:57:27.966000,417.2276753425911,104
2024-09-16 14:57:27.999000,417.21015253046846,11
2024-09-16 14:57:28.042000,417.2222002781917,95
2024-09-16 14:57:28.078000,417.23241445352807,14
2024-09-16 14:57:28.080000,417.1988482663232,8
2024-09-16 14:57:28.085000,417.195167384977,996
2024-09-16 14:57:28.115000,417.2156726852815,9
2024-09-16 14:57:28.129000,417.1857612143946,1001
2024-09-16 14:57:28.152000,417.20785306528927,1005
2024-09-16 14:57:28.192000,417.1961728091773,11
2024-09-16 14:57:28.261000,417.1815721397943,13
2024-09-16 14:57:28.265000,417.2208128459232,1000
2024-09-16 14:57:28.265000,417.1985715503713,104
2024-09-16 14:57:28.283000,417.2228099849593,995
2024-09-16 14:57:28.323000,417.1934175772817,102
2024-09-16 14:57:28.359000,417.19612950446543,7
2024-09-16 14:57:28.435000,417.22205154402633,7
2024-09-16 14:57:28.437000,417.2095318293004,99
2024-09-16 14:57:28.478000,417.1724593883313,9
2024-09-16 14:57:28.599000,417.205658153352,101
2024-09-16 14:57:28.714000,417.196776958266,1004
2024-09-16 14:57:28.805000,417.21888724735146,1004
2024-09-16 14:57:28.947000,417.2003656050556,104
2024-09-16 14:57:28.959000,417.2340518038209,97
2024-09-16 14:57:28.962000,417.20271294059467,1001
2024-09-16 14:57:29.113000,417.2050457960648,1001
2024-09-16 14:57:29.159000,417.1898876395472,15
2024-09-16 14:57:29.361000,417.1759281941892,102
2024-09-16 14:57:29.392000,417.2389645111421,96
2024-09-16 14:57:29.405000,417.1805864249188,1004
2024-09-16 14:57:29.449000,417.1616863128637,12
2024-09-16 14:57:29.496000,417.243934640594,103
2024-09-16 14:57:29.512000,417.2082014495744,95
2024-09-16 14:57:29.543000,417.2132245101109,10
2024-09-16 14:57:29.655000,417.1707888776018,101
2024-09-16 14:57:29.660000,417.2486217315174,14
2024-09-16 14:57:29.662000,417.1930789998516,7
2024-09-16 14:57:29.671000,417.2315259789591,9
2024-09-16 14:57:29.687000,417.20587022621424,997
2024-09-16 14:57:29.717000,417.2448700338129,1003
2024-09-16 14:57:29.850000,417.18097983027945,1005
2024-09-16 14:57:29.917000,417.2053031973892,99
2024-09-16 14:57:29.962000,417.1602691596291,100
2024-09-16 14:57:29.985000,417.24645607959474,99
2024-09-16 14:57:30.102000,417.2284006132332,1002
2024-09-16 14:57:30.236000,417.24005211433246,1003
2024-09-16 14:57:30.259000,417.21206594326975,15
2024-09-16 14:57:30.417000,417.2295746286633,99
2024-09-16 14:57:30.497000,417.2455179367808,5
2024-09-16 14:57:30.538000,417.2254942814212,1002
2024-09-16 14:57:30.540000,417.2280692254583,1002
2024-09-16 14:57:30.566000,417.2200416210782,9
2024-09-16 14:57:30.640000,417.2218021224153,14
2024-09-16 14:57:30.710000,417.2281030738188,101
2024-09-16 14:57:30.824000,417.23372408517207,5
2024-09-16 14:57:30.874000,417.2239485846654,97
2024-09-16 14:57:30.924000,417.22791952565706,102
2024-09-16 14:57:31.091000,417.2340483634397,1000
2024-09-16 14:57:31.185000,417.2366419757756,98
2024-09-16 14:57:31.215000,417.2465740159311,11
2024-09-16 14:57:31.215000,417.23523724132656,99
2024-09-16 14:57:31.229000,417.23349290087725,98
2024-09-16 14:57:31.257000,417.2274629042487,13
2024-09-16 14:57:31.262000,417.2195962654508,998
2024-09-16 14:57:31.285000,417.1555642866512,13
2024-09-16 14:57:31.298000,417.2119547830421,1002
2024-09-16 14:57:31.315000,418.6657211221423,9
2024-09-16 14:57:31.401000,417.2021506699234,13
2024-09-16 14:57:31.437000,417.189137573219,105
2024-09-16 14:57:31.487000,417.1696894079106,104
2024-09-16 14:57:31.556000,417.2249788261663,95
2024-09-16 14:57:31.619000,417.2187156092431,101
2024-09-16 14:57:31.687000,417.21819335624,14
2024-09-16 14:57:31.701000,417.2227030739611,1003
2024-09-16 14:57:31.739000,417.2287879136992,105
2024-09-16 14:57:31.816000,417.1736288559838,1001
2024-09-16 14:57:31.853000,417.1984886022021,14
2024-09-16 14:57:31.882000,417.20995884585966,998
2024-09-16 14:57:31.956000,417.2271811015834,10
2024-09-16 14:57:31.958000,417.2270336908493,96
2024-09-16 14:57:31.979000,417.2443489643831,9
2024-09-16 14:57:32.005000,417.20290767881335,7
2024-09-16 14:57:32.012000,417.140132914455,1004
2024-09-16 14:57:32.025000,417.19003935999046,998
2024-09-16 14:57:32.039000,417.1833111304412,102
2024-09-16 14:57:32.100000,417.17246147127867,11
2024-09-16 14:57:32.121000,417.1293406104631,102
2024-09-16 14:57:32.148000,417.1989033284144,1004
2024-09-16 14:57:32.208000,417.1526594139743,1005
2024-09-16 14:57:32.220000,417.1668186831639,98
2024-09-16 14:57:32.311000,417.1880495212739,1005
2024-09-16 14:57:32.334000,417.1990268552776,97
2024-09-16 14:57:32.346000,418.6880004905433,1001
2024-09-16 14:57:32.354000,417.15691426357625,1003
2024-09-16 14:57:32.382000,417.1861023930555,998
2024-09-16 14:57:32.387000,417.1851019452381,13
2024-09-16 14:57:32.467000,417.1475534162618,998
2024-09-16 14:57:32.479000,417.1603086852584,1002
2024-09-16 14:57:32.516000,417.1562313087844,10
2024-09-16 14:57:32.527000,417.1508861334533,1004
2024-09-16 14:57:32.591000,417.1504999780568,102
2024-09-16 14:57:32.595000,417.1816145968776,995
2024-09-16 14:57:32.596000,417.15769931425575,1001
2024-09-16 14:57:32.607000,417.1900321929813,1000
2024-09-16 14:57:32.690000,417.176019069207,999
2024-09-16 14:57:32.748000,417.19623671209234,99
2024-09-16 14:57:32.774000,417.163150536153,10
2024-09-16 14:57:32.798000,417.12881473268055,13
2024-09-16 14:57:32.869000,417.175170594359,101
2024-09-16 14:57:32.962000,417.1379176181728,98
2024-09-16 14:57:32.969000,417.1688000894699,8
2024-09-16 14:57:33.040000,417.2076724341559,1001
2024-09-16 14:57:33.102000,417.1670759972335,12
2024-09-16 14:57:33.151000,417.1946831959645,7
2024-09-16 14:57:33.154000,417.18146476841696,14
2024-09-16 14:57:33.201000,417.1763211654784,998
2024-09-16 14:57:33.216000,417.2017097868196,1004
2024-09-16 14:57:33.236000,417.1856596837255,13
2024-09-16 14:57:33.237000,417.2025968924675,996
2024-09-16 14:57:33.286000,417.1935236054416,12
2024-09-16 14:57:33.407000,417.2039061749905,105
2024-09-16 14:57:33.444000,417.2099792829979,1003
2024-09-16 14:57:33.454000,417.1843984326446,13
2024-09-16 14:57:33.464000,417.1810046715233,5
2024-09-16 14:57:33.492000,417.1955986611819,95
2024-09-16 14:57:33.494000,417.1746708914876,998
2024-09-16 14:57:33.695000,417.1871086251159,998
2024-09-16 14:57:33.748000,417.1924129975301,998
2024-09-16 14:57:33.766000,417.18112574298567,1002
2024-09-16 14:57:33.772000,417.2027325177518,997
2024-09-16 14:57:33.887000,417.1998689639831,103
2024-09-16 14:57:33.917000,417.2018229171877,11
2024-09-16 14:57:33.982000,417.155571047192,995
2024-09-16 14:57:33.998000,417.1931483644587,104
2024-09-16 14:57:34.092000,417.19768034930377,8
2024-09-16 14:57:34.433000,417.1752327063873,101
2024-09-16 14:57:34.622000,417.1973984414561,105
2024-09-16 14:57:34.675000,417.1821378442191,99
2024-09-16 14:57:34.739000,417.1886893950781,100
2024-09-16 14:57:34.756000,417.18976603888177,101
2024-09-16 14:57:35.061000,417.2553246929334,99
2024-09-16 14:57:35.087000,417.2542777956228,13
2024-09-16 14:57:35.111000,417.3019816528783,9
2024-09-16 14:57:35.282000,417.27403990243727,14
2024-09-16 14:57:35.352000,417.26523047303976,12
2024-09-16 14:57:35.353000,417.2996382275304,103
2024-09-16 14:57:35.388000,417.2655388906293,12
2024-09-16 14:57:35.441000,417.22853456138097,104
2024-09-16 14:57:35.451000,417.2829416092829,1005
2024-09-16 14:57:35.455000,417.2979655412509,105
2024-09-16 14:57:35.494000,417.26911125023526,13
2024-09-16 14:57:35.554000,417.3022914242288,1005
2024-09-16 14:57:35.570000,417.2869768107254,105
2024-09-16 14:57:35.582000,417.3009533718265,996
2024-09-16 14:57:35.691000,417.2856177051924,15
2024-09-16 14:57:35.775000,417.2639917828597,95
2024-09-16 14:57:35.811000,417.244449828298,1003
2024-09-16 14:57:35.822000,417.28823050653216,1003
2024-09-16 14:57:35.840000,417.3008853749064,97
2024-09-16 14:57:35.859000,417.3020963984844,103
2024-09-16 14:57:35.874000,417.2996518217804,103
2024-09-16 14:57:35.884000,417.2983451361738,105
2024-09-16 14:57:35.907000,417.27995821691314,1004
2024-09-16 14:57:35.943000,417.2848359436999,5
2024-09-16 14:57:35.950000,417.29540324388046,5
2024-09-16 14:57:36.097000,417.269546906492,1003
2024-09-16 14:57:36.190000,417.2756878882903,1001
2024-09-16 14:57:36.294000,417.2612170767283,96
2024-09-16 14:57:36.296000,417.25616802504726,99
2024-09-16 14:57:36.323000,417.2487105441689,15
2024-09-16 14:57:36.336000,417.2613926662599,7
2024-09-16 14:57:36.417000,417.2460316779448,103
2024-09-16 14:57:36.464000,417.2454606167543,11
2024-09-16 14:57:36.558000,417.2751784431688,5
2024-09-16 14:57:36.601000,417.2479046023158,103
2024-09-16 14:57:36.748000,417.2648391557136,996
2024-09-16 14:57:36.922000,417.2630655366976,8
2024-09-16 14:57:37.014000,417.2453549228718,5
2024-09-16 14:57:37.058000,417.3219201064849,1005
2024-09-16 14:57:37.178000,417.2226641197804,995
2024-09-16 14:57:37.201000,417.2651754967727,14
2024-09-16 14:57:37.241000,417.25541854142114,10
2024-09-16 14:57:37.279000,417.293777893027,104
2024-09-16 14:57:37.452000,417.266143170885,97
2024-09-16 14:57:37.498000,417.2591315110007,1003
2024-09-16 14:57:37.534000,417.2647210616032,1003
2024-09-16 14:57:37.536000,417.27284995414,999
2024-09-16 14:57:37.610000,417.2881429952857,1002
2024-09-16 14:57:37.647000,417.2281113034884,105
2024-09-16 14:57:37.752000,417.3102824379319,995
2024-09-16 14:57:37.770000,417.2506638742012,8
2024-09-16 14:57:37.789000,417.2649078964869,95
2024-09-16 14:57:37.807000,417.2386249154002,996
2024-09-16 14:57:37.832000,417.2712269074544,104
2024-09-16 14:57:37.849000,417.26034594195215,1001
2024-09-16 14:57:37.950000,417.2279121293648,10
2024-09-16 14:57:38.068000,417.2576501316194,103
2024-09-16 14:57:38.331000,417.2663096258294,1003
2024-09-16 14:57:38.332000,417.27435214803467,995
2024-09-16 14:57:38.509000,417.2684352037856,13
2024-09-16 14:57:38.614000,417.25791615032,1001
2024-09-16 14:57:38.737000,417.2691484201574,1004
2024-09-16 14:57:38.982000,417.25388187907936,8
2024-09-16 14:57:39.056000,417.3354249590857,99
2024-09-16 14:57:39.142000,417.2700438748008,13
2024-09-16 14:57:39.228000,417.29625561548727,10
2024-09-16 14:57:39.234000,417.2807262890326,1001
2024-09-16 14:57:39.248000,417.2822807732312,99
2024-09-16 14:57:39.276000,417.2584070876097,100
2024-09-16 14:57:39.293000,417.2872580136674,10
2024-09-16 14:57:39.364000,417.26927560834497,8
2024-09-16 14:57:39.430000,417.2757103635515,6
2024-09-16 14:57:39.516000,417.2759046994989,1000
2024-09-16 14:57:39.526000,417.2686562919181,8
2024-09-16 14:57:39.607000,417.2952894331796,101
2024-09-16 14:57:39.691000,417.2586770329219,5
2024-09-16 14:57:39.719000,417.2808786980584,999
2024-09-16 14:57:39.738000,417.27802507670543,1003
2024-09-16 14:57:39.756000,417.29219762851415,7
2024-09-16 14:57:39.795000,417.2794187084669,101
2024-09-16 14:57:39.812000,417.2679077633469,15
2024-09-16 14:57:39.825000,417.2723940185178,1000
2024-09-16 14:57:39.829000,417.3298962771759,96
2024-09-16 14:57:39.908000,417.2947046774848,5
2024-09-16 14:57:39.955000,417.2550074258915,997
2024-09-16 14:57:40.383000,417.3429374872273,1005
2024-09-16 14:57:40.538000,417.3203317539396,10
2024-09-16 14:57:40.909000,417.325892936132,998
2024-09-16 14:57:40.979000,417.3498799519115,14
2024-09-16 14:57:41.171000,417.3419047900664,104
2024-09-16 14:57:41.192000,417.3484497634541,102
2024-09-16 14:57:41.343000,417.32715347285136,1003
2024-09-16 14:57:41.354000,417.33220215085896,1003
2024-09-16 14:57:41.417000,417.3354960911104,95
2024-09-16 14:57:41.453000,417.3326940070033,97
2024-09-16 14:57:41.610000,417.3222647026578,101
2024-09-16 14:57:41.706000,417.3303178685621,6
2024-09-16 14:57:41.800000,417.3243573459085,5
2024-09-16 14:57:41.847000,417.3146176162136,97
2024-09-16 14:57:41.934000,417.3246026388832,104
2024-09-16 14:57:42.042000,417.3693930628273,6
2024-09-16 14:57:42.208000,417.33911864578414,95
2024-09-16 14:57:42.305000,417.3639747203686,995
2024-09-16 14:57:42.313000,417.35864140325737,103
2024-09-16 14:57:42.438000,417.35600452329504,14
2024-09-16 14:57:42.446000,417.3528552443273,100
2024-09-16 14:57:42.471000,417.3657651199937,96
2024-09-16 14:57:42.627000,417.3714289535841,8
2024-09-16 14:57:42.650000,417.3735000357077,5
2024-09-16 14:57:42.686000,417.3738553794034,1003
2024-09-16 14:57:42.875000,417.3793817748058,15
2024-09-16 14:57:42.914000,417.3536867117624,1002
2024-09-16 14:57:43.005000,417.27649190439513,96
2024-09-16 14:57:43.030000,417.3169232804042,100
2024-09-16 14:57:43.040000,417.2594625061673,1004
2024-09-16 14:57:43.044000,417.28015789942026,1000
2024-09-16 14:57:43.072000,417.3459940430287,1005
2024-09-16 14:57:43.079000,417.34897489048126,6
2024-09-16 14:57:43.132000,417.2840589036186,10
2024-09-16 14:57:43.158000,417.3386664518461,100
2024-09-16 14:57:43.208000,417.2540844950285,1001
2024-09-16 14:57:43.231000,417.26133479700815,7
2024-09-16 14:57:43.234000,417.3476760476548,101
2024-09-16 14:57:43.281000,417.3385055875162,998
2024-09-16 14:57:43.287000,417.3151415925301,13
2024-09-16 14:57:43.391000,417.3413887684586,6
2024-09-16 14:57:43.402000,417.32638503485686,6
2024-09-16 14:57:43.474000,417.3092291918241,1003
2024-09-16 14:57:43.483000,417.3136125102423,12
2024-09-16 14:57:43.516000,417.2808710212434,97
2024-09-16 14:57:43.593000,417.3278586831766,10
2024-09-16 14:57:43.621000,417.2721535265365,98
2024-09-16 14:57:43.713000,417.25843060414974,15
2024-09-16 14:57:43.755000,417.3237447625592,96
2024-09-16 14:57:43.873000,417.34154824087534,104
2024-09-16 14:57:43.921000,417.3338245200895,1004
2024-09-16 14:57:43.932000,417.3431791304172,104
2024-09-16 14:57:43.932000,417.3002408668783,105
2024-09-16 14:57:44.050000,417.320335772454,996
2024-09-16 14:57:44.130000,417.30192109597647,995
2024-09-16 14:57:44.163000,417.3567686659692,100
2024-09-16 14:57:44.279000,417.3371151478178,15
2024-09-16 14:57:44.310000,417.36145409690073,1005
2024-09-16 14:57:44.335000,417.3732301630444,96
2024-09-16 14:57:44.356000,417.3448839386884,997
2024-09-16 14:57:44.367000,417.3605675113618,1001
2024-09-16 14:57:44.490000,417.2805203000868,102
2024-09-16 14:57:44.541000,417.3724443257775,11
2024-09-16 14:57:44.555000,417.2936410122501,104
2024-09-16 14:57:44.567000,417.368155642526,1002
2024-09-16 14:57:44.587000,417.2855461428663,97
2024-09-16 14:57:44.647000,417.3295852199028,15
2024-09-16 14:57:44.684000,417.3268074283165,100
2024-09-16 14:57:44.805000,417.3405972152116,12
2024-09-16 14:57:44.895000,417.28344349254826,10
2024-09-16 14:57:44.896000,417.3157770952947,9
2024-09-16 14:57:45.108000,417.3154246781972,98
2024-09-16 14:57:45.193000,417.32970219311466,96
2024-09-16 14:57:45.237000,417.3161104690273,5
2024-09-16 14:57:45.262000,417.3027871570235,103
2024-09-16 14:57:45.264000,417.32240162052005,100
2024-09-16 14:57:45.345000,417.3180474953625,98
2024-09-16 14:57:45.356000,418.4463822311674,998
2024-09-16 14:57:45.574000,417.3069243802682,6
2024-09-16 14:57:45.648000,417.2786889775854,9
2024-09-16 14:57:45.698000,417.31579131649056,100
2024-09-16 14:57:45.823000,417.3037480740912,97
2024-09-16 14:57:45.835000,417.305763977888,998
2024-09-16 14:57:45.860000,417.2999632105264,1001
2024-09-16 14:57:45.987000,417.3062643301892,15
2024-09-16 14:57:46.015000,417.459084797576,9
2024-09-16 14:57:46.039000,417.3991022967544,1004
2024-09-16 14:57:46.079000,417.3876913042404,998
2024-09-16 14:57:46.186000,417.470436155907,1001
2024-09-16 14:57:46.212000,417.4273871995583,6
2024-09-16 14:57:46.216000,417.32228367480513,5
2024-09-16 14:57:46.292000,417.46548450815897,1004
2024-09-16 14:57:46.315000,417.4335406859099,102
2024-09-16 14:57:46.374000,417.3779848435476,1001
2024-09-16 14:57:46.430000,417.39435801635767,996
2024-09-16 14:57:46.462000,417.3826165605525,6
2024-09-16 14:57:46.513000,417.3731291676525,103
2024-09-16 14:57:46.518000,417.4377973005222,12
2024-09-16 14:57:46.565000,417.43036865525096,104
2024-09-16 14:57:46.699000,417.357250672198,101
2024-09-16 14:57:46.703000,417.37375221456057,97
2024-09-16 14:57:46.706000,417.3848635151999,13
2024-09-16 14:57:46.708000,417.40355840263896,1001
2024-09-16 14:57:46.764000,417.41414024505445,99
2024-09-16 14:57:46.805000,417.4245215315403,1001
2024-09-16 14:57:46.830000,417.3813941331839,1005
2024-09-16 14:57:46.884000,417.43011266742127,1005
2024-09-16 14:57:46.896000,417.4405416867037,9
2024-09-16 14:57:46.913000,417.4393238101612,15
2024-09-16 14:57:46.914000,417.4303780577268,1005
2024-09-16 14:57:46.983000,417.3808359349978,97
2024-09-16 14:57:46.989000,417.4194773820384,1002
2024-09-16 14:57:47.159000,417.43560277841794,11
2024-09-16 14:57:47.275000,417.4288911708665,15
2024-09-16 14:57:47.308000,417.4107154712594,99
2024-09-16 14:57:47.356000,417.4079021050746,14
2024-09-16 14:57:47.374000,417.4413697928793,997
2024-09-16 14:57:47.394000,417.4294479683683,95
2024-09-16 14:57:47.506000,417.43549165547074,102
2024-09-16 14:57:47.509000,417.4004299340455,997
2024-09-16 14:57:47.534000,417.42763939113024,98
2024-09-16 14:57:47.610000,417.4348709813906,100
2024-09-16 14:57:47.708000,417.4220021455033,1002
2024-09-16 14:57:47.746000,417.43718752333166,99
2024-09-16 14:57:47.787000,417.401553295694,103
2024-09-16 14:57:47.850000,417.43635711480334,1003
2024-09-16 14:57:47.902000,417.4460624344691,102
2024-09-16 14:57:47.916000,417.4245852118096,102
2024-09-16 14:57:48.055000,417.4121896224148,102
2024-09-16 14:57:48.063000,417.4046005221142,8
2024-09-16 14:57:48.142000,417.4130278448144,103
2024-09-16 14:57:48.292000,417.40319162244,9
2024-09-16 14:57:48.294000,417.38996151495735,105
2024-09-16 14:57:48.329000,417.40907288758575,100
2024-09-16 14:57:48.380000,417.41132079451233,9
2024-09-16 14:57:48.432000,417.4151682075319,1002
2024-09-16 14:57:48.437000,417.3596072343392,997
2024-09-16 14:57:48.496000,417.3715904650903,997
2024-09-16 14:57:48.500000,417.3706281585478,101
2024-09-16 14:57:48.528000,417.3657921884145,96
2024-09-16 14:57:48.548000,417.3830196014445,95
2024-09-16 14:57:48.588000,417.4102012728815,10
2024-09-16 14:57:48.620000,417.39497790361264,7
2024-09-16 14:57:48.649000,417.3672345296979,97
2024-09-16 14:57:48.687000,417.40147425238257,996
2024-09-16 14:57:48.711000,417.4258928501009,7
2024-09-16 14:57:48.747000,417.39083272114215,1002
2024-09-16 14:57:48.764000,417.3941936561965,995
2024-09-16 14:57:48.781000,417.355451224718,999
2024-09-16 14:57:48.785000,417.4160361404988,1005
2024-09-16 14:57:48.874000,417.3524443820233,100
2024-09-16 14:57:48.897000,417.4123432043816,102
2024-09-16 14:57:48.936000,417.41975516617526,101
2024-09-16 14:57:48.998000,417.37440639937233,1004
2024-09-16 14:57:49.006000,417.23198382443024,996
2024-09-16 14:57:49.104000,417.22496154605966,995
2024-09-16 14:57:49.118000,417.2806778549997,1003
2024-09-16 14:57:49.129000,417.2409471190329,11
2024-09-16 14:57:49.213000,417.2362997542468,1002
2024-09-16 14:57:49.271000,417.2463750756353,1001
2024-09-16 14:57:49.461000,417.2405639396569,9
2024-09-16 14:57:49.490000,417.3110040149127,1002
2024-09-16 14:57:49.543000,417.2408895548339,9
2024-09-16 14:57:49.637000,417.24947687779246,15
2024-09-16 14:57:49.660000,417.23921340989,12
2024-09-16 14:57:49.701000,417.3040274918393,102
2024-09-16 14:57:49.737000,417.22182506891465,105
2024-09-16 14:57:49.748000,417.24102816693335,95
2024-09-16 14:57:49.764000,417.29239013341584,14
2024-09-16 14:57:49.871000,417.3524700551143,101
2024-09-16 14:57:49.887000,417.26290844874336,95
2024-09-16 14:57:49.899000,417.24135105163566,1000
2024-09-16 14:57:49.904000,417.2993329246205,1002
2024-09-16 14:57:49.917000,417.3199687174895,104
2024-09-16 14:57:49.950000,417.2592297143204,1005
2024-09-16 14:57:49.971000,417.25420096497874,15
2024-09-16 14:57:50.015000,417.193255426428,105
2024-09-16 14:57:50.078000,417.217098976495,1005
2024-09-16 14:57:50.096000,417.1966032221968,1001
2024-09-16 14:57:50.144000,417.2167971888245,1002
2024-09-16 14:57:50.152000,417.2322718926178,1005
2024-09-16 14:57:50.185000,417.24508580015134,100
2024-09-16 14:57:50.208000,417.2318443621636,995
2024-09-16 14:57:50.222000,417.204475202548,1004
2024-09-16 14:57:50.239000,417.2048509415335,995
2024-09-16 14:57:50.271000,417.1964045780769,1001
2024-09-16 14:57:50.328000,417.2230741624137,10
2024-09-16 14:57:50.401000,417.1782978654425,1001
2024-09-16 14:57:50.406000,417.20315745784126,1005
2024-09-16 14:57:50.432000,417.23907922201465,1005
2024-09-16 14:57:50.468000,417.2199938844027,6
2024-09-16 14:57:50.489000,417.21195130203625,95
2024-09-16 14:57:50.727000,417.2156430817403,95
2024-09-16 14:57:50.795000,417.2374774061066,7
2024-09-16 14:57:50.848000,417.220671085409,6
2024-09-16 14:57:50.957000,417.21100992349966,103
2024-09-16 14:57:50.962000,417.1973073741124,8
2024-09-16 14:57:50.973000,417.2186708396258,98
2024-09-16 14:57:50.975000,417.2359504136519,97
2024-09-16 14:57:50.983000,417.23885804920207,996
2024-09-16 14:57:51.108000,417.11945419626255,11
2024-09-16 14:57:51.120000,417.1004496898561,6
2024-09-16 14:57:51.177000,417.2223293460392,13
2024-09-16 14:57:51.290000,417.1418952495182,996
2024-09-16 14:57:51.355000,417.22641089689,5
2024-09-16 14:57:51.387000,417.1743013121016,101
2024-09-16 14:57:51.417000,417.1012822607302,1002
2024-09-16 14:57:51.418000,417.10534734147177,96
2024-09-16 14:57:51.497000,417.0985836182086,999
2024-09-16 14:57:51.525000,417.1186686919472,100
2024-09-16 14:57:51.533000,417.2212799941547,100
2024-09-16 14:57:51.597000,417.17890384988215,1000
2024-09-16 14:57:51.623000,417.13383537480377,1002
2024-09-16 14:57:51.717000,417.1537106537932,102
2024-09-16 14:57:51.746000,417.15589764261983,15
2024-09-16 14:57:51.863000,417.1990588357283,101
2024-09-16 14:57:51.888000,417.2005851152039,5
2024-09-16 14:57:52.504000,417.1224836137014,15
2024-09-16 14:57:52.996000,417.1037461268188,100
2024-09-16 14:57:53.024000,417.0828734471899,14
2024-09-16 14:57:53.051000,418.4657605550304,13
2024-09-16 14:57:53.079000,417.0648842963373,8
2024-09-16 14:57:53.110000,417.0837525138272,97
2024-09-16 14:57:53.130000,417.09673241687705,1003
2024-09-16 14:57:53.269000,417.0490491912317,100
2024-09-16 14:57:53.309000,417.1035549183056,101
2024-09-16 14:57:53.322000,417.0997052207785,999
2024-09-16 14:57:53.379000,417.09088215408417,11
2024-09-16 14:57:53.419000,417.08181482999566,997
2024-09-16 14:57:53.534000,417.0806569384755,995
2024-09-16 14:57:53.583000,417.0854703920219,100
2024-09-16 14:57:53.634000,417.09606986731626,99
2024-09-16 14:57:53.683000,417.09507333005575,9
2024-09-16 14:57:53.714000,418.495672819178,95
2024-09-16 14:57:53.754000,417.088475798985,102
2024-09-16 14:57:53.767000,417.07677660122295,1004
2024-09-16 14:57:53.871000,417.1058832032598,7
2024-09-16 14:57:53.920000,417.09950162791546,98
2024-09-16 14:57:54.035000,417.0750684147668,1003
2024-09-16 14:57:54.062000,417.0713795762565,1000
2024-09-16 14:57:54.261000,417.0347739430779,104
2024-09-16 14:57:54.497000,417.0804439499258,12
2024-09-16 14:57:54.534000,417.0657042300385,8
2024-09-16 14:57:54.534000,417.0394806290501,11
2024-09-16 14:57:54.570000,417.03597541966826,1000
2024-09-16 14:57:54.600000,417.0437241163622,97
2024-09-16 14:57:54.634000,417.05172615556353,103
2024-09-16 14:57:54.643000,417.0530075271175,10
2024-09-16 14:57:54.667000,417.0484996476229,1000
2024-09-16 14:57:54.712000,417.0758199175036,12
2024-09-16 14:57:54.727000,417.080215315971,1004
2024-09-16 14:57:54.754000,417.0664601002691,95
2024-09-16 14:57:54.878000,417.056818323448,1000
2024-09-16 14:57:54.937000,417.07414829184313,7
2024-09-16 14:57:55.069000,417.04686616717646,97
2024-09-16 14:57:55.095000,417.0506143528633,104
2024-09-16 14:57:55.320000,417.0468264806251,1004
2024-09-16 14:57:55.567000,417.0566997240693,98
2024-09-16 14:57:55.662000,417.0686996091086,1000
2024-09-16 14:57:55.681000,417.05156561702944,6
2024-09-16 14:57:56.003000,417.0530900962424,8
2024-09-16 14:57:56.084000,417.0189784888447,1003
2024-09-16 14:57:56.123000,417.0246678081503,102
2024-09-16 14:57:56.137000,417.0098613200303,13
2024-09-16 14:57:56.205000,417.0325989884721,103
2024-09-16 14:57:56.275000,417.0392281703562,998
2024-09-16 14:57:56.276000,417.0431262138858,10
2024-09-16 14:57:56.427000,417.0279293165093,12
2024-09-16 14:57:56.470000,417.0313428246185,98
2024-09-16 14:57:56.513000,417.03670346389896,1002
2024-09-16 14:57:56.567000,417.0218259301894,102
2024-09-16 14:57:56.745000,417.0278596763064,1005
2024-09-16 14:57:56.768000,417.0197131549555,14
2024-09-16 14:57:56.779000,417.0170107043453,999
2024-09-16 14:57:57.028000,416.97927462382864,14
2024-09-16 14:57:57.098000,416.99245673133817,1003
2024-09-16 14:57:57.145000,416.98306771113295,101
2024-09-16 14:57:57.167000,416.9722044090443,1005
2024-09-16 14:57:57.183000,416.9961873444835,997
2024-09-16 14:57:57.294000,416.9684538045849,8
2024-09-16 14:57:57.298000,416.9956603977709,1001
2024-09-16 14:57:57.304000,416.9819166563972,12
2024-09-16 14:57:57.384000,417.0056574301082,101
2024-09-16 14:57:57.470000,416.9824095982784,14
2024-09-16 14:57:57.506000,417.0049685253613,102
2024-09-16 14:57:57.518000,417.0174663321356,1003
2024-09-16 14:57:57.586000,416.9847542256508,997
2024-09-16 14:57:57.670000,417.0119774162248,12
2024-09-16 14:57:57.706000,416.9821362780546,1001
2024-09-16 14:57:57.722000,416.9727847552363,97
2024-09-16 14:57:57.763000,416.99864711978,5
2024-09-16 14:57:57.907000,416.9797767906701,11
2024-09-16 14:57:57.911000,416.9762951296972,103
2024-09-16 14:57:58.115000,416.9980020144073,8
2024-09-16 14:57:58.552000,417.0117622529513,8
2024-09-16 14:57:58.628000,417.002450385184,12
2024-09-16 14:57:58.651000,417.0274561516055,105
2024-09-16 14:57:58.998000,417.0079775809308,98
2024-09-16 14:57:59.176000,416.9936968058976,98
2024-09-16 14:57:59.185000,417.0083043164146,12
2024-09-16 14:57:59.237000,416.99069668937705,103
2024-09-16 14:57:59.289000,417.0042328773199,1005
2024-09-16 14:57:59.350000,418.51346057707775,97
2024-09-16 14:57:59.614000,417.01615869127,97
2024-09-16 14:57:59.635000,417.0073508424072,11
2024-09-16 14:57:59.764000,417.013597215498,97
2024-09-16 14:57:59.840000,416.9944539078205,1003
2024-09-16 14:57:59.869000,417.01238957232925,10
2024-09-16 14:57:59.882000,416.987368368832,14
2024-09-16 14:57:59.909000,416.9853106473593,14
2024-09-16 14:57:59.946000,417.0120746096299,96
2024-09-16 14:57:59.949000,417.0021894579754,1005
2024-09-16 14:57:59.957000,416.99365167618106,5
2024-09-16 14:57:59.998000,417.0011181972153,99
