Timestamp,Price,Size
2024-09-17 10:29:00.036000,414.6348862311272,105
2024-09-17 10:29:00.180000,414.65879072373406,97
2024-09-17 10:29:00.204000,414.6578547499588,999
2024-09-17 10:29:00.320000,414.673197769844,97
2024-09-17 10:29:00.454000,414.6553918155349,102
2024-09-17 10:29:00.617000,414.6711382679457,105
2024-09-17 10:29:00.672000,414.66615202581886,996
2024-09-17 10:29:00.825000,414.6666288620878,5
2024-09-17 10:29:00.837000,414.6487173984542,105
2024-09-17 10:29:00.859000,414.6468644448999,996
2024-09-17 10:29:01.006000,414.6627761404328,1003
2024-09-17 10:29:01.053000,414.69883307550674,101
2024-09-17 10:29:01.055000,414.6563695130318,96
2024-09-17 10:29:01.154000,414.6400035422475,1003
2024-09-17 10:29:01.208000,414.7109403463173,101
2024-09-17 10:29:01.212000,414.6631421301424,97
2024-09-17 10:29:01.293000,414.6637925297919,12
2024-09-17 10:29:01.360000,414.68432585754937,995
2024-09-17 10:29:01.510000,414.6641998600652,14
2024-09-17 10:29:01.596000,414.6980219779173,5
2024-09-17 10:29:01.601000,414.6988521760118,13
2024-09-17 10:29:01.645000,414.6624464094612,97
2024-09-17 10:29:01.645000,414.6683353844184,997
2024-09-17 10:29:01.657000,414.6402536335178,998
2024-09-17 10:29:02.009000,414.708811365893,103
2024-09-17 10:29:02.045000,414.68679555974313,7
2024-09-17 10:29:02.060000,414.6786900070403,5
2024-09-17 10:29:02.088000,414.7430839212868,10
2024-09-17 10:29:02.098000,414.70383173451,105
2024-09-17 10:29:02.098000,414.6946268043672,98
2024-09-17 10:29:02.129000,414.7123146137636,10
2024-09-17 10:29:02.162000,414.7831874023504,999
2024-09-17 10:29:02.265000,414.6894734599736,105
2024-09-17 10:29:02.341000,414.682950177846,8
2024-09-17 10:29:02.367000,414.6873511871381,15
2024-09-17 10:29:02.370000,414.6923194084176,998
2024-09-17 10:29:02.382000,414.6956856107423,8
2024-09-17 10:29:02.436000,414.7003679520002,6
2024-09-17 10:29:02.556000,414.67295998395576,9
2024-09-17 10:29:02.616000,414.6738499873763,9
2024-09-17 10:29:02.632000,414.68507033629936,13
2024-09-17 10:29:02.644000,414.7155505980082,8
2024-09-17 10:29:02.673000,414.6868855624192,105
2024-09-17 10:29:02.699000,414.69636724780605,997
2024-09-17 10:29:02.719000,414.7209652304453,999
2024-09-17 10:29:02.742000,414.6941914635658,8
2024-09-17 10:29:02.790000,414.70565528398856,13
2024-09-17 10:29:02.854000,414.7403072693336,998
2024-09-17 10:29:02.978000,414.7620042011697,13
2024-09-17 10:29:03.014000,414.827302394794,5
2024-09-17 10:29:03.098000,414.8630415769133,1003
2024-09-17 10:29:03.100000,414.80471525375407,14
2024-09-17 10:29:03.118000,414.7928326876669,104
2024-09-17 10:29:03.157000,414.8567772102623,1004
2024-09-17 10:29:03.245000,414.78712406485386,8
2024-09-17 10:29:03.346000,414.8184228270673,1001
2024-09-17 10:29:03.349000,414.856526194944,1001
2024-09-17 10:29:03.350000,414.8052918196661,7
2024-09-17 10:29:03.381000,414.788704128932,13
2024-09-17 10:29:03.474000,414.8193333740378,5
2024-09-17 10:29:03.510000,414.8009487239306,97
2024-09-17 10:29:03.570000,414.8227745483292,103
2024-09-17 10:29:03.851000,414.7992067556263,12
2024-09-17 10:29:03.878000,414.8566268995957,102
2024-09-17 10:29:03.886000,414.8195685012688,1003
2024-09-17 10:29:03.995000,414.852252763044,95
2024-09-17 10:29:04.008000,414.8916611250676,1005
2024-09-17 10:29:04.023000,414.8805791182288,102
2024-09-17 10:29:04.217000,414.8913743170109,11
2024-09-17 10:29:04.240000,414.89842729378,98
2024-09-17 10:29:04.332000,414.8712326968806,1002
2024-09-17 10:29:04.333000,414.8723281775309,1004
2024-09-17 10:29:04.450000,414.8963736191206,999
2024-09-17 10:29:04.499000,414.8494056022059,13
2024-09-17 10:29:04.504000,414.8943538761311,5
2024-09-17 10:29:04.518000,414.8908373638324,99
2024-09-17 10:29:04.607000,414.8935460681292,14
2024-09-17 10:29:04.688000,414.8754822477379,97
2024-09-17 10:29:04.980000,414.8801298626969,1004
2024-09-17 10:29:05.024000,414.8758954663903,105
2024-09-17 10:29:05.171000,414.8960124956894,99
2024-09-17 10:29:05.274000,414.9109719712481,104
2024-09-17 10:29:05.512000,414.89368849073793,10
2024-09-17 10:29:05.579000,414.9070165747186,13
2024-09-17 10:29:05.589000,414.8958000875333,105
2024-09-17 10:29:05.689000,414.8790756928751,10
2024-09-17 10:29:05.966000,414.8765828288728,1005
2024-09-17 10:29:06.039000,414.9301413664647,5
2024-09-17 10:29:06.255000,414.9270969661737,5
2024-09-17 10:29:06.280000,414.9085474750413,1001
2024-09-17 10:29:06.300000,414.9437760715276,998
2024-09-17 10:29:06.419000,414.93352913756536,1005
2024-09-17 10:29:06.526000,414.9085059516557,99
2024-09-17 10:29:06.771000,414.93845431712936,10
2024-09-17 10:29:06.804000,414.9472196634734,1005
2024-09-17 10:29:06.973000,414.9368143598985,12
2024-09-17 10:29:06.979000,414.9525228963966,100
2024-09-17 10:29:06.982000,414.96381264378624,1002
2024-09-17 10:29:07.092000,414.93589205772935,13
2024-09-17 10:29:07.096000,414.9346116515141,14
2024-09-17 10:29:07.143000,414.9288407507697,98
2024-09-17 10:29:07.167000,414.9434354909784,102
2024-09-17 10:29:07.196000,414.91776417194376,998
2024-09-17 10:29:07.199000,414.9111998742603,996
2024-09-17 10:29:07.208000,414.90883865640257,1003
2024-09-17 10:29:07.258000,414.9008409192076,11
2024-09-17 10:29:07.333000,414.92171615914646,102
2024-09-17 10:29:07.416000,414.94897797329895,102
2024-09-17 10:29:07.421000,414.900326543027,102
2024-09-17 10:29:07.459000,414.9293722215701,1002
2024-09-17 10:29:07.490000,414.9217521793167,6
2024-09-17 10:29:07.499000,414.93176692963976,95
2024-09-17 10:29:07.527000,414.9051862915651,1005
2024-09-17 10:29:07.596000,414.9466084888487,1003
2024-09-17 10:29:07.623000,414.9364408717916,1000
2024-09-17 10:29:07.630000,414.92121546658353,12
2024-09-17 10:29:07.641000,414.89939069790097,1003
2024-09-17 10:29:07.645000,414.9357125212154,7
2024-09-17 10:29:07.648000,414.91260982087607,96
2024-09-17 10:29:07.671000,414.9440484097638,101
2024-09-17 10:29:07.717000,414.9498290341531,9
2024-09-17 10:29:07.790000,414.944811976569,999
2024-09-17 10:29:07.914000,414.9199767034486,1000
2024-09-17 10:29:07.931000,414.9270945741375,996
2024-09-17 10:29:07.992000,414.9338033299274,997
2024-09-17 10:29:08.001000,414.90988860852815,10
2024-09-17 10:29:08.013000,414.9462914972656,1003
2024-09-17 10:29:08.059000,414.8880045875716,1003
2024-09-17 10:29:08.084000,414.9282769680716,998
2024-09-17 10:29:08.103000,414.941921627659,98
2024-09-17 10:29:08.231000,414.93401133788944,101
2024-09-17 10:29:08.267000,414.93521247938463,100
2024-09-17 10:29:08.268000,414.93399135849376,997
2024-09-17 10:29:08.285000,414.886696109854,997
2024-09-17 10:29:08.399000,414.9341091315303,996
2024-09-17 10:29:08.435000,414.95388759990624,8
2024-09-17 10:29:08.466000,414.8674794766563,14
2024-09-17 10:29:08.519000,414.88479621080734,102
2024-09-17 10:29:08.581000,414.9236359582792,98
2024-09-17 10:29:08.618000,414.9607530905136,105
2024-09-17 10:29:08.637000,414.9339320377995,95
2024-09-17 10:29:08.687000,414.9302310189501,98
2024-09-17 10:29:08.695000,414.96497675118366,100
2024-09-17 10:29:08.726000,414.9239354956859,995
2024-09-17 10:29:08.759000,414.87333087302767,95
2024-09-17 10:29:08.765000,414.88673145934223,15
2024-09-17 10:29:08.829000,414.9706903593181,1005
2024-09-17 10:29:08.859000,414.8754396036492,7
2024-09-17 10:29:08.921000,414.9449956753088,102
2024-09-17 10:29:08.939000,414.9399953314552,1003
2024-09-17 10:29:08.942000,414.9405613842651,95
2024-09-17 10:29:09.254000,414.9417767915589,1000
2024-09-17 10:29:09.275000,414.9475086707969,100
2024-09-17 10:29:09.312000,414.8786345749642,104
2024-09-17 10:29:09.383000,414.9466897585456,13
2024-09-17 10:29:09.444000,414.9549077445975,1002
2024-09-17 10:29:09.477000,414.88341729583175,1001
2024-09-17 10:29:09.581000,414.9587608865925,103
2024-09-17 10:29:09.707000,414.88697386906586,103
2024-09-17 10:29:09.721000,414.8603904204082,997
2024-09-17 10:29:09.776000,414.9684195083303,105
2024-09-17 10:29:09.790000,414.9200449249358,10
2024-09-17 10:29:09.882000,414.9410777219615,105
2024-09-17 10:29:09.894000,414.9534460807209,10
2024-09-17 10:29:09.957000,414.9257335981341,9
2024-09-17 10:29:09.973000,414.864167685776,1003
2024-09-17 10:29:09.975000,414.9589925220183,999
2024-09-17 10:29:10.462000,414.9163822793528,104
2024-09-17 10:29:10.761000,414.89850770652725,996
2024-09-17 10:29:10.789000,414.9157112324795,95
2024-09-17 10:29:10.837000,414.9021542032197,999
2024-09-17 10:29:11.140000,414.9469175262056,11
2024-09-17 10:29:11.186000,414.9294697213539,98
2024-09-17 10:29:11.242000,415.0062321193281,8
2024-09-17 10:29:11.270000,414.9854658215896,101
2024-09-17 10:29:11.368000,414.9325906767712,1003
2024-09-17 10:29:11.385000,414.9979038444672,1001
2024-09-17 10:29:11.394000,414.9639789414358,999
2024-09-17 10:29:11.456000,414.9325074919928,102
2024-09-17 10:29:11.641000,414.99016875463855,15
2024-09-17 10:29:11.653000,414.9160221480829,998
2024-09-17 10:29:11.729000,414.98956621378574,1003
2024-09-17 10:29:11.748000,414.9780681046676,997
2024-09-17 10:29:11.749000,415.006037160145,995
2024-09-17 10:29:11.768000,414.8986450164665,100
2024-09-17 10:29:11.778000,414.9716427160597,103
2024-09-17 10:29:11.784000,414.9958166500909,1004
2024-09-17 10:29:11.813000,414.97907517277145,104
2024-09-17 10:29:11.844000,414.9913663676836,1000
2024-09-17 10:29:11.852000,414.9269699033782,104
2024-09-17 10:29:11.881000,414.98480510675296,11
2024-09-17 10:29:11.901000,415.00122806160095,8
2024-09-17 10:29:11.912000,414.95776394931,105
2024-09-17 10:29:11.974000,415.0048065539887,995
2024-09-17 10:29:12.011000,415.001686223808,96
2024-09-17 10:29:12.019000,414.9877865500201,997
2024-09-17 10:29:12.021000,415.0024573242127,101
2024-09-17 10:29:12.107000,414.9690783457996,1002
2024-09-17 10:29:12.224000,414.9813534751981,10
2024-09-17 10:29:12.247000,414.9839030237874,100
2024-09-17 10:29:12.316000,414.9989565673328,7
2024-09-17 10:29:12.328000,415.0171037706327,97
2024-09-17 10:29:12.362000,414.9937794723672,1002
2024-09-17 10:29:12.375000,414.9909157092787,1003
2024-09-17 10:29:12.394000,414.9885302850184,15
2024-09-17 10:29:12.426000,414.9748334937818,1001
2024-09-17 10:29:12.451000,414.985757487725,1005
2024-09-17 10:29:12.452000,414.9984097583359,103
2024-09-17 10:29:12.457000,415.0078697389623,104
2024-09-17 10:29:12.554000,415.0232903966741,1005
2024-09-17 10:29:12.581000,415.01400086168246,103
2024-09-17 10:29:12.632000,415.00529424721,998
2024-09-17 10:29:12.636000,414.9840400827426,105
2024-09-17 10:29:12.645000,415.0027743653456,8
2024-09-17 10:29:12.796000,414.9917234701234,99
2024-09-17 10:29:12.812000,414.99769445230737,998
2024-09-17 10:29:12.814000,415.0103570747341,1001
2024-09-17 10:29:12.843000,414.99746589466577,11
2024-09-17 10:29:12.846000,415.0180363167013,98
2024-09-17 10:29:12.866000,415.0110205966128,8
2024-09-17 10:29:12.877000,415.01313017955874,100
2024-09-17 10:29:12.938000,415.0088435877128,1003
2024-09-17 10:29:13.047000,415.1236511195896,105
2024-09-17 10:29:13.128000,415.1219234090463,996
2024-09-17 10:29:13.159000,415.0830720142805,13
2024-09-17 10:29:13.255000,415.0188369590997,104
2024-09-17 10:29:13.261000,415.1171886519499,7
2024-09-17 10:29:13.292000,415.0893608482774,999
2024-09-17 10:29:13.346000,415.11939837628967,10
2024-09-17 10:29:13.369000,415.1137779903245,101
2024-09-17 10:29:13.445000,415.13257584574455,5
2024-09-17 10:29:13.489000,415.1127604395693,10
2024-09-17 10:29:13.501000,415.0554282712336,999
2024-09-17 10:29:13.556000,415.11380899311496,96
2024-09-17 10:29:13.568000,415.10624283490296,105
2024-09-17 10:29:13.570000,415.1324865474008,12
2024-09-17 10:29:13.587000,415.02392797809216,1000
2024-09-17 10:29:13.624000,415.0986048000104,5
2024-09-17 10:29:13.679000,415.122041178586,7
2024-09-17 10:29:13.728000,415.0408448014448,102
2024-09-17 10:29:13.754000,415.1257098135654,97
2024-09-17 10:29:13.765000,415.14230469571294,95
2024-09-17 10:29:13.769000,415.07535208336697,97
2024-09-17 10:29:13.833000,415.1099117865712,8
2024-09-17 10:29:13.909000,415.1121182933962,10
2024-09-17 10:29:13.923000,415.0218021610452,96
2024-09-17 10:29:13.936000,415.0518662601604,995
2024-09-17 10:29:13.976000,415.108468416622,9
2024-09-17 10:29:13.988000,415.06922735721,1003
2024-09-17 10:29:13.988000,415.110352251089,99
2024-09-17 10:29:14.004000,415.09436563723153,7
2024-09-17 10:29:14.008000,415.1310761911853,1000
2024-09-17 10:29:14.062000,415.11080248601786,6
2024-09-17 10:29:14.133000,415.1063259424196,98
2024-09-17 10:29:14.167000,415.0914166120671,12
2024-09-17 10:29:14.191000,415.1553155696346,1000
2024-09-17 10:29:14.233000,415.1422548784489,99
2024-09-17 10:29:14.235000,415.1160814134337,999
2024-09-17 10:29:14.264000,415.1296570029578,996
2024-09-17 10:29:14.273000,415.11929063617583,1004
2024-09-17 10:29:14.306000,415.1136404378008,95
2024-09-17 10:29:14.309000,415.1270124644533,99
2024-09-17 10:29:14.374000,415.1177149914237,97
2024-09-17 10:29:14.422000,415.0931028472303,996
2024-09-17 10:29:14.440000,415.1347874282161,1001
2024-09-17 10:29:14.441000,415.1402103830207,1002
2024-09-17 10:29:14.458000,415.1150475351663,8
2024-09-17 10:29:14.496000,415.0858042872076,97
2024-09-17 10:29:14.498000,415.11924210729273,10
2024-09-17 10:29:14.504000,415.091594928769,6
2024-09-17 10:29:14.786000,415.08261914009466,998
2024-09-17 10:29:14.799000,415.13561969158303,7
2024-09-17 10:29:14.806000,415.11574550530776,9
2024-09-17 10:29:14.852000,415.1203161191118,104
2024-09-17 10:29:14.944000,415.1456030395527,97
2024-09-17 10:29:14.951000,415.0767491547099,101
2024-09-17 10:29:14.965000,415.1057654842946,998
2024-09-17 10:29:15.002000,415.0063982223136,102
2024-09-17 10:29:15.027000,415.0275632302808,998
2024-09-17 10:29:15.065000,415.0102624616082,97
2024-09-17 10:29:15.096000,414.9932045429831,996
2024-09-17 10:29:15.150000,415.0363048796432,6
2024-09-17 10:29:15.187000,415.1208967256592,9
2024-09-17 10:29:15.205000,414.99444697734566,1005
2024-09-17 10:29:15.206000,414.9902490815039,95
2024-09-17 10:29:15.379000,415.0656452613114,999
2024-09-17 10:29:15.391000,415.0552158741716,12
2024-09-17 10:29:15.500000,414.9772925718119,1003
2024-09-17 10:29:15.521000,415.1191961000248,97
2024-09-17 10:29:15.526000,415.04149114580326,1001
2024-09-17 10:29:15.610000,414.98882043418337,6
2024-09-17 10:29:15.612000,415.031540322752,102
2024-09-17 10:29:15.679000,414.975198211049,1005
2024-09-17 10:29:15.696000,415.0007870663316,9
2024-09-17 10:29:15.742000,415.1261244264088,103
2024-09-17 10:29:15.752000,414.9974005235611,1005
2024-09-17 10:29:15.762000,415.001503682489,12
2024-09-17 10:29:15.764000,415.09403480165736,97
2024-09-17 10:29:15.780000,415.019027788072,6
2024-09-17 10:29:15.819000,415.053328184336,998
2024-09-17 10:29:15.988000,415.0047084524224,14
2024-09-17 10:29:16.295000,415.0359686514018,13
2024-09-17 10:29:16.385000,415.0279776422849,97
2024-09-17 10:29:16.465000,415.0314054462204,13
2024-09-17 10:29:16.546000,414.97215197435,15
2024-09-17 10:29:16.551000,415.0123313805073,1000
2024-09-17 10:29:16.694000,414.99287153078166,15
2024-09-17 10:29:16.809000,415.01189495657337,8
2024-09-17 10:29:17.179000,415.0325866206532,101
2024-09-17 10:29:17.674000,415.03284867676336,101
2024-09-17 10:29:18.169000,415.0290509433349,1002
2024-09-17 10:29:19.031000,415.067698306172,99
2024-09-17 10:29:19.134000,415.053493876016,1002
2024-09-17 10:29:19.168000,415.0951986772086,8
2024-09-17 10:29:19.191000,415.0621923234952,10
2024-09-17 10:29:19.268000,415.0793880329372,96
2024-09-17 10:29:19.300000,415.054784243666,14
2024-09-17 10:29:19.311000,415.0699610129208,13
2024-09-17 10:29:19.320000,415.0581450354083,103
2024-09-17 10:29:19.390000,415.05135528449216,5
2024-09-17 10:29:19.439000,415.0926721475745,12
2024-09-17 10:29:19.457000,415.1016806205079,12
2024-09-17 10:29:19.491000,415.11970933722233,12
2024-09-17 10:29:19.581000,415.0782096883902,998
2024-09-17 10:29:19.625000,415.1129304985428,999
2024-09-17 10:29:19.685000,415.1041667503216,1004
2024-09-17 10:29:19.710000,415.11063326824575,996
2024-09-17 10:29:19.753000,415.0948517831709,998
2024-09-17 10:29:19.790000,415.1030072889465,96
2024-09-17 10:29:19.860000,415.0860405683723,15
2024-09-17 10:29:19.883000,415.0985049852318,8
2024-09-17 10:29:19.916000,415.0579793166101,1005
2024-09-17 10:29:19.945000,415.1089935338428,995
2024-09-17 10:29:19.950000,415.0768362916925,99
2024-09-17 10:29:19.966000,415.0966076801866,1001
2024-09-17 10:29:20.030000,415.2069086548884,98
2024-09-17 10:29:20.072000,415.1392609076891,100
2024-09-17 10:29:20.104000,415.152684546892,12
2024-09-17 10:29:20.108000,415.1667486131183,99
2024-09-17 10:29:20.124000,415.1822314332178,104
2024-09-17 10:29:20.131000,415.1895184762412,996
2024-09-17 10:29:20.198000,415.20667936300543,998
2024-09-17 10:29:20.223000,415.1454035023555,996
2024-09-17 10:29:20.245000,415.1534828993748,98
2024-09-17 10:29:20.274000,415.1736321018019,1000
2024-09-17 10:29:20.318000,415.2229235461164,97
2024-09-17 10:29:20.323000,415.1975578642238,7
2024-09-17 10:29:20.358000,415.19715555793385,95
2024-09-17 10:29:20.432000,415.13531444465065,996
2024-09-17 10:29:20.557000,415.164445584305,6
2024-09-17 10:29:20.699000,415.1972707279063,1004
2024-09-17 10:29:20.822000,415.19208511067046,1000
2024-09-17 10:29:21.229000,415.1657648793428,1003
2024-09-17 10:29:21.247000,415.1771525345974,97
2024-09-17 10:29:21.468000,415.2120474649354,13
2024-09-17 10:29:21.505000,415.1684856136234,1003
2024-09-17 10:29:21.663000,415.20915162383903,1001
2024-09-17 10:29:21.758000,415.2061305064076,999
2024-09-17 10:29:21.789000,415.2170563333809,1000
2024-09-17 10:29:22.368000,415.1554462643673,101
2024-09-17 10:29:23.010000,415.16157575502206,100
2024-09-17 10:29:23.034000,415.17328507133135,100
2024-09-17 10:29:23.040000,415.13415075273946,1001
2024-09-17 10:29:23.190000,415.1361406657643,95
2024-09-17 10:29:23.229000,415.13982611218177,10
2024-09-17 10:29:23.247000,415.13898241692647,1003
2024-09-17 10:29:23.256000,415.13662568148544,1002
2024-09-17 10:29:23.258000,415.1732973621977,997
2024-09-17 10:29:23.304000,415.1729070436903,15
2024-09-17 10:29:23.317000,415.1764647281779,13
2024-09-17 10:29:23.351000,415.12272217771033,12
2024-09-17 10:29:23.417000,415.167740391336,103
2024-09-17 10:29:23.439000,415.1709556588116,96
2024-09-17 10:29:23.603000,415.1511550960585,96
2024-09-17 10:29:23.606000,415.13921343795977,7
2024-09-17 10:29:23.667000,415.1765108203649,1004
2024-09-17 10:29:23.809000,415.1551879765285,1000
2024-09-17 10:29:23.845000,415.1192822176733,1003
2024-09-17 10:29:25.002000,415.19569452989697,1004
2024-09-17 10:29:25.062000,415.21123636362177,12
2024-09-17 10:29:25.123000,415.15684611175874,1004
2024-09-17 10:29:25.254000,415.1906244048768,13
2024-09-17 10:29:25.283000,415.2345014245103,100
2024-09-17 10:29:25.290000,415.165517920461,12
2024-09-17 10:29:25.324000,415.1660345554744,1000
2024-09-17 10:29:25.330000,415.1841647176266,13
2024-09-17 10:29:25.368000,415.1805623104056,9
2024-09-17 10:29:25.378000,415.2196753381357,8
2024-09-17 10:29:25.379000,415.13942989015874,95
2024-09-17 10:29:25.383000,415.2033297478144,104
2024-09-17 10:29:25.388000,415.2189931575341,9
2024-09-17 10:29:25.417000,415.1960247371962,1004
2024-09-17 10:29:25.442000,415.21199334127,100
2024-09-17 10:29:25.450000,415.1951572538814,1002
2024-09-17 10:29:25.494000,415.20383848955873,103
2024-09-17 10:29:25.532000,415.2226353374035,997
2024-09-17 10:29:25.536000,415.1503222316109,104
2024-09-17 10:29:25.541000,415.2144110742993,101
2024-09-17 10:29:25.556000,415.2224007599355,10
2024-09-17 10:29:25.632000,415.19888184216666,5
2024-09-17 10:29:25.680000,415.153293028337,1001
2024-09-17 10:29:25.754000,415.1792519878263,1000
2024-09-17 10:29:25.782000,415.2169910561607,101
2024-09-17 10:29:25.786000,415.2156257183267,15
2024-09-17 10:29:25.803000,415.2178967720958,5
2024-09-17 10:29:25.812000,415.23189655417,11
2024-09-17 10:29:26.055000,415.1353058788477,996
2024-09-17 10:29:26.185000,415.1867965459255,1002
2024-09-17 10:29:26.209000,415.1363797784645,11
2024-09-17 10:29:26.218000,415.125393954105,999
2024-09-17 10:29:26.256000,415.1086847385319,9
2024-09-17 10:29:26.302000,415.119987938812,996
2024-09-17 10:29:26.319000,415.12906973679424,98
2024-09-17 10:29:26.364000,415.1016707760839,11
2024-09-17 10:29:26.405000,415.1511587722724,95
2024-09-17 10:29:26.431000,415.12614847001583,999
2024-09-17 10:29:26.512000,415.1154058227614,97
2024-09-17 10:29:26.563000,415.1210996239532,100
2024-09-17 10:29:26.587000,415.1425514430526,98
2024-09-17 10:29:26.638000,415.12424030332585,1002
2024-09-17 10:29:26.645000,415.11320073603287,998
2024-09-17 10:29:26.754000,415.1208059897423,6
2024-09-17 10:29:26.758000,415.1518548185524,95
2024-09-17 10:29:26.817000,415.1526376000333,104
2024-09-17 10:29:26.819000,415.122209611343,998
2024-09-17 10:29:26.867000,415.1313761299412,997
2024-09-17 10:29:26.899000,415.1599869005311,101
2024-09-17 10:29:26.927000,415.1428868642232,997
2024-09-17 10:29:26.947000,415.0959386592503,1004
2024-09-17 10:29:26.964000,415.116890701134,105
2024-09-17 10:29:26.975000,415.1296193530685,12
2024-09-17 10:29:27.011000,415.1537907228,999
2024-09-17 10:29:27.029000,415.1450023768886,8
2024-09-17 10:29:27.129000,415.1528073008282,9
2024-09-17 10:29:27.211000,415.13588172929735,9
2024-09-17 10:29:27.282000,415.1216889075341,95
2024-09-17 10:29:27.323000,415.1392273783795,105
2024-09-17 10:29:27.323000,415.14452802918936,15
2024-09-17 10:29:27.508000,415.151159384098,95
2024-09-17 10:29:27.527000,415.16011449822565,10
2024-09-17 10:29:27.527000,415.1428108700397,14
2024-09-17 10:29:27.535000,415.1449701937027,15
2024-09-17 10:29:27.687000,415.1649646598218,1000
2024-09-17 10:29:27.698000,415.136493647398,95
2024-09-17 10:29:27.755000,415.1455214632043,1001
2024-09-17 10:29:27.808000,415.153615069219,1000
2024-09-17 10:29:27.808000,415.15108740221433,998
2024-09-17 10:29:27.841000,415.1460385953118,105
2024-09-17 10:29:27.872000,415.1516712410136,1004
2024-09-17 10:29:27.904000,415.1375928925365,104
2024-09-17 10:29:27.950000,415.1514322881866,1004
2024-09-17 10:29:27.968000,415.1533517295284,1002
2024-09-17 10:29:28.118000,415.0941607170028,5
2024-09-17 10:29:28.176000,415.1577251256896,95
2024-09-17 10:29:28.353000,415.1306267203448,95
2024-09-17 10:29:28.378000,415.1474482770936,998
2024-09-17 10:29:28.400000,415.0954631770624,997
2024-09-17 10:29:28.406000,415.1369079532363,1001
2024-09-17 10:29:28.408000,415.1523012422684,13
2024-09-17 10:29:28.439000,415.12165238846507,9
2024-09-17 10:29:28.578000,415.15350867793165,997
2024-09-17 10:29:28.631000,415.1197055038648,6
2024-09-17 10:29:28.668000,415.1341010500588,1004
2024-09-17 10:29:28.678000,415.1160791669412,5
2024-09-17 10:29:29.177000,415.1119175358016,10
2024-09-17 10:29:29.251000,415.0963445130853,98
2024-09-17 10:29:29.301000,415.1179904923708,101
2024-09-17 10:29:29.341000,415.11860139975727,5
2024-09-17 10:29:29.351000,415.1220069631042,1003
2024-09-17 10:29:29.397000,415.1313226435757,15
2024-09-17 10:29:29.406000,415.09121251267874,100
2024-09-17 10:29:29.472000,415.0975038815697,999
2024-09-17 10:29:29.524000,415.09602016168697,997
2024-09-17 10:29:29.551000,415.1263969354362,9
2024-09-17 10:29:29.733000,415.059707543434,1004
2024-09-17 10:29:29.762000,415.0219699752864,14
2024-09-17 10:29:29.796000,415.03629779709473,8
2024-09-17 10:29:29.846000,415.0978558676018,11
2024-09-17 10:29:29.871000,415.1054632941551,996
2024-09-17 10:29:29.899000,415.08568242286,105
2024-09-17 10:29:29.903000,415.10564854111647,101
2024-09-17 10:29:29.927000,415.1315806795765,103
2024-09-17 10:29:29.927000,415.0717057101376,98
2024-09-17 10:29:29.960000,415.061297423634,13
2024-09-17 10:29:29.979000,415.10091534578,97
2024-09-17 10:29:30.024000,415.0440768875565,105
2024-09-17 10:29:30.030000,415.1312784707509,998
2024-09-17 10:29:30.117000,415.0608989410261,1000
2024-09-17 10:29:30.148000,415.0361448565784,998
2024-09-17 10:29:30.178000,415.1878158926952,1000
2024-09-17 10:29:30.220000,415.0507350193602,995
2024-09-17 10:29:30.321000,415.07594837236223,97
2024-09-17 10:29:30.332000,415.0730019375191,1005
2024-09-17 10:29:30.355000,415.1904737110656,5
2024-09-17 10:29:30.435000,415.1108305745112,999
2024-09-17 10:29:30.517000,415.0919150524744,1002
2024-09-17 10:29:30.565000,415.06364621700544,99
2024-09-17 10:29:30.570000,415.1604699239074,1003
2024-09-17 10:29:30.702000,415.0714455847021,1002
2024-09-17 10:29:30.716000,415.06274034729694,15
2024-09-17 10:29:30.748000,415.07772733286487,1001
2024-09-17 10:29:30.855000,415.1825540553781,997
2024-09-17 10:29:30.861000,415.0947509661679,14
2024-09-17 10:29:30.868000,415.1385354682552,99
2024-09-17 10:29:31.032000,415.14292159648,996
2024-09-17 10:29:31.092000,415.2302676428536,998
2024-09-17 10:29:31.331000,415.2190171401787,99
2024-09-17 10:29:31.383000,415.1732867479136,105
2024-09-17 10:29:31.456000,415.2185770214037,15
2024-09-17 10:29:31.462000,415.2457789557128,6
2024-09-17 10:29:31.469000,415.1998305586996,102
2024-09-17 10:29:31.504000,415.20888123770527,995
2024-09-17 10:29:31.597000,415.2034521519146,13
2024-09-17 10:29:31.692000,415.2299244966501,12
2024-09-17 10:29:31.804000,415.1483510012553,101
2024-09-17 10:29:31.831000,415.23636167437854,15
2024-09-17 10:29:31.887000,415.14570322235016,5
2024-09-17 10:29:31.935000,415.2068463511678,995
2024-09-17 10:29:31.981000,415.24111353704274,6
2024-09-17 10:29:32.577000,415.1355775503142,1001
2024-09-17 10:29:32.819000,415.1495062492031,100
2024-09-17 10:29:33.181000,415.0909677322381,103
2024-09-17 10:29:33.215000,415.0988714935256,10
2024-09-17 10:29:33.343000,415.1145935560261,1004
2024-09-17 10:29:33.471000,415.1187638473191,1005
2024-09-17 10:29:33.547000,415.1234238632972,8
2024-09-17 10:29:33.668000,415.092181211653,8
2024-09-17 10:29:33.861000,415.10084148037794,5
2024-09-17 10:29:33.875000,415.1137636601952,995
2024-09-17 10:29:34.374000,415.1292005039914,10
2024-09-17 10:29:34.389000,415.14334545190593,8
2024-09-17 10:29:34.526000,415.1180279073759,12
2024-09-17 10:29:34.888000,415.15982417908816,1003
2024-09-17 10:29:35.002000,415.1666782425673,1001
2024-09-17 10:29:35.072000,415.1378552298,95
2024-09-17 10:29:35.368000,415.1221064788687,9
2024-09-17 10:29:35.395000,415.173881666953,13
2024-09-17 10:29:35.542000,415.11582355665854,14
2024-09-17 10:29:36.367000,415.0954305875926,1000
2024-09-17 10:29:36.793000,415.08162635825016,103
2024-09-17 10:29:36.975000,415.0799878349356,999
2024-09-17 10:29:37.108000,415.0994642472504,5
2024-09-17 10:29:37.148000,415.086567213676,103
2024-09-17 10:29:37.163000,415.1207954767799,13
2024-09-17 10:29:37.251000,415.0697562583077,1000
2024-09-17 10:29:37.317000,415.0871907199994,997
2024-09-17 10:29:37.317000,415.08181468951904,15
2024-09-17 10:29:37.381000,415.1172131755644,105
2024-09-17 10:29:37.466000,415.1304297739672,1001
2024-09-17 10:29:37.529000,415.0743603227531,998
2024-09-17 10:29:37.542000,415.12891353100616,97
2024-09-17 10:29:37.572000,415.1303302781837,999
2024-09-17 10:29:37.695000,415.1253745843566,1001
2024-09-17 10:29:37.880000,415.1011686881999,1000
2024-09-17 10:29:37.903000,415.11270171222856,1003
2024-09-17 10:29:37.937000,415.07290776459934,997
2024-09-17 10:29:37.956000,415.1049915237839,96
2024-09-17 10:29:38.087000,415.0531498133881,998
2024-09-17 10:29:38.171000,415.110443201279,1002
2024-09-17 10:29:38.236000,415.1202696673473,998
2024-09-17 10:29:38.251000,415.1170337710797,1005
2024-09-17 10:29:38.325000,415.0614613867614,1000
2024-09-17 10:29:38.333000,415.1190322342247,14
2024-09-17 10:29:38.366000,415.1346574948182,105
2024-09-17 10:29:38.374000,415.1477798178281,1000
2024-09-17 10:29:38.401000,415.1243040608973,9
2024-09-17 10:29:38.408000,415.10676993403774,96
2024-09-17 10:29:38.423000,415.02284754908686,101
2024-09-17 10:29:38.434000,415.130204334636,98
2024-09-17 10:29:38.445000,415.0158886334098,996
2024-09-17 10:29:38.450000,415.076197770915,1003
2024-09-17 10:29:38.502000,415.04921033505326,13
2024-09-17 10:29:38.551000,415.1262553031489,1001
2024-09-17 10:29:38.630000,415.1316223677621,15
2024-09-17 10:29:38.655000,415.1413121279245,1004
2024-09-17 10:29:38.657000,415.1132169198262,13
2024-09-17 10:29:38.703000,415.1258709018453,11
2024-09-17 10:29:38.739000,415.1488084972411,9
2024-09-17 10:29:38.769000,415.0494921219103,10
2024-09-17 10:29:38.816000,415.0376237717521,104
2024-09-17 10:29:38.843000,415.1236415250326,1002
2024-09-17 10:29:38.849000,415.1345806614775,997
2024-09-17 10:29:38.926000,415.0657982096736,98
2024-09-17 10:29:38.943000,415.0842336873692,102
2024-09-17 10:29:39.122000,414.9432217788349,102
2024-09-17 10:29:39.140000,414.9286247007355,13
2024-09-17 10:29:39.161000,414.9894045980731,99
2024-09-17 10:29:39.166000,414.99690593413465,7
2024-09-17 10:29:39.182000,415.0070474218955,8
2024-09-17 10:29:39.184000,414.9478845171039,14
2024-09-17 10:29:39.190000,414.9655522386997,105
2024-09-17 10:29:39.285000,414.9507894138958,6
2024-09-17 10:29:39.321000,415.00395538240144,995
2024-09-17 10:29:39.355000,414.9565552449851,997
2024-09-17 10:29:39.424000,414.9661887756122,103
2024-09-17 10:29:39.432000,414.91748383018273,14
2024-09-17 10:29:39.589000,415.0041789080169,98
2024-09-17 10:29:39.594000,415.02458500003286,15
2024-09-17 10:29:39.663000,415.0121222893232,105
2024-09-17 10:29:39.679000,415.0145750924007,11
2024-09-17 10:29:39.727000,414.9290318556922,1004
2024-09-17 10:29:39.775000,414.9985833905351,1005
2024-09-17 10:29:39.819000,414.9675803696323,5
2024-09-17 10:29:39.926000,415.00759293228737,12
2024-09-17 10:29:40.018000,414.951987672404,10
2024-09-17 10:29:40.021000,414.9217976068117,8
2024-09-17 10:29:40.128000,414.9227713224298,995
2024-09-17 10:29:40.172000,414.9117635343539,5
2024-09-17 10:29:40.306000,414.9285047249311,997
2024-09-17 10:29:40.331000,414.92855567489903,14
2024-09-17 10:29:40.393000,414.9420940334268,998
2024-09-17 10:29:40.456000,414.9095467018415,7
2024-09-17 10:29:40.457000,414.93535027144287,15
2024-09-17 10:29:40.465000,414.9158218483268,104
2024-09-17 10:29:40.491000,414.908198868829,7
2024-09-17 10:29:40.501000,414.9551145321617,1005
2024-09-17 10:29:40.587000,414.9402500240896,96
2024-09-17 10:29:40.643000,414.948555762792,99
2024-09-17 10:29:40.681000,414.92817816192434,1002
2024-09-17 10:29:40.703000,414.89802071545535,98
2024-09-17 10:29:40.851000,414.9121131356962,101
2024-09-17 10:29:40.858000,414.901992215663,999
2024-09-17 10:29:40.995000,414.93111689921744,1001
2024-09-17 10:29:41.031000,415.0557308444041,6
2024-09-17 10:29:41.119000,415.0578620073207,6
2024-09-17 10:29:41.122000,415.0278077142994,99
2024-09-17 10:29:41.152000,415.0413125762878,100
2024-09-17 10:29:41.232000,414.9765481323249,1005
2024-09-17 10:29:41.256000,415.0073883159674,9
2024-09-17 10:29:41.299000,415.0435784939198,103
2024-09-17 10:29:41.589000,415.0757166799206,97
2024-09-17 10:29:41.599000,415.0295073651952,105
2024-09-17 10:29:41.655000,415.0133067733403,96
2024-09-17 10:29:41.715000,414.9619332438628,11
2024-09-17 10:29:41.740000,415.0124897140624,996
2024-09-17 10:29:41.780000,415.0073792867559,1000
2024-09-17 10:29:41.795000,415.0032938560083,104
2024-09-17 10:29:41.885000,415.076883334724,999
2024-09-17 10:29:41.911000,415.07530700111295,14
2024-09-17 10:29:41.938000,415.0092284943626,100
2024-09-17 10:29:41.952000,415.05955232709016,998
2024-09-17 10:29:42.110000,415.0535074748564,13
2024-09-17 10:29:42.237000,415.0385140615461,1004
2024-09-17 10:29:42.243000,415.0439775834252,1002
2024-09-17 10:29:42.294000,415.0468005450489,5
2024-09-17 10:29:42.355000,415.0418786233915,5
2024-09-17 10:29:42.436000,415.0687875803652,13
2024-09-17 10:29:42.452000,415.0464657155041,95
2024-09-17 10:29:42.466000,415.0408979923004,5
2024-09-17 10:29:42.486000,415.0461196130607,1001
2024-09-17 10:29:42.560000,415.0367512374482,997
2024-09-17 10:29:42.718000,415.0553467546196,1004
2024-09-17 10:29:42.745000,415.0635635736559,6
2024-09-17 10:29:42.848000,415.04128400922735,5
2024-09-17 10:29:42.889000,415.0609182656632,100
2024-09-17 10:29:42.955000,415.03021252282,102
2024-09-17 10:29:43.014000,415.0340431743933,8
2024-09-17 10:29:43.033000,415.0412572434465,11
2024-09-17 10:29:43.047000,415.0196814243005,1002
2024-09-17 10:29:43.084000,415.032953637092,13
2024-09-17 10:29:43.101000,415.0771209605602,1003
2024-09-17 10:29:43.108000,415.0473992532365,103
2024-09-17 10:29:43.297000,415.0720170282536,997
2024-09-17 10:29:43.318000,415.0830259913949,10
2024-09-17 10:29:43.368000,415.01631594503976,95
2024-09-17 10:29:43.379000,415.0358696948508,14
2024-09-17 10:29:43.421000,415.0321496979051,14
2024-09-17 10:29:43.483000,415.0572024900969,101
2024-09-17 10:29:43.542000,415.0144223207411,100
2024-09-17 10:29:43.558000,415.0634344832896,998
2024-09-17 10:29:43.588000,415.070419751452,11
2024-09-17 10:29:43.601000,415.0211951169624,9
2024-09-17 10:29:43.613000,415.034215391783,100
2024-09-17 10:29:43.627000,415.074302363815,13
2024-09-17 10:29:43.718000,415.0653964874956,1005
2024-09-17 10:29:43.734000,415.0490927560301,13
2024-09-17 10:29:43.766000,415.0859824117158,105
2024-09-17 10:29:43.781000,415.02735735366014,1001
2024-09-17 10:29:43.824000,415.0682374202354,98
2024-09-17 10:29:43.836000,415.0732591185006,7
2024-09-17 10:29:43.855000,415.0192459806703,5
2024-09-17 10:29:43.895000,415.0327130831312,1005
2024-09-17 10:29:43.962000,415.0803478177042,101
2024-09-17 10:29:43.969000,415.01895107484165,12
2024-09-17 10:29:43.998000,415.0679919745358,14
2024-09-17 10:29:44.001000,415.06404733579376,101
2024-09-17 10:29:44.007000,415.0498310577311,100
2024-09-17 10:29:44.130000,415.07547593485504,8
2024-09-17 10:29:44.200000,415.05963625093926,6
2024-09-17 10:29:44.232000,415.0728694378595,1002
2024-09-17 10:29:44.315000,415.06877360122616,101
2024-09-17 10:29:44.350000,415.0906513706644,103
2024-09-17 10:29:44.367000,415.0637192543384,1001
2024-09-17 10:29:44.374000,415.09319050917634,5
2024-09-17 10:29:44.449000,415.0484104643235,101
2024-09-17 10:29:44.786000,415.0720569452546,99
2024-09-17 10:29:44.819000,415.0623698107444,7
2024-09-17 10:29:44.874000,415.0505557431064,1004
2024-09-17 10:29:44.931000,415.057268839513,8
2024-09-17 10:29:44.953000,415.05954300108647,1005
2024-09-17 10:29:45.042000,415.0905476549086,1002
2024-09-17 10:29:45.150000,415.12608343820295,1001
2024-09-17 10:29:45.196000,415.10714239724825,10
2024-09-17 10:29:45.214000,415.0734898520679,12
2024-09-17 10:29:45.245000,415.13007104870553,1005
2024-09-17 10:29:45.270000,415.1134259929393,5
2024-09-17 10:29:45.334000,415.056189783652,105
2024-09-17 10:29:45.404000,415.1090167854394,103
2024-09-17 10:29:45.448000,415.10898391423615,13
2024-09-17 10:29:45.484000,415.075803778858,101
2024-09-17 10:29:45.535000,415.13679288874505,1000
2024-09-17 10:29:45.578000,415.1396744022156,1005
2024-09-17 10:29:45.643000,415.1021898480981,1003
2024-09-17 10:29:45.767000,415.10994781888456,1001
2024-09-17 10:29:45.769000,415.1334376605216,105
2024-09-17 10:29:45.787000,415.1208685571625,997
2024-09-17 10:29:45.806000,415.0808124664579,997
2024-09-17 10:29:45.849000,415.1219908866904,998
2024-09-17 10:29:45.961000,415.1253893978202,99
2024-09-17 10:29:45.978000,415.0777360383058,999
2024-09-17 10:29:46.004000,415.0983269244688,12
2024-09-17 10:29:46.063000,415.11279433498817,998
2024-09-17 10:29:46.063000,415.1198159831796,997
2024-09-17 10:29:46.117000,415.11853190422215,99
2024-09-17 10:29:46.269000,415.1409189589465,100
2024-09-17 10:29:46.463000,415.1343382857244,998
2024-09-17 10:29:46.523000,415.1094357163411,998
2024-09-17 10:29:46.547000,415.1181570434345,1004
2024-09-17 10:29:46.706000,415.1335577328622,15
2024-09-17 10:29:46.939000,415.1052023610414,97
2024-09-17 10:29:47.959000,415.1459335981448,95
2024-09-17 10:29:48.097000,415.1607458426592,100
2024-09-17 10:29:48.181000,415.17605169595714,5
2024-09-17 10:29:48.298000,415.1363994594122,1005
2024-09-17 10:29:48.443000,415.1501551458456,14
2024-09-17 10:29:48.522000,415.2000352559919,996
2024-09-17 10:29:48.538000,415.1501233050876,100
2024-09-17 10:29:48.542000,415.18463462082985,996
2024-09-17 10:29:48.618000,415.1416249815077,995
2024-09-17 10:29:48.706000,415.1871843681226,11
2024-09-17 10:29:48.792000,415.1726052985993,9
2024-09-17 10:29:48.803000,415.1824637178067,1004
2024-09-17 10:29:48.818000,415.1496290692788,98
2024-09-17 10:29:48.865000,415.1637451791007,95
2024-09-17 10:29:48.940000,415.1694567717538,99
2024-09-17 10:29:48.984000,415.1709317022638,1005
2024-09-17 10:29:49.093000,415.1532669975601,96
2024-09-17 10:29:49.129000,415.1713196755382,102
2024-09-17 10:29:49.231000,415.1638417061203,1002
2024-09-17 10:29:49.251000,415.1740465612064,96
2024-09-17 10:29:49.273000,415.1554706459768,15
2024-09-17 10:29:49.355000,415.17037748621823,9
2024-09-17 10:29:49.480000,415.192724751267,1000
2024-09-17 10:29:49.689000,415.1648898316296,997
2024-09-17 10:29:49.700000,415.1801273896193,96
2024-09-17 10:29:49.757000,415.1696868541245,100
2024-09-17 10:29:49.761000,415.1647294209045,995
2024-09-17 10:29:49.858000,415.13864347051504,997
2024-09-17 10:29:49.925000,415.18345205664747,101
2024-09-17 10:29:49.987000,415.1753036943713,995
2024-09-17 10:29:50.022000,415.1677534368402,105
2024-09-17 10:29:50.145000,415.1262290664734,13
2024-09-17 10:29:50.146000,415.1437610333932,8
2024-09-17 10:29:50.175000,415.1807754383091,100
2024-09-17 10:29:50.320000,415.16659002677545,104
2024-09-17 10:29:50.459000,415.1238218640059,998
2024-09-17 10:29:50.467000,415.146211802788,7
2024-09-17 10:29:50.518000,415.1435195662261,95
2024-09-17 10:29:50.574000,415.14496617341047,9
2024-09-17 10:29:50.593000,415.1527065925923,103
2024-09-17 10:29:50.677000,415.1468263911006,105
2024-09-17 10:29:50.748000,415.1495147484928,97
2024-09-17 10:29:50.804000,415.11595138693673,1000
2024-09-17 10:29:50.920000,415.18826819030176,102
2024-09-17 10:29:50.937000,415.1665432011631,12
2024-09-17 10:29:50.969000,415.1264330309129,1003
2024-09-17 10:29:51.021000,415.1726119445904,103
2024-09-17 10:29:51.093000,415.191406776852,998
2024-09-17 10:29:51.156000,415.12406495269926,998
2024-09-17 10:29:51.192000,415.1713564864449,998
2024-09-17 10:29:51.194000,415.136685444024,1001
2024-09-17 10:29:51.224000,415.1213814119234,15
2024-09-17 10:29:51.232000,415.1250183493815,11
2024-09-17 10:29:51.287000,415.1678534182377,1003
2024-09-17 10:29:51.312000,415.1267258312324,1005
2024-09-17 10:29:51.322000,415.1836412100743,995
2024-09-17 10:29:51.345000,415.1355661739081,104
2024-09-17 10:29:51.408000,415.1922991161406,7
2024-09-17 10:29:51.482000,415.1575572734056,15
2024-09-17 10:29:51.519000,415.1898239439749,1002
2024-09-17 10:29:51.598000,415.1381496655282,15
2024-09-17 10:29:51.599000,415.1800861938973,11
2024-09-17 10:29:51.618000,415.1680127817478,10
2024-09-17 10:29:51.673000,415.1914371928901,5
2024-09-17 10:29:51.798000,415.1285349434032,997
2024-09-17 10:29:51.800000,415.1581215988843,11
2024-09-17 10:29:51.820000,415.1516386764145,101
2024-09-17 10:29:51.823000,415.15145288902846,103
2024-09-17 10:29:51.846000,415.1889811759717,999
2024-09-17 10:29:51.874000,415.1569573405107,9
2024-09-17 10:29:51.965000,415.1827095826193,98
2024-09-17 10:29:51.994000,415.15729517023976,102
2024-09-17 10:29:52.126000,415.17318588437615,12
2024-09-17 10:29:52.285000,415.1692093038676,98
2024-09-17 10:29:52.358000,415.1691998220388,6
2024-09-17 10:29:52.424000,415.17729546428177,105
2024-09-17 10:29:52.647000,415.1705454317615,99
2024-09-17 10:29:52.670000,415.1651448845577,15
2024-09-17 10:29:52.673000,415.1617811607759,1005
2024-09-17 10:29:52.880000,415.16259985521,13
2024-09-17 10:29:52.949000,415.17972898981947,1003
2024-09-17 10:29:53.012000,415.1777584547327,11
2024-09-17 10:29:53.315000,415.1960201198064,104
2024-09-17 10:29:53.596000,415.17499200268816,97
2024-09-17 10:29:53.900000,415.1925090270436,11
2024-09-17 10:29:53.944000,415.1726098492558,1000
2024-09-17 10:29:54.012000,415.1947783688314,1001
2024-09-17 10:29:54.043000,415.1824387742795,104
2024-09-17 10:29:54.107000,415.1892364412598,8
2024-09-17 10:29:54.179000,415.1656407011431,1001
2024-09-17 10:29:54.187000,415.1746639660277,97
2024-09-17 10:29:54.188000,415.1626556073028,998
2024-09-17 10:29:54.194000,415.182673716211,13
2024-09-17 10:29:54.258000,415.160550426404,95
2024-09-17 10:29:54.309000,415.1859544645839,97
2024-09-17 10:29:54.396000,415.18668625568455,96
2024-09-17 10:29:54.429000,415.154710974172,997
2024-09-17 10:29:54.454000,415.17388884815296,999
2024-09-17 10:29:54.551000,415.1620934073058,5
2024-09-17 10:29:54.553000,415.1627428300271,9
2024-09-17 10:29:54.716000,415.18075427465226,8
2024-09-17 10:29:54.800000,415.1648158890207,6
2024-09-17 10:29:54.817000,415.1557259037936,102
2024-09-17 10:29:54.884000,415.1737681893964,11
2024-09-17 10:29:54.978000,415.1837855020974,1004
2024-09-17 10:29:55.016000,415.17683769882046,10
2024-09-17 10:29:55.029000,415.2343108238746,13
2024-09-17 10:29:55.181000,415.2017037142778,14
2024-09-17 10:29:55.198000,415.1735992308201,999
2024-09-17 10:29:55.426000,415.18128415575336,103
2024-09-17 10:29:55.517000,415.1711807001395,7
2024-09-17 10:29:55.576000,415.2249517315582,10
2024-09-17 10:29:55.578000,415.16231650402807,998
2024-09-17 10:29:55.607000,415.16814030754006,9
2024-09-17 10:29:55.633000,415.2214223710063,997
2024-09-17 10:29:55.768000,415.1574104787159,8
2024-09-17 10:29:55.870000,415.234324986973,103
2024-09-17 10:29:55.919000,415.2215007198507,12
2024-09-17 10:29:55.997000,415.17764877352585,10
2024-09-17 10:29:56.018000,415.1835467000438,102
2024-09-17 10:29:56.065000,415.190643526112,102
2024-09-17 10:29:56.177000,415.1558663470375,12
2024-09-17 10:29:56.196000,415.1530115254416,5
2024-09-17 10:29:56.272000,415.19063190064855,996
2024-09-17 10:29:56.300000,415.1833359519355,10
2024-09-17 10:29:56.303000,415.2063516195429,996
2024-09-17 10:29:56.333000,415.1686624122719,1003
2024-09-17 10:29:56.380000,415.2211865383238,14
2024-09-17 10:29:56.395000,415.1959293606831,98
2024-09-17 10:29:56.410000,415.17615584701787,995
2024-09-17 10:29:56.413000,415.1514569385124,998
2024-09-17 10:29:56.422000,415.2020540993336,101
2024-09-17 10:29:56.463000,415.1430490693609,96
2024-09-17 10:29:56.495000,415.1704331370967,15
2024-09-17 10:29:56.516000,415.1549977116605,7
2024-09-17 10:29:56.522000,415.196296178568,6
2024-09-17 10:29:56.532000,415.1839501457968,995
2024-09-17 10:29:56.536000,415.1609568106958,1004
2024-09-17 10:29:56.681000,415.20816853218713,1002
2024-09-17 10:29:56.729000,415.1688592645832,998
2024-09-17 10:29:56.776000,415.1697419077944,9
2024-09-17 10:29:56.814000,415.19978167344624,997
2024-09-17 10:29:56.815000,415.2091896011896,101
2024-09-17 10:29:56.878000,415.1857712830354,99
2024-09-17 10:29:56.923000,415.1639335575357,10
2024-09-17 10:29:56.930000,415.1533527931191,105
2024-09-17 10:29:56.973000,415.18395115445696,105
2024-09-17 10:29:56.994000,415.1326101664601,1000
2024-09-17 10:29:56.999000,415.16615651339816,997
2024-09-17 10:29:57.022000,415.1830710543701,103
2024-09-17 10:29:57.227000,415.192736800783,11
2024-09-17 10:29:57.295000,415.22878936845177,6
2024-09-17 10:29:57.910000,415.2224653664748,1004
2024-09-17 10:29:58.009000,415.28060069675473,5
2024-09-17 10:29:58.062000,415.2821889992453,7
2024-09-17 10:29:58.239000,415.2767963177384,5
2024-09-17 10:29:58.433000,415.2639944264463,95
2024-09-17 10:29:58.500000,415.27206345429926,99
2024-09-17 10:29:58.532000,415.28873686848334,103
2024-09-17 10:29:58.597000,415.2895234561937,97
2024-09-17 10:29:58.644000,415.25052568085886,997
2024-09-17 10:29:58.740000,415.265640714787,7
2024-09-17 10:29:58.804000,415.2770072013807,996
2024-09-17 10:29:58.819000,415.2524295571798,95
2024-09-17 10:29:59.029000,415.358530484613,105
2024-09-17 10:29:59.152000,415.4511449703052,996
2024-09-17 10:29:59.177000,415.4453940118611,11
2024-09-17 10:29:59.180000,415.33774659681,6
2024-09-17 10:29:59.183000,415.43764253531134,11
2024-09-17 10:29:59.216000,415.3617305178518,101
2024-09-17 10:29:59.315000,415.44321181392513,1002
2024-09-17 10:29:59.345000,415.2550868485425,96
2024-09-17 10:29:59.375000,415.31473085937455,1005
2024-09-17 10:29:59.401000,415.23896416040174,13
2024-09-17 10:29:59.403000,415.27515847020896,104
2024-09-17 10:29:59.447000,415.3749739530131,12
2024-09-17 10:29:59.513000,415.4458144041095,14
2024-09-17 10:29:59.514000,415.3666183379554,999
2024-09-17 10:29:59.540000,415.2541457934013,12
2024-09-17 10:29:59.612000,415.2487652194534,98
2024-09-17 10:29:59.638000,415.4587460189961,102
2024-09-17 10:29:59.641000,415.3986393817335,1005
2024-09-17 10:29:59.653000,415.4095501246295,13
2024-09-17 10:29:59.757000,415.3570563206165,13
2024-09-17 10:29:59.778000,415.36034063953474,1005
2024-09-17 10:29:59.789000,415.3982366440629,95
2024-09-17 10:29:59.840000,415.229814421224,99
2024-09-17 10:29:59.873000,415.2425051931286,999
2024-09-17 10:29:59.894000,415.3673126442959,100
2024-09-17 10:29:59.895000,415.2493594932959,11
