Timestamp,Price,Size
2024-09-19 11:30:00.008000,420.63710041227256,8
2024-09-19 11:30:00.128000,420.6201491277764,104
2024-09-19 11:30:00.142000,420.6151451181337,95
2024-09-19 11:30:00.225000,420.6497065420407,998
2024-09-19 11:30:00.239000,420.6234415278018,998
2024-09-19 11:30:00.269000,420.6076848189145,15
2024-09-19 11:30:00.387000,420.6658118617193,1002
2024-09-19 11:30:00.435000,420.631036491189,998
2024-09-19 11:30:00.498000,420.6652281351898,97
2024-09-19 11:30:00.528000,420.6447014859645,104
2024-09-19 11:30:00.588000,420.6356293662535,104
2024-09-19 11:30:00.617000,420.636833235114,102
2024-09-19 11:30:00.640000,420.6442394084222,103
2024-09-19 11:30:00.666000,420.6400439968412,1004
2024-09-19 11:30:00.751000,420.6225235634868,8
2024-09-19 11:30:00.760000,420.68007212110825,103
2024-09-19 11:30:00.835000,420.6191016127708,13
2024-09-19 11:30:00.852000,420.6343398670714,997
2024-09-19 11:30:00.869000,420.6400646284503,1001
2024-09-19 11:30:00.930000,420.6428230212576,1004
2024-09-19 11:30:00.941000,420.6311465490719,15
2024-09-19 11:30:00.959000,420.6369394442865,15
2024-09-19 11:30:00.961000,420.6179649834367,6
2024-09-19 11:30:00.970000,420.623181770788,995
2024-09-19 11:30:01,420.5900846128132,10
2024-09-19 11:30:01.071000,420.5840837081561,105
2024-09-19 11:30:01.406000,420.5862433354095,996
2024-09-19 11:30:01.421000,420.5729948128108,997
2024-09-19 11:30:01.448000,420.5994538760346,999
2024-09-19 11:30:01.523000,420.5818365826887,98
2024-09-19 11:30:01.557000,420.5797135107952,15
2024-09-19 11:30:01.590000,420.5675458688197,996
2024-09-19 11:30:01.631000,420.57842582643343,14
2024-09-19 11:30:01.673000,420.5586308542335,14
2024-09-19 11:30:01.861000,420.5806526483888,995
2024-09-19 11:30:01.916000,420.5630367207543,104
2024-09-19 11:30:02.030000,420.54385939295776,100
2024-09-19 11:30:02.069000,420.5834370537015,101
2024-09-19 11:30:02.110000,420.57184310676143,5
2024-09-19 11:30:02.135000,420.56323971360393,5
2024-09-19 11:30:02.168000,420.5548302765927,995
2024-09-19 11:30:02.257000,420.5689941706931,1005
2024-09-19 11:30:02.303000,420.5808343747169,9
2024-09-19 11:30:02.355000,420.56381552746126,5
2024-09-19 11:30:02.476000,420.5847952671314,13
2024-09-19 11:30:02.591000,420.5658363646603,9
2024-09-19 11:30:02.593000,420.5853843538404,5
2024-09-19 11:30:02.712000,420.559104952873,1001
2024-09-19 11:30:02.729000,420.54044619154,1005
2024-09-19 11:30:02.732000,420.5497652944003,98
2024-09-19 11:30:02.796000,420.5666817710354,998
2024-09-19 11:30:02.805000,420.5774777563465,15
2024-09-19 11:30:02.854000,420.5448462827415,1001
2024-09-19 11:30:02.976000,420.56631612890345,7
2024-09-19 11:30:03.221000,420.52498900889447,1000
2024-09-19 11:30:03.441000,420.5331572503529,995
2024-09-19 11:30:04.840000,420.5077673140982,102
2024-09-19 11:30:05.185000,420.5591804459598,997
2024-09-19 11:30:05.218000,420.5584942325261,998
2024-09-19 11:30:05.268000,420.55983910749273,12
2024-09-19 11:30:05.290000,420.5375889950287,15
2024-09-19 11:30:05.321000,420.562825016668,15
2024-09-19 11:30:05.503000,420.52085402809166,8
2024-09-19 11:30:05.517000,420.5821395617263,97
2024-09-19 11:30:05.622000,420.56049665450246,95
2024-09-19 11:30:05.666000,420.5692429759757,5
2024-09-19 11:30:05.678000,420.5361064780706,104
2024-09-19 11:30:05.741000,420.5107642358346,102
2024-09-19 11:30:05.773000,420.5635090789765,15
2024-09-19 11:30:06.043000,420.54955014152335,99
2024-09-19 11:30:06.065000,420.5821271005164,97
2024-09-19 11:30:06.185000,420.5440628218993,1001
2024-09-19 11:30:06.523000,420.54462399029785,998
2024-09-19 11:30:06.568000,420.55871275012544,12
2024-09-19 11:30:07.142000,420.5591257562099,95
2024-09-19 11:30:07.305000,420.54980610504646,8
2024-09-19 11:30:07.359000,420.5703451800031,104
2024-09-19 11:30:07.693000,420.5810418665833,99
2024-09-19 11:30:07.761000,420.5444924568577,5
2024-09-19 11:30:07.875000,420.5626997217695,8
2024-09-19 11:30:07.897000,420.5554564772388,999
2024-09-19 11:30:08.001000,420.64359720662975,1004
2024-09-19 11:30:08.052000,420.5468468482577,1003
2024-09-19 11:30:08.058000,420.62224873541913,6
2024-09-19 11:30:08.092000,420.6201637287592,1000
2024-09-19 11:30:08.287000,420.5389702338132,996
2024-09-19 11:30:08.303000,420.64159906081534,11
2024-09-19 11:30:08.328000,420.58464920135066,1003
2024-09-19 11:30:08.338000,420.6071416256992,104
2024-09-19 11:30:08.459000,420.58899508671726,14
2024-09-19 11:30:08.499000,420.63779744042256,1001
2024-09-19 11:30:08.522000,420.6170665965981,1002
2024-09-19 11:30:08.541000,420.5868084284841,101
2024-09-19 11:30:08.545000,420.6018875149237,1002
2024-09-19 11:30:08.553000,420.5974310667007,96
2024-09-19 11:30:08.597000,420.6282772304731,1005
2024-09-19 11:30:08.604000,420.5880857782663,1000
2024-09-19 11:30:08.698000,420.6329708737894,8
2024-09-19 11:30:08.809000,420.6643362462554,7
2024-09-19 11:30:08.873000,420.5631255918628,1001
2024-09-19 11:30:08.949000,420.62029818856826,105
2024-09-19 11:30:08.990000,420.5538781526221,997
2024-09-19 11:30:09.062000,420.6213204017384,97
2024-09-19 11:30:09.257000,420.6847323424385,13
2024-09-19 11:30:09.360000,420.6126564140869,1004
2024-09-19 11:30:09.437000,420.6229097059136,105
2024-09-19 11:30:09.536000,420.6943281103559,97
2024-09-19 11:30:09.657000,420.6432243243841,105
2024-09-19 11:30:09.712000,420.6470429182081,1001
2024-09-19 11:30:09.724000,420.7016426552564,995
2024-09-19 11:30:09.804000,420.6181488933341,15
2024-09-19 11:30:11.021000,420.7302145999149,998
2024-09-19 11:30:11.028000,420.7127542459965,1003
2024-09-19 11:30:11.052000,420.7302557231435,101
2024-09-19 11:30:11.082000,420.7346494199699,8
2024-09-19 11:30:11.083000,420.6829184388356,12
2024-09-19 11:30:11.193000,420.7250350686116,101
2024-09-19 11:30:11.253000,420.71705127480976,996
2024-09-19 11:30:11.363000,420.7317515307119,999
2024-09-19 11:30:11.421000,420.7460228221974,1001
2024-09-19 11:30:11.450000,420.74355538518734,1003
2024-09-19 11:30:11.523000,420.6937575887712,5
2024-09-19 11:30:11.558000,420.7341702821335,8
2024-09-19 11:30:11.599000,420.7388110544373,99
2024-09-19 11:30:11.599000,420.7134856599593,100
2024-09-19 11:30:11.660000,420.679554659387,104
2024-09-19 11:30:11.729000,420.7221493240248,9
2024-09-19 11:30:11.759000,420.71309397949193,103
2024-09-19 11:30:11.850000,420.7398651555215,999
2024-09-19 11:30:11.948000,420.7063105507135,103
2024-09-19 11:30:11.948000,420.6889504198793,997
2024-09-19 11:30:11.959000,420.7356545855395,1004
2024-09-19 11:30:12.023000,420.69149133378977,95
2024-09-19 11:30:12.111000,420.7102772019077,6
2024-09-19 11:30:12.130000,420.695554612804,8
2024-09-19 11:30:12.156000,420.70506947634135,98
2024-09-19 11:30:12.217000,420.6874242176898,104
2024-09-19 11:30:12.486000,420.6774861634545,13
2024-09-19 11:30:12.511000,420.68371162753095,95
2024-09-19 11:30:12.599000,420.6760524923265,999
2024-09-19 11:30:12.686000,420.6942107542818,998
2024-09-19 11:30:12.721000,420.697422527384,104
2024-09-19 11:30:12.869000,420.7042294346877,1000
2024-09-19 11:30:12.982000,420.69700688652046,6
2024-09-19 11:30:12.982000,420.6785651257748,997
2024-09-19 11:30:12.985000,420.67845708517297,6
2024-09-19 11:30:13.094000,420.6697597177096,997
2024-09-19 11:30:13.162000,420.6751166320552,1001
2024-09-19 11:30:13.324000,420.673763127984,6
2024-09-19 11:30:13.374000,420.6806291646861,103
2024-09-19 11:30:13.427000,420.66575486815697,1001
2024-09-19 11:30:13.432000,420.6648071183612,100
2024-09-19 11:30:13.479000,420.6671154045688,103
2024-09-19 11:30:13.553000,420.67005146960616,102
2024-09-19 11:30:13.739000,420.6733825815616,996
2024-09-19 11:30:13.778000,420.67080862938377,5
2024-09-19 11:30:14.031000,420.68668532849387,10
2024-09-19 11:30:14.086000,420.7115137314982,102
2024-09-19 11:30:14.101000,420.66601353068734,1001
2024-09-19 11:30:14.135000,420.7199602708767,6
2024-09-19 11:30:14.159000,420.6678345742854,100
2024-09-19 11:30:14.169000,420.6779189704226,98
2024-09-19 11:30:14.176000,420.7144907325786,1003
2024-09-19 11:30:14.354000,420.6369553277213,6
2024-09-19 11:30:14.387000,420.6883950476675,102
2024-09-19 11:30:14.450000,420.6547369797171,999
2024-09-19 11:30:14.576000,420.6338239151469,103
2024-09-19 11:30:14.629000,420.6886380030055,97
2024-09-19 11:30:14.660000,420.70412222978223,95
2024-09-19 11:30:14.688000,420.6970643781727,998
2024-09-19 11:30:14.698000,420.6590770452508,100
2024-09-19 11:30:14.703000,420.65778606702673,10
2024-09-19 11:30:14.708000,420.6443544694436,1002
2024-09-19 11:30:14.873000,420.65307104505325,101
2024-09-19 11:30:14.879000,420.6519271796359,7
2024-09-19 11:30:14.957000,420.71742005090096,12
2024-09-19 11:30:14.982000,420.6848336376206,1005
2024-09-19 11:30:14.998000,420.6719095834744,1004
2024-09-19 11:30:15.016000,420.6268858512292,7
2024-09-19 11:30:15.190000,420.64877310476345,9
2024-09-19 11:30:15.254000,420.6455084450773,995
2024-09-19 11:30:15.306000,420.6389262888488,99
2024-09-19 11:30:15.327000,420.650885510009,11
2024-09-19 11:30:15.782000,420.6598242172881,98
2024-09-19 11:30:15.782000,420.6503264891455,100
2024-09-19 11:30:16.023000,420.6016538401156,95
2024-09-19 11:30:16.048000,420.5530968823895,998
2024-09-19 11:30:16.086000,420.5736233514247,96
2024-09-19 11:30:16.093000,420.6228593404934,997
2024-09-19 11:30:16.111000,420.5884505382385,1002
2024-09-19 11:30:16.122000,420.58279055775824,15
2024-09-19 11:30:16.128000,420.56860442796784,9
2024-09-19 11:30:16.157000,420.6020861774393,13
2024-09-19 11:30:16.230000,420.6178338541688,15
2024-09-19 11:30:16.261000,420.6473558497851,6
2024-09-19 11:30:16.359000,420.6195080915881,6
2024-09-19 11:30:16.408000,420.6267570382696,1001
2024-09-19 11:30:16.425000,420.6034131215299,13
2024-09-19 11:30:16.434000,420.6158383760176,13
2024-09-19 11:30:16.496000,420.64418110963055,1002
2024-09-19 11:30:16.577000,420.6278397496867,9
2024-09-19 11:30:16.592000,420.6031711212093,14
2024-09-19 11:30:16.612000,420.6189444359823,13
2024-09-19 11:30:16.645000,420.6144401699609,1001
2024-09-19 11:30:16.747000,420.6316586739976,1002
2024-09-19 11:30:16.750000,420.6056556305416,995
2024-09-19 11:30:16.826000,420.62452546436094,97
2024-09-19 11:30:16.862000,420.62644829589095,10
2024-09-19 11:30:16.863000,420.6486816655329,104
2024-09-19 11:30:16.872000,420.599505399141,12
2024-09-19 11:30:16.885000,420.64227542377193,102
2024-09-19 11:30:16.930000,420.59280237993056,95
2024-09-19 11:30:17.064000,420.6267086041964,8
2024-09-19 11:30:17.089000,420.633458808132,11
2024-09-19 11:30:17.202000,420.5537772703025,997
2024-09-19 11:30:17.353000,420.5481163525209,8
2024-09-19 11:30:17.370000,420.54536701632793,7
2024-09-19 11:30:17.373000,420.6285637325795,999
2024-09-19 11:30:17.376000,420.52847508629134,999
2024-09-19 11:30:17.380000,420.5877939954831,6
2024-09-19 11:30:17.381000,420.5615180757428,9
2024-09-19 11:30:17.408000,420.5510979675356,95
2024-09-19 11:30:17.413000,420.5841447512428,15
2024-09-19 11:30:17.492000,420.5648341326127,1004
2024-09-19 11:30:17.501000,420.637558270909,8
2024-09-19 11:30:17.527000,420.569823764402,1003
2024-09-19 11:30:17.534000,420.5441023035645,102
2024-09-19 11:30:17.607000,420.6107804852375,10
2024-09-19 11:30:17.655000,420.5398462278146,103
2024-09-19 11:30:17.672000,420.53909462513366,98
2024-09-19 11:30:17.690000,420.54415617691376,14
2024-09-19 11:30:17.698000,420.6262170687578,9
2024-09-19 11:30:17.724000,420.54173418743767,995
2024-09-19 11:30:17.843000,420.55088814058064,1002
2024-09-19 11:30:17.868000,420.5293416125105,102
2024-09-19 11:30:17.892000,420.5913254803836,14
2024-09-19 11:30:17.892000,420.549433572847,997
2024-09-19 11:30:18.275000,420.5310289995448,99
2024-09-19 11:30:18.356000,420.558665487398,10
2024-09-19 11:30:18.378000,420.5111431307684,13
2024-09-19 11:30:18.413000,420.5581878652618,15
2024-09-19 11:30:18.422000,420.5186702640833,99
2024-09-19 11:30:18.460000,420.5343765942602,12
2024-09-19 11:30:18.521000,420.5710238988441,995
2024-09-19 11:30:18.591000,420.5554001349526,995
2024-09-19 11:30:18.642000,420.5551652911641,97
2024-09-19 11:30:18.733000,420.51929703602985,5
2024-09-19 11:30:18.809000,420.5685341603627,11
2024-09-19 11:30:18.841000,420.5310956581278,101
2024-09-19 11:30:19.001000,420.5793109388467,5
2024-09-19 11:30:19.024000,420.5713649469945,97
2024-09-19 11:30:19.067000,420.55254253311983,13
2024-09-19 11:30:19.138000,420.5866381766439,995
2024-09-19 11:30:19.213000,420.55094003753953,1003
2024-09-19 11:30:19.281000,420.5261728117397,8
2024-09-19 11:30:19.328000,420.5887323281693,97
2024-09-19 11:30:19.345000,420.5472733587654,12
2024-09-19 11:30:19.520000,420.54235265979423,6
2024-09-19 11:30:19.524000,420.5479074346762,104
2024-09-19 11:30:19.536000,420.5582685277172,10
2024-09-19 11:30:19.673000,420.55706594999424,105
2024-09-19 11:30:19.840000,420.5207232249218,1003
2024-09-19 11:30:19.842000,420.54097640393377,8
2024-09-19 11:30:19.971000,420.5451443776316,1000
2024-09-19 11:30:20.182000,420.5871789866893,14
2024-09-19 11:30:20.837000,420.58350541928166,10
2024-09-19 11:30:21.078000,420.5848693786786,998
2024-09-19 11:30:21.297000,420.6011053784591,99
2024-09-19 11:30:21.301000,420.55901444076505,1004
2024-09-19 11:30:21.340000,420.6010565569809,98
2024-09-19 11:30:21.485000,420.606801810628,105
2024-09-19 11:30:21.501000,420.5743859942773,99
2024-09-19 11:30:21.698000,420.55729854735614,999
2024-09-19 11:30:21.735000,420.58038115250537,10
2024-09-19 11:30:21.760000,420.5866713293298,995
2024-09-19 11:30:21.782000,420.6015734984466,99
2024-09-19 11:30:21.849000,420.5686682196792,9
2024-09-19 11:30:21.854000,420.60630721988593,105
2024-09-19 11:30:22.038000,420.5818123722767,996
2024-09-19 11:30:22.041000,420.6073773893464,1000
2024-09-19 11:30:22.138000,420.5773974687161,105
2024-09-19 11:30:22.146000,420.5859068021807,6
2024-09-19 11:30:22.171000,420.62192003122095,99
2024-09-19 11:30:22.260000,420.58225788274166,96
2024-09-19 11:30:22.262000,420.61283615683055,10
2024-09-19 11:30:22.348000,420.5998234278036,8
2024-09-19 11:30:22.471000,420.5903004173642,1000
2024-09-19 11:30:22.490000,420.61614527349366,998
2024-09-19 11:30:22.545000,420.5843953558171,100
2024-09-19 11:30:22.566000,420.5989383710014,7
2024-09-19 11:30:22.623000,420.5989757217399,13
2024-09-19 11:30:22.699000,420.5739105201643,998
2024-09-19 11:30:22.710000,420.59640285300327,996
2024-09-19 11:30:22.877000,420.5828579318628,98
2024-09-19 11:30:23.062000,420.6478325170117,6
2024-09-19 11:30:23.125000,420.5739246551454,11
2024-09-19 11:30:23.159000,420.6352082630266,13
2024-09-19 11:30:23.171000,420.6359397855785,98
2024-09-19 11:30:23.193000,420.636260477356,6
2024-09-19 11:30:23.226000,420.6237993893917,9
2024-09-19 11:30:23.319000,420.61363974456,999
2024-09-19 11:30:23.322000,420.66149256646094,99
2024-09-19 11:30:23.345000,420.5656070296296,105
2024-09-19 11:30:23.493000,420.5670546368791,102
2024-09-19 11:30:23.547000,420.62651965497287,15
2024-09-19 11:30:23.565000,420.6523711263869,99
2024-09-19 11:30:23.591000,420.57521003833006,103
2024-09-19 11:30:23.763000,420.6388353035453,15
2024-09-19 11:30:23.787000,420.5801151909621,1004
2024-09-19 11:30:23.862000,420.6084199737477,5
2024-09-19 11:30:23.944000,420.5585545500988,1000
2024-09-19 11:30:23.977000,420.6336920309485,104
2024-09-19 11:30:23.987000,420.6182971065908,99
2024-09-19 11:30:24.164000,420.5492502023411,100
2024-09-19 11:30:24.457000,420.545346925328,998
2024-09-19 11:30:24.543000,420.5552742324204,100
2024-09-19 11:30:24.603000,420.5459533673932,996
2024-09-19 11:30:24.785000,420.5400770234852,101
2024-09-19 11:30:25.308000,420.5555957551985,995
2024-09-19 11:30:25.515000,420.5530185110528,1002
2024-09-19 11:30:25.519000,420.5414540255025,96
2024-09-19 11:30:25.555000,420.54992168357774,995
2024-09-19 11:30:25.653000,420.553842804548,999
2024-09-19 11:30:25.702000,420.55421723582657,105
2024-09-19 11:30:25.789000,420.5569309268722,98
2024-09-19 11:30:25.789000,420.56510049816734,15
2024-09-19 11:30:25.886000,420.5517868611016,105
2024-09-19 11:30:26.069000,420.5855212892544,998
2024-09-19 11:30:26.149000,420.6042475714904,1003
2024-09-19 11:30:26.332000,420.5957597367474,995
2024-09-19 11:30:26.416000,420.576451623471,96
2024-09-19 11:30:26.598000,420.5946284444181,1004
2024-09-19 11:30:26.649000,420.5659144632298,99
2024-09-19 11:30:26.867000,420.5823833232088,997
2024-09-19 11:30:26.995000,420.5676297373007,102
2024-09-19 11:30:27.017000,420.599168531512,104
2024-09-19 11:30:27.023000,420.6256316001434,14
2024-09-19 11:30:27.036000,420.61972419236974,100
2024-09-19 11:30:27.162000,420.5965721995815,998
2024-09-19 11:30:27.169000,420.5891201641583,1002
2024-09-19 11:30:27.281000,420.6177655330595,95
2024-09-19 11:30:27.289000,420.5905727903887,6
2024-09-19 11:30:27.343000,420.5849253586164,997
2024-09-19 11:30:27.364000,420.5928919723083,998
2024-09-19 11:30:27.367000,420.5911796953576,1001
2024-09-19 11:30:27.411000,420.6098102187404,7
2024-09-19 11:30:27.485000,420.6220231804016,100
2024-09-19 11:30:27.750000,420.5983869353065,996
2024-09-19 11:30:27.852000,420.6137518731827,14
2024-09-19 11:30:27.864000,420.5957847889137,15
2024-09-19 11:30:27.877000,420.5869382335534,99
2024-09-19 11:30:28.014000,420.67901598220647,7
2024-09-19 11:30:28.032000,420.5819115611921,99
2024-09-19 11:30:28.083000,420.59089205415137,995
2024-09-19 11:30:28.137000,420.6522726907053,5
2024-09-19 11:30:28.186000,420.65485501626114,1000
2024-09-19 11:30:28.328000,420.6063811983766,100
2024-09-19 11:30:28.384000,420.600499095394,1000
2024-09-19 11:30:28.404000,420.673771239585,105
2024-09-19 11:30:28.408000,420.6646457402298,998
2024-09-19 11:30:28.439000,420.7022747071,997
2024-09-19 11:30:28.442000,420.6817309413379,998
2024-09-19 11:30:28.467000,420.6841295231005,1001
2024-09-19 11:30:28.510000,420.60904120574594,1003
2024-09-19 11:30:28.515000,420.6594257962838,103
2024-09-19 11:30:28.544000,420.57470445062194,5
2024-09-19 11:30:28.622000,420.64604877410216,1002
2024-09-19 11:30:28.660000,420.6304196076199,1004
2024-09-19 11:30:28.674000,420.5791156917091,7
2024-09-19 11:30:28.738000,420.5804023624193,996
2024-09-19 11:30:28.787000,420.5713229049889,995
2024-09-19 11:30:28.796000,420.6870097858881,7
2024-09-19 11:30:28.836000,420.6702154695669,1001
2024-09-19 11:30:28.888000,420.5766688451214,12
2024-09-19 11:30:28.905000,420.6748029682447,104
2024-09-19 11:30:28.911000,420.6341964658978,1000
2024-09-19 11:30:28.946000,420.587820403944,97
2024-09-19 11:30:28.963000,420.6645850589548,7
2024-09-19 11:30:28.973000,420.674804306949,1003
2024-09-19 11:30:28.979000,420.6568674996746,998
2024-09-19 11:30:29.065000,420.63366343985,999
2024-09-19 11:30:29.098000,420.66424610231087,9
2024-09-19 11:30:29.158000,420.6470267349122,7
2024-09-19 11:30:29.200000,420.64085991956415,97
2024-09-19 11:30:29.211000,420.6211403520149,998
2024-09-19 11:30:29.304000,420.6127875387208,105
2024-09-19 11:30:29.328000,420.6369213895815,5
2024-09-19 11:30:29.521000,420.62707636818817,97
2024-09-19 11:30:29.641000,420.65124887116576,999
2024-09-19 11:30:29.723000,420.6096949699688,104
2024-09-19 11:30:29.731000,420.6566185706613,98
2024-09-19 11:30:29.750000,420.6161889275352,95
2024-09-19 11:30:29.777000,420.6458623251782,1005
2024-09-19 11:30:29.821000,420.6520865334503,15
2024-09-19 11:30:29.893000,420.6395328845289,1005
2024-09-19 11:30:30.043000,420.6355566552514,6
2024-09-19 11:30:30.059000,420.6405544565436,998
2024-09-19 11:30:30.062000,420.6146201976311,9
2024-09-19 11:30:30.068000,420.6413723434309,7
2024-09-19 11:30:30.086000,420.6451659283196,104
2024-09-19 11:30:30.098000,420.6062640248613,105
2024-09-19 11:30:30.136000,420.6285845064797,8
2024-09-19 11:30:30.171000,420.64704307069314,1002
2024-09-19 11:30:30.183000,420.6606956766658,1004
2024-09-19 11:30:30.328000,420.6438872745224,995
2024-09-19 11:30:30.393000,420.5989422991895,13
2024-09-19 11:30:30.403000,420.6737715205301,10
2024-09-19 11:30:30.467000,420.63941386565375,1000
2024-09-19 11:30:30.552000,420.642457217637,7
2024-09-19 11:30:30.553000,420.63814209640856,1003
2024-09-19 11:30:30.682000,420.6384126625377,8
2024-09-19 11:30:30.687000,420.6324784884644,99
2024-09-19 11:30:30.713000,420.62652319336286,999
2024-09-19 11:30:30.726000,420.5830879527179,7
2024-09-19 11:30:30.747000,420.64096742302297,103
2024-09-19 11:30:30.752000,420.6731316027468,999
2024-09-19 11:30:30.882000,420.5936739206911,13
2024-09-19 11:30:30.890000,420.60908967283336,100
2024-09-19 11:30:30.891000,420.6291226896633,7
2024-09-19 11:30:30.895000,420.6855421203881,999
2024-09-19 11:30:30.897000,420.6492121121348,5
2024-09-19 11:30:30.943000,420.6263116120909,10
2024-09-19 11:30:30.960000,420.6393987358824,6
2024-09-19 11:30:30.961000,420.5961023261658,95
2024-09-19 11:30:30.965000,420.60841804736833,1005
2024-09-19 11:30:31.105000,420.6809757704231,1000
2024-09-19 11:30:31.130000,420.6965404406421,997
2024-09-19 11:30:31.298000,420.6961089822747,12
2024-09-19 11:30:31.476000,420.7011828159717,1005
2024-09-19 11:30:31.717000,420.67855181252406,999
2024-09-19 11:30:31.954000,420.6829414706262,998
2024-09-19 11:30:32.329000,420.6924994666049,102
2024-09-19 11:30:33.054000,420.7015701536836,100
2024-09-19 11:30:33.115000,420.7196760090904,104
2024-09-19 11:30:33.209000,420.7099695949616,8
2024-09-19 11:30:33.430000,420.7173001459624,5
2024-09-19 11:30:33.531000,420.7319009767899,12
2024-09-19 11:30:33.756000,420.7070951568907,99
2024-09-19 11:30:33.776000,420.7155446743135,95
2024-09-19 11:30:33.787000,420.722614821894,1002
2024-09-19 11:30:33.796000,420.68884754962585,97
2024-09-19 11:30:33.887000,420.7092468906659,95
2024-09-19 11:30:34.003000,420.7141552543919,100
2024-09-19 11:30:34.006000,420.8035236265838,1005
2024-09-19 11:30:34.028000,420.76836056504834,995
2024-09-19 11:30:34.032000,420.7786691454343,999
2024-09-19 11:30:34.057000,420.7467300482126,997
2024-09-19 11:30:34.181000,420.7753359019964,1005
2024-09-19 11:30:34.329000,420.7590548796252,14
2024-09-19 11:30:34.342000,420.81130027741017,14
2024-09-19 11:30:34.367000,420.76353367272543,7
2024-09-19 11:30:34.377000,420.768005995296,6
2024-09-19 11:30:34.407000,420.762032555824,1003
2024-09-19 11:30:34.456000,420.7525890697769,99
2024-09-19 11:30:34.560000,420.8011278061791,99
2024-09-19 11:30:34.630000,420.7489824062086,11
2024-09-19 11:30:34.646000,420.7518335072022,103
2024-09-19 11:30:34.662000,420.79604320163975,1000
2024-09-19 11:30:34.667000,420.7670271985032,14
2024-09-19 11:30:34.672000,420.7493262851984,97
2024-09-19 11:30:34.706000,420.7696801541189,102
2024-09-19 11:30:34.721000,420.7796105161794,995
2024-09-19 11:30:34.752000,420.8294420922567,12
2024-09-19 11:30:34.793000,420.7723044660877,5
2024-09-19 11:30:34.800000,420.7112007684165,1003
2024-09-19 11:30:34.814000,420.74798591284673,14
2024-09-19 11:30:34.842000,420.81079618028895,103
2024-09-19 11:30:34.858000,420.7680989947093,96
2024-09-19 11:30:34.902000,420.7467417826763,105
2024-09-19 11:30:34.931000,420.8148412593753,104
2024-09-19 11:30:34.958000,420.82566304155074,101
2024-09-19 11:30:34.988000,420.7095968583815,15
2024-09-19 11:30:35,420.8348737004298,999
2024-09-19 11:30:35.026000,420.8142442771567,10
2024-09-19 11:30:35.030000,420.8189473500681,996
2024-09-19 11:30:35.076000,420.763376459263,1000
2024-09-19 11:30:35.269000,420.8040483793975,10
2024-09-19 11:30:35.373000,420.7898798523927,10
2024-09-19 11:30:35.402000,420.7508274864202,100
2024-09-19 11:30:35.414000,420.8212041763912,999
2024-09-19 11:30:35.531000,420.8142404557752,996
2024-09-19 11:30:35.584000,420.7729729164074,12
2024-09-19 11:30:35.606000,420.7734303189551,995
2024-09-19 11:30:35.620000,420.819935586587,1000
2024-09-19 11:30:35.636000,420.8320189972355,997
2024-09-19 11:30:35.735000,420.7640716901634,998
2024-09-19 11:30:35.823000,420.7575331176063,95
2024-09-19 11:30:35.876000,420.78561565086494,5
2024-09-19 11:30:35.956000,420.7940105930672,1005
2024-09-19 11:30:36.426000,420.8172952145798,995
2024-09-19 11:30:36.574000,420.81126463665527,5
2024-09-19 11:30:37.262000,420.7614872845679,102
2024-09-19 11:30:37.326000,420.8025900379486,103
2024-09-19 11:30:37.347000,420.7724612563855,95
2024-09-19 11:30:37.509000,420.7783576556977,95
2024-09-19 11:30:37.526000,420.7733926104448,1002
2024-09-19 11:30:37.564000,420.8062547345482,12
2024-09-19 11:30:37.624000,420.8026861596216,997
2024-09-19 11:30:37.810000,420.7566229405862,13
2024-09-19 11:30:37.829000,420.828092129242,1003
2024-09-19 11:30:37.844000,420.8155549809627,11
2024-09-19 11:30:37.956000,420.81570131919,101
2024-09-19 11:30:38.058000,420.7776566304135,1003
2024-09-19 11:30:38.082000,420.7911572472424,7
2024-09-19 11:30:38.095000,420.8147997022405,15
2024-09-19 11:30:38.130000,420.8052440962053,103
2024-09-19 11:30:38.235000,420.78819910895135,102
2024-09-19 11:30:38.249000,420.8055364803657,1005
2024-09-19 11:30:38.289000,420.7687836433023,98
2024-09-19 11:30:38.437000,420.79715628498246,995
2024-09-19 11:30:38.543000,420.77934480735576,101
2024-09-19 11:30:38.623000,420.7993478644178,6
2024-09-19 11:30:38.692000,420.7851435123597,102
2024-09-19 11:30:38.761000,420.7703555080386,105
2024-09-19 11:30:38.775000,420.7838493675055,105
2024-09-19 11:30:38.814000,420.7798536365404,12
2024-09-19 11:30:38.831000,420.7807870122082,8
2024-09-19 11:30:38.916000,420.7898742937836,13
2024-09-19 11:30:38.923000,420.7892817657267,997
2024-09-19 11:30:38.956000,420.8143037908807,10
2024-09-19 11:30:39.243000,420.8055987087862,12
2024-09-19 11:30:39.288000,420.7881963782485,998
2024-09-19 11:30:39.360000,420.77378957529504,1001
2024-09-19 11:30:39.372000,420.7781170077948,105
2024-09-19 11:30:39.426000,420.793610897732,998
2024-09-19 11:30:39.532000,420.7856365601691,97
2024-09-19 11:30:39.545000,420.76727247492784,995
2024-09-19 11:30:39.584000,420.8146523938674,100
2024-09-19 11:30:39.807000,420.7659469613273,13
2024-09-19 11:30:39.813000,420.7831206836672,8
2024-09-19 11:30:40.062000,420.855862090856,97
2024-09-19 11:30:40.073000,420.77570606878425,104
2024-09-19 11:30:40.247000,420.8255558047504,1002
2024-09-19 11:30:40.307000,420.84061745013145,1005
2024-09-19 11:30:40.314000,420.8590395336618,997
2024-09-19 11:30:40.329000,420.8519638540005,1004
2024-09-19 11:30:40.332000,420.77457778321735,8
2024-09-19 11:30:40.407000,420.8320935111908,997
2024-09-19 11:30:40.485000,420.8132402465937,1000
2024-09-19 11:30:40.537000,420.7810650185153,1004
2024-09-19 11:30:40.568000,420.83935513480975,995
2024-09-19 11:30:40.576000,420.83050015445343,997
2024-09-19 11:30:40.594000,420.8346495107984,14
2024-09-19 11:30:40.618000,420.8438876378853,1003
2024-09-19 11:30:40.642000,420.8204915558721,1004
2024-09-19 11:30:40.657000,420.8454166099552,13
2024-09-19 11:30:40.661000,420.8088533994284,103
2024-09-19 11:30:40.766000,420.8467064398602,96
2024-09-19 11:30:40.769000,420.76658207459707,10
2024-09-19 11:30:40.772000,420.8457771647618,8
2024-09-19 11:30:40.778000,420.8050856662401,95
2024-09-19 11:30:40.860000,420.82940343554606,13
2024-09-19 11:30:41.006000,420.7540943106852,11
2024-09-19 11:30:41.066000,420.7313285277048,1005
2024-09-19 11:30:41.072000,420.7225062539714,999
2024-09-19 11:30:41.101000,420.73079355053767,100
2024-09-19 11:30:41.226000,420.7620270134151,997
2024-09-19 11:30:41.235000,420.736685170822,999
2024-09-19 11:30:41.268000,420.7225031870663,14
2024-09-19 11:30:41.275000,420.7869808580994,999
2024-09-19 11:30:41.280000,420.7729627324542,998
2024-09-19 11:30:41.468000,420.7507716855678,100
2024-09-19 11:30:41.474000,420.70735273980415,996
2024-09-19 11:30:41.540000,420.757079778326,9
2024-09-19 11:30:41.578000,420.7347758356738,1005
2024-09-19 11:30:41.699000,420.707935723334,104
2024-09-19 11:30:41.761000,420.71555295097886,12
2024-09-19 11:30:41.938000,420.7155552931008,95
2024-09-19 11:30:42.055000,420.7553233822852,97
2024-09-19 11:30:42.070000,420.733336313477,104
2024-09-19 11:30:42.116000,420.780727547046,104
2024-09-19 11:30:42.120000,420.7657561825662,99
2024-09-19 11:30:42.161000,420.7929481544178,998
2024-09-19 11:30:42.188000,420.71254587881873,98
2024-09-19 11:30:42.212000,420.76279743051737,15
2024-09-19 11:30:42.216000,420.7714140517665,1005
2024-09-19 11:30:42.218000,420.7598552409716,1000
2024-09-19 11:30:42.223000,420.7843063204232,96
2024-09-19 11:30:42.272000,420.75462184399805,1005
2024-09-19 11:30:42.446000,420.7782040583424,105
2024-09-19 11:30:42.465000,420.755118921956,5
2024-09-19 11:30:42.615000,420.73630909195,997
2024-09-19 11:30:42.660000,420.73484852809673,999
2024-09-19 11:30:42.711000,420.7660213430884,10
2024-09-19 11:30:42.763000,420.76722887759513,98
2024-09-19 11:30:42.783000,420.75028746871146,999
2024-09-19 11:30:42.815000,420.72185803757736,100
2024-09-19 11:30:42.821000,420.7704187198085,105
2024-09-19 11:30:42.833000,420.77349883092336,1003
2024-09-19 11:30:42.849000,420.7614747229972,1002
2024-09-19 11:30:42.889000,420.71174480163774,12
2024-09-19 11:30:42.916000,420.7566546799865,13
2024-09-19 11:30:43.022000,420.733802952568,1001
2024-09-19 11:30:43.046000,420.7448356739732,101
2024-09-19 11:30:43.118000,420.731964148287,1000
2024-09-19 11:30:43.175000,420.7271751083896,5
2024-09-19 11:30:43.416000,420.72290375551006,103
2024-09-19 11:30:43.449000,420.7195691568434,101
2024-09-19 11:30:43.452000,420.7508305080948,995
2024-09-19 11:30:43.511000,420.74078488460754,9
2024-09-19 11:30:43.534000,420.7250162207018,995
2024-09-19 11:30:43.582000,420.717173907133,105
2024-09-19 11:30:43.612000,420.71169092098216,995
2024-09-19 11:30:43.646000,420.742836794035,11
2024-09-19 11:30:43.791000,420.7550467229815,1003
2024-09-19 11:30:43.825000,420.75248891184737,15
2024-09-19 11:30:43.852000,420.73051612621657,1001
2024-09-19 11:30:43.958000,420.7264173497106,1005
2024-09-19 11:30:43.966000,420.7409269224893,10
2024-09-19 11:30:43.974000,420.7538986831702,1001
2024-09-19 11:30:43.978000,420.7172708426699,103
2024-09-19 11:30:43.989000,420.7222222117576,998
2024-09-19 11:30:44.127000,420.68258511133627,98
2024-09-19 11:30:44.134000,420.6984165795184,95
2024-09-19 11:30:44.170000,420.66530554174847,100
2024-09-19 11:30:44.342000,420.6984903701888,12
2024-09-19 11:30:44.364000,420.6916114034216,1000
2024-09-19 11:30:44.364000,420.67822645990935,7
2024-09-19 11:30:44.471000,420.6445899258709,1001
2024-09-19 11:30:44.502000,420.65545829448064,96
2024-09-19 11:30:44.543000,420.7125100377024,6
2024-09-19 11:30:44.634000,420.6601278162604,1005
2024-09-19 11:30:45.100000,420.7211988626684,1001
2024-09-19 11:30:45.136000,420.7113755968925,11
2024-09-19 11:30:45.160000,420.7023566294612,12
2024-09-19 11:30:45.303000,420.727679409195,97
2024-09-19 11:30:45.332000,420.73854125541226,998
2024-09-19 11:30:45.426000,420.7386239291251,10
2024-09-19 11:30:46.778000,420.77072697258905,996
2024-09-19 11:30:46.828000,420.7591752958188,999
2024-09-19 11:30:47.236000,420.7807685595919,997
2024-09-19 11:30:47.328000,420.7518957099517,11
2024-09-19 11:30:48.278000,420.7529725269548,10
2024-09-19 11:30:49.048000,420.74321702837807,101
2024-09-19 11:30:49.166000,420.7118578719868,104
2024-09-19 11:30:49.179000,420.7062833992552,1004
2024-09-19 11:30:49.312000,420.74956890567984,997
2024-09-19 11:30:49.363000,420.7523658435264,1002
2024-09-19 11:30:49.372000,420.77261894740815,97
2024-09-19 11:30:49.425000,420.7495535050076,996
2024-09-19 11:30:49.446000,420.7628077330086,10
2024-09-19 11:30:49.450000,420.74896464896017,1003
2024-09-19 11:30:49.477000,420.75387314119627,998
2024-09-19 11:30:49.641000,420.7558975825333,1000
2024-09-19 11:30:49.653000,420.7292306048983,10
2024-09-19 11:30:49.741000,420.7600973435089,101
2024-09-19 11:30:49.758000,420.7512587561066,999
2024-09-19 11:30:49.795000,420.740210987603,1004
2024-09-19 11:30:49.810000,420.7248549487314,14
2024-09-19 11:30:49.831000,420.708732522125,9
2024-09-19 11:30:49.882000,420.7002160577475,998
2024-09-19 11:30:49.926000,420.735783064265,96
2024-09-19 11:30:50.018000,420.72624119431975,15
2024-09-19 11:30:50.040000,420.7352767782604,1003
2024-09-19 11:30:50.254000,420.72845171909694,104
2024-09-19 11:30:50.290000,420.72983115958687,995
2024-09-19 11:30:50.317000,420.7496663026433,98
2024-09-19 11:30:50.330000,420.7432089478445,102
2024-09-19 11:30:50.349000,420.7505154873352,12
2024-09-19 11:30:50.349000,420.74828570387086,8
2024-09-19 11:30:50.495000,420.7267819060877,10
2024-09-19 11:30:50.498000,420.7168919077969,995
2024-09-19 11:30:50.537000,420.7152194640143,14
2024-09-19 11:30:50.610000,420.7296164689636,1001
2024-09-19 11:30:50.635000,420.7333647948973,12
2024-09-19 11:30:50.725000,420.7200776209234,7
2024-09-19 11:30:50.803000,420.71688664987886,100
2024-09-19 11:30:51.019000,420.7456499913166,8
2024-09-19 11:30:51.031000,420.7738073338396,1000
2024-09-19 11:30:51.156000,420.78394648532856,101
2024-09-19 11:30:51.185000,420.72804122728337,997
2024-09-19 11:30:51.217000,420.7850494276636,15
2024-09-19 11:30:51.306000,420.7846651906642,1003
2024-09-19 11:30:51.313000,420.775935634738,8
2024-09-19 11:30:51.444000,420.7527145246109,100
2024-09-19 11:30:51.465000,420.7420795517546,11
2024-09-19 11:30:51.472000,420.8062697004104,97
2024-09-19 11:30:51.494000,420.7882304827765,8
2024-09-19 11:30:51.523000,420.7390502257669,1004
2024-09-19 11:30:51.527000,420.7653905063083,1001
2024-09-19 11:30:51.537000,420.752447704425,999
2024-09-19 11:30:51.661000,420.7362851456349,15
2024-09-19 11:30:51.675000,420.7343856288971,999
2024-09-19 11:30:51.691000,420.73929267400297,1005
2024-09-19 11:30:51.811000,420.72404893259335,104
2024-09-19 11:30:51.901000,420.7978704605462,1000
2024-09-19 11:30:51.910000,420.7289843451236,9
2024-09-19 11:30:51.952000,420.7356072597333,98
2024-09-19 11:30:51.989000,420.8286005860636,6
2024-09-19 11:30:52.295000,420.8411964812414,1000
2024-09-19 11:30:52.464000,420.8399853499267,96
2024-09-19 11:30:52.615000,420.84382439644617,1005
2024-09-19 11:30:52.705000,420.8269189366228,1003
2024-09-19 11:30:52.805000,420.85682251349215,98
2024-09-19 11:30:52.814000,420.85775032458935,14
2024-09-19 11:30:52.823000,420.8481699059328,997
2024-09-19 11:30:52.853000,420.83529879997326,101
2024-09-19 11:30:52.864000,420.8233794761683,95
2024-09-19 11:30:53.058000,420.8190717001477,999
2024-09-19 11:30:53.082000,420.807240713606,5
2024-09-19 11:30:53.257000,420.8121909541851,6
2024-09-19 11:30:53.277000,420.80314046407375,999
2024-09-19 11:30:53.278000,420.79459966370734,8
2024-09-19 11:30:53.303000,420.7956277088219,995
2024-09-19 11:30:53.476000,420.8139213875758,995
2024-09-19 11:30:53.503000,420.8714585624116,103
2024-09-19 11:30:53.511000,420.8507582802197,996
2024-09-19 11:30:53.552000,420.8076397350765,13
2024-09-19 11:30:53.590000,420.8076477410736,102
2024-09-19 11:30:53.614000,420.85727465767104,12
2024-09-19 11:30:53.626000,420.8014412167866,96
2024-09-19 11:30:53.640000,420.82866273994654,98
2024-09-19 11:30:53.641000,420.7932307098712,1005
2024-09-19 11:30:53.676000,420.80931588173297,99
2024-09-19 11:30:53.716000,420.79983666633393,9
2024-09-19 11:30:53.721000,420.8175509608228,998
2024-09-19 11:30:53.741000,420.8518149745818,995
2024-09-19 11:30:53.806000,420.8093543633987,15
2024-09-19 11:30:53.873000,420.863549726191,98
2024-09-19 11:30:53.896000,420.80293814252894,1003
2024-09-19 11:30:53.901000,420.8300545989661,11
2024-09-19 11:30:53.913000,420.84267060938873,100
2024-09-19 11:30:53.966000,420.8018980584628,11
2024-09-19 11:30:54.001000,420.829480148924,997
2024-09-19 11:30:54.087000,420.858904924966,1002
2024-09-19 11:30:54.229000,420.8570101901767,97
2024-09-19 11:30:54.254000,420.8458563112537,8
2024-09-19 11:30:54.297000,420.8293983752913,1005
2024-09-19 11:30:54.325000,420.8348692814421,101
2024-09-19 11:30:54.356000,420.8376615822452,101
2024-09-19 11:30:54.381000,420.8317071796381,1003
2024-09-19 11:30:54.468000,420.8556380621925,14
2024-09-19 11:30:54.484000,420.8551927926543,1001
2024-09-19 11:30:54.516000,420.8378647109296,1003
2024-09-19 11:30:54.648000,420.83573937601153,97
2024-09-19 11:30:54.844000,420.8431859858942,99
2024-09-19 11:30:55.493000,420.8188330031173,1003
2024-09-19 11:30:55.805000,420.80270175925307,6
2024-09-19 11:30:56.275000,420.8080412719009,11
2024-09-19 11:30:56.474000,420.8464121160648,13
2024-09-19 11:30:56.695000,420.8261919443433,103
2024-09-19 11:30:56.695000,420.84967806341393,95
2024-09-19 11:30:56.782000,420.8716199458999,5
2024-09-19 11:30:56.998000,420.8453741149316,102
2024-09-19 11:30:57.043000,420.876346438777,97
2024-09-19 11:30:57.211000,420.88026226966144,998
2024-09-19 11:30:57.296000,420.8755713048064,11
2024-09-19 11:30:57.455000,420.8758247898336,1004
2024-09-19 11:30:57.865000,420.8999840963006,996
2024-09-19 11:30:57.896000,420.8787317717686,1001
2024-09-19 11:30:57.998000,420.8871232980388,1001
2024-09-19 11:30:58.020000,420.9922029952575,996
2024-09-19 11:30:58.313000,420.9166626057066,98
2024-09-19 11:30:58.421000,420.9824140362148,1003
2024-09-19 11:30:58.609000,420.889570640219,1003
2024-09-19 11:30:58.626000,420.9472519805569,1005
2024-09-19 11:30:58.635000,420.9135001411307,1005
2024-09-19 11:30:58.677000,420.9169826513405,14
2024-09-19 11:30:58.819000,420.9589931733923,10
2024-09-19 11:30:58.826000,420.9843521502939,995
2024-09-19 11:30:58.872000,420.9092809876186,10
2024-09-19 11:30:58.927000,420.9079193226494,998
2024-09-19 11:30:58.932000,420.9256195241736,1001
2024-09-19 11:30:59.053000,420.946085864681,14
2024-09-19 11:30:59.120000,420.965129753303,12
2024-09-19 11:30:59.131000,420.9924893596691,95
2024-09-19 11:30:59.267000,420.9872169412224,100
2024-09-19 11:30:59.345000,421.0039730872872,104
2024-09-19 11:30:59.349000,420.9528757134743,12
2024-09-19 11:30:59.374000,420.9907794368506,100
2024-09-19 11:30:59.390000,420.9907880298409,96
2024-09-19 11:30:59.402000,421.0128022916693,104
2024-09-19 11:30:59.406000,420.961815133627,1003
2024-09-19 11:30:59.432000,420.9649741544308,104
2024-09-19 11:30:59.491000,420.9802193846358,15
2024-09-19 11:30:59.516000,420.9654062553553,98
2024-09-19 11:30:59.616000,420.9729933988265,1001
2024-09-19 11:30:59.663000,420.96489977946834,10
2024-09-19 11:30:59.715000,420.9797092696196,96
2024-09-19 11:30:59.804000,421.0054738356085,1000
2024-09-19 11:30:59.885000,420.93858126082,8
