Timestamp,Price,Size
2024-09-18 14:00:00.192000,413.8121677871327,5
2024-09-18 14:00:00.456000,413.8039383472168,1000
2024-09-18 14:00:00.858000,413.81584833599766,103
2024-09-18 14:00:00.968000,413.8053112846391,13
2024-09-18 14:00:01.005000,413.818249190109,1004
2024-09-18 14:00:01.206000,413.86189796112825,999
2024-09-18 14:00:01.389000,413.83832269885903,96
2024-09-18 14:00:01.392000,413.833604368553,13
2024-09-18 14:00:01.428000,413.8210621981087,105
2024-09-18 14:00:01.514000,413.8520108768215,9
2024-09-18 14:00:01.571000,413.8342831666391,995
2024-09-18 14:00:01.664000,413.84641372943537,98
2024-09-18 14:00:01.780000,413.8479997777697,103
2024-09-18 14:00:01.906000,413.8475971780013,14
2024-09-18 14:00:01.914000,413.8557718170511,102
2024-09-18 14:00:01.971000,413.8566873753769,102
2024-09-18 14:00:01.986000,413.83851810877616,96
2024-09-18 14:00:02.175000,413.8320764847742,102
2024-09-18 14:00:02.190000,413.8694303236269,15
2024-09-18 14:00:02.225000,413.842942697085,995
2024-09-18 14:00:02.261000,413.8207639004417,9
2024-09-18 14:00:02.304000,413.8384890044928,10
2024-09-18 14:00:02.486000,413.85203256745257,5
2024-09-18 14:00:02.539000,413.85745699925343,12
2024-09-18 14:00:02.637000,413.84453312302287,101
2024-09-18 14:00:02.728000,413.8726725159504,11
2024-09-18 14:00:02.742000,413.85559253672005,1001
2024-09-18 14:00:02.756000,413.8569842982754,6
2024-09-18 14:00:02.766000,413.8658397085545,998
2024-09-18 14:00:02.818000,413.8788368720035,996
2024-09-18 14:00:03.136000,413.90414339198327,996
2024-09-18 14:00:03.167000,413.9602144256049,1003
2024-09-18 14:00:03.209000,413.9704018064412,1001
2024-09-18 14:00:03.229000,413.953471113461,10
2024-09-18 14:00:03.270000,413.9009078974507,101
2024-09-18 14:00:03.487000,413.94860064339264,1003
2024-09-18 14:00:03.488000,413.9688134933596,1002
2024-09-18 14:00:03.512000,413.9744823129544,995
2024-09-18 14:00:03.558000,413.9082213420234,102
2024-09-18 14:00:03.558000,413.94668443805256,1005
2024-09-18 14:00:03.592000,413.9526103987562,99
2024-09-18 14:00:03.605000,413.9486776123074,15
2024-09-18 14:00:03.608000,413.9379229542892,8
2024-09-18 14:00:03.720000,413.8759744948409,1002
2024-09-18 14:00:03.738000,413.9238136920656,1004
2024-09-18 14:00:03.849000,413.957175406812,13
2024-09-18 14:00:03.972000,413.9224818151306,10
2024-09-18 14:00:03.983000,413.95560194529503,8
2024-09-18 14:00:04.011000,413.9698502925776,15
2024-09-18 14:00:04.033000,413.96539565075705,8
2024-09-18 14:00:04.107000,414.0020668807697,997
2024-09-18 14:00:04.336000,414.01288060219184,1005
2024-09-18 14:00:04.481000,413.9592047873323,103
2024-09-18 14:00:04.527000,414.0247899605377,98
2024-09-18 14:00:04.612000,414.0296788236206,101
2024-09-18 14:00:04.664000,414.0210573293968,999
2024-09-18 14:00:04.683000,413.9832227544683,100
2024-09-18 14:00:04.762000,414.0086957980853,1003
2024-09-18 14:00:04.787000,413.9903384053799,96
2024-09-18 14:00:04.835000,413.98383684966336,8
2024-09-18 14:00:04.875000,414.00589059733295,998
2024-09-18 14:00:05.019000,414.0275566377261,101
2024-09-18 14:00:05.027000,414.0463340379192,999
2024-09-18 14:00:05.050000,414.0578677873763,10
2024-09-18 14:00:05.298000,414.0395304843694,96
2024-09-18 14:00:05.341000,414.04843025423895,1000
2024-09-18 14:00:05.380000,414.02730685292966,98
2024-09-18 14:00:05.433000,414.0259287521381,8
2024-09-18 14:00:05.596000,414.044476301336,1005
2024-09-18 14:00:05.612000,414.0624726952482,5
2024-09-18 14:00:05.652000,414.0595490453508,996
2024-09-18 14:00:05.822000,414.0587219032169,6
2024-09-18 14:00:06.083000,413.9925844697684,104
2024-09-18 14:00:06.123000,414.0394714136552,997
2024-09-18 14:00:06.218000,413.9822632311127,9
2024-09-18 14:00:06.225000,414.0207538304264,103
2024-09-18 14:00:06.292000,414.0182848416581,1005
2024-09-18 14:00:06.309000,413.9826026656618,1002
2024-09-18 14:00:06.343000,413.99850163145993,1005
2024-09-18 14:00:06.394000,414.0242849493076,8
2024-09-18 14:00:06.443000,414.0234339603652,15
2024-09-18 14:00:06.707000,414.00610209748334,105
2024-09-18 14:00:06.756000,414.01870217090845,997
2024-09-18 14:00:06.782000,414.0255167955542,995
2024-09-18 14:00:06.821000,414.023917968679,12
2024-09-18 14:00:06.888000,414.04426442916537,999
2024-09-18 14:00:06.996000,414.03035109608624,996
2024-09-18 14:00:07.016000,413.9978856236889,10
2024-09-18 14:00:07.036000,413.99821468165527,996
2024-09-18 14:00:07.046000,414.00295134559593,7
2024-09-18 14:00:07.164000,413.99798506918734,1000
2024-09-18 14:00:07.233000,413.9717169330537,15
2024-09-18 14:00:07.237000,413.9538259013143,8
2024-09-18 14:00:07.260000,413.9685387484261,102
2024-09-18 14:00:07.290000,413.9832322992264,996
2024-09-18 14:00:07.340000,414.01250679026856,101
2024-09-18 14:00:07.442000,413.9925744021375,102
2024-09-18 14:00:07.557000,414.0155351092778,99
2024-09-18 14:00:07.729000,413.9502989642484,105
2024-09-18 14:00:07.982000,413.9700990976472,998
2024-09-18 14:00:08.060000,413.91141740795786,1005
2024-09-18 14:00:08.172000,413.9709811640375,98
2024-09-18 14:00:08.210000,413.9275524224408,13
2024-09-18 14:00:08.228000,413.94075823752536,14
2024-09-18 14:00:08.261000,413.9847219467271,11
2024-09-18 14:00:08.332000,413.93083332166384,996
2024-09-18 14:00:08.873000,413.9304426559919,105
2024-09-18 14:00:08.913000,413.9562808183976,103
2024-09-18 14:00:08.970000,413.93057898677097,6
2024-09-18 14:00:09.008000,414.0396122553899,996
2024-09-18 14:00:09.020000,413.9664940299958,1004
2024-09-18 14:00:09.054000,414.0208226729211,98
2024-09-18 14:00:09.431000,414.000288581192,995
2024-09-18 14:00:09.466000,414.0002030834608,98
2024-09-18 14:00:09.676000,414.0075471466411,13
2024-09-18 14:00:09.934000,414.03082659860826,100
2024-09-18 14:00:10.008000,414.0290301771189,10
2024-09-18 14:00:10.011000,414.02392014858304,99
2024-09-18 14:00:10.025000,414.0317873334406,1001
2024-09-18 14:00:10.053000,414.0565026040141,104
2024-09-18 14:00:10.084000,414.02006822008286,100
2024-09-18 14:00:10.173000,414.0248741138408,14
2024-09-18 14:00:10.213000,414.0282449356294,5
2024-09-18 14:00:10.315000,414.0336402626916,7
2024-09-18 14:00:10.322000,414.0615198192918,999
2024-09-18 14:00:10.413000,414.0177677867557,997
2024-09-18 14:00:10.448000,414.07059639831226,996
2024-09-18 14:00:10.463000,414.0007845053615,104
2024-09-18 14:00:10.463000,414.05457146107216,101
2024-09-18 14:00:10.557000,414.0565190332049,100
2024-09-18 14:00:10.631000,414.0265114857924,105
2024-09-18 14:00:10.716000,414.0564745493284,1005
2024-09-18 14:00:10.738000,414.0246157380229,6
2024-09-18 14:00:10.798000,414.01947149952025,1000
2024-09-18 14:00:10.807000,414.0320614712283,1003
2024-09-18 14:00:10.812000,414.0376369668703,103
2024-09-18 14:00:10.821000,414.01805492918095,100
2024-09-18 14:00:10.931000,414.0292829129877,998
2024-09-18 14:00:10.932000,414.0164806109647,104
2024-09-18 14:00:10.982000,414.03505666669537,1005
2024-09-18 14:00:10.996000,414.032301765493,1003
2024-09-18 14:00:10.996000,414.03550848732897,995
2024-09-18 14:00:11.019000,414.0892963344756,9
2024-09-18 14:00:11.053000,414.0804164542224,11
2024-09-18 14:00:11.061000,414.0428184622583,1004
2024-09-18 14:00:11.067000,414.0350556856267,1001
2024-09-18 14:00:11.133000,414.04880587436895,12
2024-09-18 14:00:11.151000,414.05716720280975,1004
2024-09-18 14:00:11.241000,414.0823094813181,11
2024-09-18 14:00:11.354000,414.08297076356666,996
2024-09-18 14:00:11.428000,414.0338757439309,105
2024-09-18 14:00:11.493000,414.1049363031159,999
2024-09-18 14:00:11.500000,414.0561876838968,13
2024-09-18 14:00:11.541000,414.0122369562899,1004
2024-09-18 14:00:11.633000,414.0845454875658,1005
2024-09-18 14:00:11.759000,414.04408445386,10
2024-09-18 14:00:11.761000,414.0679797351151,14
2024-09-18 14:00:11.777000,414.04810600229376,95
2024-09-18 14:00:11.811000,414.0599773520608,102
2024-09-18 14:00:11.875000,414.05472767063736,103
2024-09-18 14:00:11.882000,414.0763412384999,1005
2024-09-18 14:00:11.926000,414.03823993859805,99
2024-09-18 14:00:11.995000,414.0133324365592,105
2024-09-18 14:00:11.999000,414.0505155981353,102
2024-09-18 14:00:12.004000,414.07612444408176,13
2024-09-18 14:00:12.027000,414.06930069719954,5
2024-09-18 14:00:12.081000,414.0234910808866,995
2024-09-18 14:00:12.098000,414.053799889699,99
2024-09-18 14:00:12.100000,414.0291429507863,14
2024-09-18 14:00:12.109000,414.0296849780639,1002
2024-09-18 14:00:12.128000,414.0558358724236,996
2024-09-18 14:00:12.170000,414.0250354544154,998
2024-09-18 14:00:12.204000,414.05865562728366,10
2024-09-18 14:00:12.204000,414.0310528484155,999
2024-09-18 14:00:12.246000,414.0443931967576,100
2024-09-18 14:00:12.294000,414.0662321300175,11
2024-09-18 14:00:12.340000,414.063046808586,102
2024-09-18 14:00:12.454000,414.0230948913805,96
2024-09-18 14:00:12.456000,414.0318084829431,104
2024-09-18 14:00:12.475000,414.0519284217119,1005
2024-09-18 14:00:12.476000,414.0430539082552,98
2024-09-18 14:00:12.545000,414.0609247125424,5
2024-09-18 14:00:12.592000,414.0567673931117,102
2024-09-18 14:00:12.596000,414.0345312549496,15
2024-09-18 14:00:12.620000,414.02988505812647,100
2024-09-18 14:00:12.652000,414.0310866037608,9
2024-09-18 14:00:12.666000,414.0670770928804,12
2024-09-18 14:00:12.674000,414.0625566827371,95
2024-09-18 14:00:12.710000,414.0573776064976,100
2024-09-18 14:00:12.878000,414.03049346566166,7
2024-09-18 14:00:12.889000,414.06422872721294,998
2024-09-18 14:00:12.956000,414.0518627321297,1001
2024-09-18 14:00:12.983000,414.069690279092,105
2024-09-18 14:00:13.002000,413.9904568140324,12
2024-09-18 14:00:13.059000,414.045243811905,999
2024-09-18 14:00:13.110000,414.0392975629339,102
2024-09-18 14:00:13.239000,414.01879371951287,100
2024-09-18 14:00:13.242000,414.0218412194817,996
2024-09-18 14:00:13.257000,414.0302281200144,102
2024-09-18 14:00:13.282000,414.0411735740236,1001
2024-09-18 14:00:13.316000,414.0334064894597,104
2024-09-18 14:00:13.333000,414.01869909686303,13
2024-09-18 14:00:13.394000,414.01719336011126,12
2024-09-18 14:00:13.394000,413.9865727221867,6
2024-09-18 14:00:13.480000,414.06627255908126,102
2024-09-18 14:00:13.553000,413.9739854442852,10
2024-09-18 14:00:13.591000,414.0133725224368,97
2024-09-18 14:00:13.610000,414.0388040895621,5
2024-09-18 14:00:13.648000,414.0445917076127,1005
2024-09-18 14:00:13.661000,413.9813822226444,1003
2024-09-18 14:00:13.709000,414.0041257167796,996
2024-09-18 14:00:13.760000,414.0643657045374,999
2024-09-18 14:00:13.768000,413.9883497863116,10
2024-09-18 14:00:13.784000,414.0320647700576,14
2024-09-18 14:00:13.878000,414.03995538793913,9
2024-09-18 14:00:13.915000,414.0411424726428,12
2024-09-18 14:00:13.982000,414.0255088186975,1001
2024-09-18 14:00:14.039000,413.9800738082077,5
2024-09-18 14:00:14.066000,413.9838999793843,15
2024-09-18 14:00:14.118000,414.0408715474147,100
2024-09-18 14:00:14.136000,413.99354668515895,995
2024-09-18 14:00:14.307000,413.9810061897287,1003
2024-09-18 14:00:14.355000,413.9856090017557,8
2024-09-18 14:00:14.372000,413.9644312516809,15
2024-09-18 14:00:14.405000,414.0014245631146,105
2024-09-18 14:00:14.423000,414.0248327334823,995
2024-09-18 14:00:14.425000,413.9892231474413,11
2024-09-18 14:00:14.483000,413.9597314152563,997
2024-09-18 14:00:14.520000,413.9922572739613,97
2024-09-18 14:00:14.527000,414.0329654293912,995
2024-09-18 14:00:14.543000,413.9792251214602,101
2024-09-18 14:00:14.573000,414.0041544306071,102
2024-09-18 14:00:14.574000,414.0160667530246,1004
2024-09-18 14:00:14.622000,414.0416708544927,11
2024-09-18 14:00:14.626000,414.0276901014741,98
2024-09-18 14:00:14.784000,414.01429006805887,1001
2024-09-18 14:00:14.785000,413.966352111936,101
2024-09-18 14:00:14.799000,413.9911663258249,14
2024-09-18 14:00:14.804000,413.9945433231356,997
2024-09-18 14:00:14.858000,413.9871044498822,15
2024-09-18 14:00:14.913000,413.9951730940281,101
2024-09-18 14:00:14.930000,413.9709539902385,105
2024-09-18 14:00:14.938000,414.02938831230273,10
2024-09-18 14:00:14.974000,414.0026699276311,6
2024-09-18 14:00:15.047000,413.93884104047214,996
2024-09-18 14:00:15.324000,413.94963352084886,1002
2024-09-18 14:00:15.339000,413.9624586900884,1003
2024-09-18 14:00:16.017000,413.9409703392373,998
2024-09-18 14:00:16.125000,413.9348208095775,95
2024-09-18 14:00:16.160000,413.9435714133359,1003
2024-09-18 14:00:16.198000,414.00246196722935,96
2024-09-18 14:00:16.212000,413.95515552015286,6
2024-09-18 14:00:16.252000,413.9401495526026,998
2024-09-18 14:00:16.305000,413.9810815214333,5
2024-09-18 14:00:16.370000,413.9468900665189,15
2024-09-18 14:00:16.402000,413.9510598302445,104
2024-09-18 14:00:16.407000,413.93195766532153,8
2024-09-18 14:00:16.440000,413.9377269768062,998
2024-09-18 14:00:16.526000,413.9835660621471,1001
2024-09-18 14:00:16.599000,413.9321175527272,12
2024-09-18 14:00:16.644000,414.0024102917146,995
2024-09-18 14:00:16.710000,413.9441927701617,1003
2024-09-18 14:00:16.720000,413.95875200049073,1003
2024-09-18 14:00:17.010000,413.9848307280697,96
2024-09-18 14:00:17.137000,413.9730308592241,100
2024-09-18 14:00:17.142000,413.9602103763582,104
2024-09-18 14:00:17.179000,414.0048504079437,7
2024-09-18 14:00:17.228000,414.0078399199319,1001
2024-09-18 14:00:17.230000,413.9678076428647,103
2024-09-18 14:00:17.251000,413.9621750827142,995
2024-09-18 14:00:17.254000,414.00638553380935,1004
2024-09-18 14:00:17.362000,413.9780804422096,100
2024-09-18 14:00:17.383000,413.9927056869734,96
2024-09-18 14:00:17.390000,413.9960077554359,101
2024-09-18 14:00:17.524000,413.97834161232174,1004
2024-09-18 14:00:17.555000,413.9675451834981,11
2024-09-18 14:00:17.573000,414.0096701331415,104
2024-09-18 14:00:17.577000,413.9699665166224,1003
2024-09-18 14:00:17.624000,413.9838186847966,15
2024-09-18 14:00:17.703000,413.997286137236,96
2024-09-18 14:00:17.710000,413.98111758031575,105
2024-09-18 14:00:17.712000,413.9789769805373,15
2024-09-18 14:00:17.734000,413.9911713633436,995
2024-09-18 14:00:17.761000,414.0015726034664,99
2024-09-18 14:00:17.799000,413.95796546489765,1003
2024-09-18 14:00:17.832000,413.97311644811714,15
2024-09-18 14:00:17.883000,413.98264033173706,996
2024-09-18 14:00:17.906000,413.97455877402064,999
2024-09-18 14:00:17.938000,413.9808523352722,96
2024-09-18 14:00:17.992000,413.9863982498935,105
2024-09-18 14:00:18.012000,413.940814545526,995
2024-09-18 14:00:18.033000,413.960133166336,1001
2024-09-18 14:00:18.038000,413.968207954178,7
2024-09-18 14:00:18.049000,413.9367188537744,9
2024-09-18 14:00:18.056000,413.917591427478,1004
2024-09-18 14:00:18.086000,413.9200513191888,1001
2024-09-18 14:00:18.112000,413.9115745832525,104
2024-09-18 14:00:18.147000,413.9418192514575,995
2024-09-18 14:00:18.175000,413.9382106774653,1001
2024-09-18 14:00:18.189000,413.9011309163066,103
2024-09-18 14:00:18.277000,413.9173090700354,11
2024-09-18 14:00:18.303000,413.9518458381893,996
2024-09-18 14:00:18.309000,413.91928315981386,14
2024-09-18 14:00:18.314000,413.9341573135632,1002
2024-09-18 14:00:18.591000,413.9558560641427,97
2024-09-18 14:00:18.642000,413.9051869778128,9
2024-09-18 14:00:18.646000,413.9097903301986,99
2024-09-18 14:00:18.647000,413.9156898608426,1004
2024-09-18 14:00:18.682000,413.93860541071615,1003
2024-09-18 14:00:18.771000,413.9829224163275,997
2024-09-18 14:00:18.813000,413.9592859775292,99
2024-09-18 14:00:18.866000,413.9316658807731,99
2024-09-18 14:00:18.903000,413.9299402606677,95
2024-09-18 14:00:18.951000,413.9521975798953,5
2024-09-18 14:00:19.045000,413.9755393320918,997
2024-09-18 14:00:19.120000,413.9870095175859,996
2024-09-18 14:00:19.271000,413.9679167425792,10
2024-09-18 14:00:19.401000,413.9470184233292,5
2024-09-18 14:00:19.516000,413.9939047923798,997
2024-09-18 14:00:19.616000,413.9942043685555,1001
2024-09-18 14:00:19.666000,413.9871220528867,104
2024-09-18 14:00:20.208000,414.0131815119729,105
2024-09-18 14:00:20.252000,414.01486387635214,98
2024-09-18 14:00:20.906000,414.0055004573625,11
2024-09-18 14:00:21.168000,414.04531913479934,11
2024-09-18 14:00:21.290000,414.009554110169,97
2024-09-18 14:00:21.305000,414.0266244910525,99
2024-09-18 14:00:21.390000,414.0142278330352,1003
2024-09-18 14:00:21.419000,414.04224452686486,105
2024-09-18 14:00:21.523000,414.03102746133055,995
2024-09-18 14:00:21.548000,414.0306308746478,13
2024-09-18 14:00:21.630000,414.0406270843775,997
2024-09-18 14:00:21.908000,414.02373441455137,11
2024-09-18 14:00:21.921000,414.03056336678605,15
2024-09-18 14:00:22.117000,414.0670883464319,1003
2024-09-18 14:00:22.143000,414.074200932973,14
2024-09-18 14:00:22.581000,414.0546895396392,6
2024-09-18 14:00:22.846000,414.052520689941,100
2024-09-18 14:00:23.004000,413.971978150288,99
2024-09-18 14:00:23.020000,414.0419454585149,14
2024-09-18 14:00:23.191000,414.0235341517599,7
2024-09-18 14:00:23.230000,413.978338474368,12
2024-09-18 14:00:23.266000,414.0218238744048,7
2024-09-18 14:00:23.329000,413.9746782113147,102
2024-09-18 14:00:23.343000,414.063909242799,1003
2024-09-18 14:00:23.360000,413.9758843875492,9
2024-09-18 14:00:23.362000,414.0106053350585,1005
2024-09-18 14:00:23.395000,414.0084286667462,102
2024-09-18 14:00:23.395000,414.04699436514665,998
2024-09-18 14:00:23.467000,414.0081736944852,99
2024-09-18 14:00:23.547000,413.9978760022259,996
2024-09-18 14:00:23.564000,413.9961846772174,103
2024-09-18 14:00:23.574000,414.0180098153089,13
2024-09-18 14:00:23.576000,413.9766927712381,99
2024-09-18 14:00:23.576000,414.0467880451407,11
2024-09-18 14:00:23.579000,413.9809394208074,103
2024-09-18 14:00:23.603000,414.0563028112986,12
2024-09-18 14:00:23.632000,413.9973608729263,7
2024-09-18 14:00:23.740000,414.0123013921971,998
2024-09-18 14:00:23.797000,414.05986481566737,99
2024-09-18 14:00:23.799000,414.0497903556985,98
2024-09-18 14:00:23.806000,413.9955167058619,96
2024-09-18 14:00:23.837000,413.9950102059994,98
2024-09-18 14:00:23.877000,413.9946396390989,1000
2024-09-18 14:00:23.915000,414.0043762661971,9
2024-09-18 14:00:23.946000,413.9674157147844,9
2024-09-18 14:00:24.015000,414.0090243106354,5
2024-09-18 14:00:24.153000,414.0258280360832,15
2024-09-18 14:00:24.526000,414.0234368640715,999
2024-09-18 14:00:24.586000,414.01177064563433,995
2024-09-18 14:00:24.608000,414.0321917723885,999
2024-09-18 14:00:24.677000,414.0265459575761,996
2024-09-18 14:00:24.810000,414.0224391310721,7
2024-09-18 14:00:24.984000,414.0396805028119,7
2024-09-18 14:00:25.165000,414.0104425367687,1005
2024-09-18 14:00:25.237000,414.0056629783698,996
2024-09-18 14:00:25.269000,414.0044525903269,103
2024-09-18 14:00:25.369000,414.0133275663727,105
2024-09-18 14:00:25.413000,413.9874897379899,999
2024-09-18 14:00:26.117000,413.9900329870456,100
2024-09-18 14:00:26.140000,413.9804772384376,1003
2024-09-18 14:00:26.214000,413.9635408991299,95
2024-09-18 14:00:26.233000,414.0088472606273,9
2024-09-18 14:00:26.292000,413.98980212684114,101
2024-09-18 14:00:26.312000,413.9786200523537,1003
2024-09-18 14:00:26.359000,413.99079550967855,15
2024-09-18 14:00:26.365000,413.978645143889,1003
2024-09-18 14:00:26.393000,413.9869159940843,95
2024-09-18 14:00:26.466000,414.01506800828,1004
2024-09-18 14:00:26.481000,413.9467050376888,1000
2024-09-18 14:00:26.501000,413.96304437155385,95
2024-09-18 14:00:26.532000,413.9812509669077,1001
2024-09-18 14:00:26.613000,413.9538563117725,96
2024-09-18 14:00:26.620000,413.99572300841584,13
2024-09-18 14:00:26.668000,413.9757495205207,997
2024-09-18 14:00:26.673000,413.9813335266012,1000
2024-09-18 14:00:26.698000,413.9329294672159,96
2024-09-18 14:00:26.721000,414.01088510641046,101
2024-09-18 14:00:26.743000,414.01310691474777,12
2024-09-18 14:00:26.776000,413.9858215447363,13
2024-09-18 14:00:26.816000,413.96123450531815,995
2024-09-18 14:00:26.844000,413.99867585940575,102
2024-09-18 14:00:26.862000,413.9854299325511,7
2024-09-18 14:00:26.880000,413.9510418583701,1003
2024-09-18 14:00:26.953000,413.9931041109604,1005
2024-09-18 14:00:26.961000,413.9698179673693,9
2024-09-18 14:00:26.976000,413.988348370052,101
2024-09-18 14:00:27.191000,414.003172808684,15
2024-09-18 14:00:27.350000,414.0134482048849,5
2024-09-18 14:00:27.944000,414.0112894938996,98
2024-09-18 14:00:28.037000,414.03743400204434,1003
2024-09-18 14:00:28.120000,414.00514678215023,12
2024-09-18 14:00:28.134000,414.0188926948248,995
2024-09-18 14:00:28.158000,413.980009934424,97
2024-09-18 14:00:28.344000,413.9667641942608,8
2024-09-18 14:00:28.369000,413.9880723828694,103
2024-09-18 14:00:28.389000,413.977213014626,11
2024-09-18 14:00:28.411000,414.0361414601741,10
2024-09-18 14:00:28.420000,414.050801649486,1003
2024-09-18 14:00:28.443000,413.96498369744,8
2024-09-18 14:00:28.451000,413.9874512103699,7
2024-09-18 14:00:28.532000,413.990198824474,10
2024-09-18 14:00:28.549000,414.05233277886657,9
2024-09-18 14:00:28.566000,413.9777538668126,1003
2024-09-18 14:00:28.640000,413.9515477535337,1001
2024-09-18 14:00:28.811000,413.9731460434756,998
2024-09-18 14:00:29.008000,413.9714797170783,101
2024-09-18 14:00:29.155000,414.0006982703236,996
2024-09-18 14:00:29.223000,413.9858740148719,105
2024-09-18 14:00:29.236000,414.02398512100274,1001
2024-09-18 14:00:29.244000,414.0039233012998,7
2024-09-18 14:00:29.273000,413.99353366485,105
2024-09-18 14:00:29.367000,414.005068403969,1001
2024-09-18 14:00:29.402000,414.0005674316726,1001
2024-09-18 14:00:29.434000,414.03573870044255,995
2024-09-18 14:00:29.450000,413.9970323552808,9
2024-09-18 14:00:29.471000,414.0020009291199,15
2024-09-18 14:00:29.482000,414.0138141075397,12
2024-09-18 14:00:29.493000,413.98693521001866,9
2024-09-18 14:00:29.577000,413.992751621306,1003
2024-09-18 14:00:29.616000,414.0171360180999,11
2024-09-18 14:00:29.689000,413.9869373852371,14
2024-09-18 14:00:29.821000,413.9880835720082,5
2024-09-18 14:00:29.949000,413.9826117194354,7
2024-09-18 14:00:29.997000,414.0103455240792,9
2024-09-18 14:00:30.021000,414.1111968991251,13
2024-09-18 14:00:30.021000,414.0116269843402,999
2024-09-18 14:00:30.042000,414.1089056890701,997
2024-09-18 14:00:30.055000,414.0285185875278,997
2024-09-18 14:00:30.071000,414.11514272149714,1005
2024-09-18 14:00:30.094000,414.0461884237036,97
2024-09-18 14:00:30.151000,414.0992452488431,1003
2024-09-18 14:00:30.287000,414.0297999821263,996
2024-09-18 14:00:30.368000,414.1156725696037,95
2024-09-18 14:00:30.440000,414.0448440403519,9
2024-09-18 14:00:30.501000,414.06039190357865,103
2024-09-18 14:00:30.506000,414.1356521100142,100
2024-09-18 14:00:30.526000,414.1163832547178,101
2024-09-18 14:00:30.542000,414.0769719058705,1004
2024-09-18 14:00:30.635000,414.0485717770768,11
2024-09-18 14:00:30.640000,414.01453705180217,99
2024-09-18 14:00:30.661000,414.12069216830696,8
2024-09-18 14:00:30.685000,414.0705223681536,996
2024-09-18 14:00:30.754000,414.04095712497553,103
2024-09-18 14:00:30.804000,414.0153598478935,105
2024-09-18 14:00:30.857000,414.0418145311346,997
2024-09-18 14:00:30.910000,414.0820804038837,95
2024-09-18 14:00:30.912000,414.1171087282433,8
2024-09-18 14:00:30.951000,414.11824688660266,1005
2024-09-18 14:00:30.956000,414.0570797616866,8
2024-09-18 14:00:30.963000,414.0244022331414,13
2024-09-18 14:00:31.135000,414.10506366397686,7
2024-09-18 14:00:31.214000,414.1473018799919,997
2024-09-18 14:00:31.258000,414.1192866985076,15
2024-09-18 14:00:31.289000,414.1321442801194,6
2024-09-18 14:00:31.357000,414.1755627101769,14
2024-09-18 14:00:31.372000,414.1523605754159,11
2024-09-18 14:00:31.467000,414.1255562933573,995
2024-09-18 14:00:31.515000,414.0961313748039,97
2024-09-18 14:00:31.520000,414.09165395136864,995
2024-09-18 14:00:31.595000,414.1117113703757,1005
2024-09-18 14:00:31.674000,414.11777168963647,10
2024-09-18 14:00:31.786000,414.1188756683813,1004
2024-09-18 14:00:31.820000,414.1575473532927,103
2024-09-18 14:00:31.986000,414.13282695426136,6
2024-09-18 14:00:32.197000,414.1596207070036,95
2024-09-18 14:00:32.264000,414.1707714676757,97
2024-09-18 14:00:32.292000,414.167050613842,105
2024-09-18 14:00:32.378000,414.1396544377242,998
2024-09-18 14:00:32.444000,414.14341502437145,97
2024-09-18 14:00:32.474000,414.13739610914587,101
2024-09-18 14:00:33.014000,414.15690355098826,1001
2024-09-18 14:00:33.040000,414.0952303361333,97
2024-09-18 14:00:33.192000,414.1230669979689,7
2024-09-18 14:00:33.219000,414.12393240895256,15
2024-09-18 14:00:33.395000,414.1453444688202,8
2024-09-18 14:00:33.623000,414.146975404296,100
2024-09-18 14:00:33.816000,414.0969677420421,1001
2024-09-18 14:00:33.832000,414.1598389232445,996
2024-09-18 14:00:34.122000,414.1255859251826,8
2024-09-18 14:00:34.724000,414.1063220992911,102
2024-09-18 14:00:35.036000,414.10205986686105,13
2024-09-18 14:00:35.084000,414.0821551228884,997
2024-09-18 14:00:35.125000,414.07573352018056,1001
2024-09-18 14:00:35.151000,414.1255245696831,1004
2024-09-18 14:00:35.200000,414.089592053868,1003
2024-09-18 14:00:35.438000,414.1288810111973,98
2024-09-18 14:00:35.441000,414.06850064525,1000
2024-09-18 14:00:35.488000,414.114422935344,999
2024-09-18 14:00:35.546000,414.1208552009563,7
2024-09-18 14:00:35.609000,414.082990644154,99
2024-09-18 14:00:35.659000,414.10526156179634,104
2024-09-18 14:00:35.702000,414.10169075880106,100
2024-09-18 14:00:35.704000,414.10478973498783,1001
2024-09-18 14:00:35.729000,414.0986605438197,999
2024-09-18 14:00:35.739000,414.12439944435727,104
2024-09-18 14:00:35.785000,414.11655531427954,1005
2024-09-18 14:00:35.807000,414.12739450798415,997
2024-09-18 14:00:35.809000,414.1235744489614,1003
2024-09-18 14:00:35.819000,414.0788994614736,995
2024-09-18 14:00:35.999000,414.1374746790446,9
2024-09-18 14:00:36.029000,414.0029081386867,1000
2024-09-18 14:00:36.043000,414.0157174541754,996
2024-09-18 14:00:36.054000,414.0293712571419,1005
2024-09-18 14:00:36.057000,414.03350272845,14
2024-09-18 14:00:36.440000,414.06039635347554,1001
2024-09-18 14:00:36.768000,414.0584468234746,1005
2024-09-18 14:00:37.080000,414.0433784313076,97
2024-09-18 14:00:37.107000,414.0317930087015,101
2024-09-18 14:00:37.123000,414.0551056406418,10
2024-09-18 14:00:37.135000,414.1425601124028,102
2024-09-18 14:00:37.147000,414.0370780831025,9
2024-09-18 14:00:37.176000,414.1243862986877,998
2024-09-18 14:00:37.181000,414.0917099641584,11
2024-09-18 14:00:37.210000,414.0520802643402,7
2024-09-18 14:00:37.309000,414.1276881522493,105
2024-09-18 14:00:37.356000,414.06282344879486,7
2024-09-18 14:00:37.443000,414.0524507037538,97
2024-09-18 14:00:37.525000,414.03165220846114,999
2024-09-18 14:00:37.580000,414.1411460331431,100
2024-09-18 14:00:37.621000,414.164323341704,997
2024-09-18 14:00:37.691000,414.042029129327,7
2024-09-18 14:00:37.711000,414.1333011848293,5
2024-09-18 14:00:37.716000,414.1279771297365,103
2024-09-18 14:00:37.767000,414.0518312332229,9
2024-09-18 14:00:37.782000,414.06648947859634,98
2024-09-18 14:00:37.801000,414.05066782694496,10
2024-09-18 14:00:37.821000,414.1238897298729,1004
2024-09-18 14:00:37.826000,414.1466234859173,6
2024-09-18 14:00:37.848000,414.03674586568576,97
2024-09-18 14:00:37.892000,414.0514201765519,7
2024-09-18 14:00:37.974000,414.0683412602655,11
2024-09-18 14:00:37.986000,414.1604738630054,999
2024-09-18 14:00:38.076000,414.1831655388551,7
2024-09-18 14:00:38.176000,414.19226093782646,998
2024-09-18 14:00:38.530000,414.19477352633135,995
2024-09-18 14:00:39.082000,414.2352194289535,96
2024-09-18 14:00:39.173000,414.2037772227554,997
2024-09-18 14:00:39.217000,414.22584428660247,95
2024-09-18 14:00:39.233000,414.2377693326542,1004
2024-09-18 14:00:39.251000,414.2109437890041,9
2024-09-18 14:00:39.404000,414.1973951849748,1000
2024-09-18 14:00:39.429000,414.243252207074,1000
2024-09-18 14:00:39.438000,414.1716865285302,1001
2024-09-18 14:00:39.524000,414.2440863186624,1002
2024-09-18 14:00:39.529000,414.21412081693313,7
2024-09-18 14:00:39.576000,414.1773680888632,6
2024-09-18 14:00:39.615000,414.2250061936281,996
2024-09-18 14:00:39.663000,414.2378995223631,101
2024-09-18 14:00:39.667000,414.172483597443,98
2024-09-18 14:00:39.711000,414.2145769859696,999
2024-09-18 14:00:39.742000,414.1743280187988,15
2024-09-18 14:00:39.795000,414.2294373823725,999
2024-09-18 14:00:39.968000,414.1654692784444,100
2024-09-18 14:00:39.978000,414.1582421424053,996
2024-09-18 14:00:40.045000,414.1666244545439,105
2024-09-18 14:00:40.110000,414.1452868907113,5
2024-09-18 14:00:40.114000,414.1442415619029,15
2024-09-18 14:00:40.162000,414.2054273511403,14
2024-09-18 14:00:40.190000,414.1549972111076,996
2024-09-18 14:00:40.233000,414.1367822455122,95
2024-09-18 14:00:40.254000,414.1458573965541,996
2024-09-18 14:00:40.275000,414.1842737359288,95
2024-09-18 14:00:40.298000,414.1685687583896,1001
2024-09-18 14:00:40.322000,414.1232618063751,998
2024-09-18 14:00:40.330000,414.1282342231583,101
2024-09-18 14:00:40.354000,414.10738258570905,1001
2024-09-18 14:00:40.382000,414.1329083373346,102
2024-09-18 14:00:40.433000,414.1972149893519,996
2024-09-18 14:00:40.463000,414.1886365621661,97
2024-09-18 14:00:40.487000,414.1185492512023,999
2024-09-18 14:00:40.544000,414.15358126171225,101
2024-09-18 14:00:40.584000,414.1517811168448,95
2024-09-18 14:00:40.666000,414.1152173418753,13
2024-09-18 14:00:40.707000,414.1097970473073,1003
2024-09-18 14:00:40.720000,414.1736496803946,997
2024-09-18 14:00:40.728000,414.13248759861847,10
2024-09-18 14:00:40.733000,414.1017347628576,1002
2024-09-18 14:00:40.832000,414.12207497998514,98
2024-09-18 14:00:40.838000,414.1757643439248,1005
2024-09-18 14:00:40.883000,414.1770590721678,11
2024-09-18 14:00:40.883000,414.2034909543617,6
2024-09-18 14:00:40.889000,414.14489332917697,6
2024-09-18 14:00:40.983000,414.1269643000928,1005
2024-09-18 14:00:41.032000,414.1199530937428,105
2024-09-18 14:00:41.049000,414.1627414364116,1005
2024-09-18 14:00:41.077000,414.1916763434728,98
2024-09-18 14:00:41.083000,414.1210537413752,9
2024-09-18 14:00:41.107000,414.1269508216993,1000
2024-09-18 14:00:41.150000,414.11946457254606,100
2024-09-18 14:00:41.166000,414.120974868329,1000
2024-09-18 14:00:41.168000,414.1081509943237,1002
2024-09-18 14:00:41.179000,414.1171037246423,102
2024-09-18 14:00:41.236000,414.2006507715852,995
2024-09-18 14:00:41.246000,414.1767455223971,9
2024-09-18 14:00:41.252000,414.1445243066679,6
2024-09-18 14:00:41.326000,414.1388646869453,999
2024-09-18 14:00:41.333000,414.1725710747468,998
2024-09-18 14:00:41.359000,414.184465673958,103
2024-09-18 14:00:41.407000,414.1073409998736,14
2024-09-18 14:00:41.506000,414.1469234841775,1002
2024-09-18 14:00:41.534000,414.1557083036601,8
2024-09-18 14:00:41.677000,414.14332432275467,13
2024-09-18 14:00:41.678000,414.1819333030669,997
2024-09-18 14:00:41.683000,414.1799967132303,13
2024-09-18 14:00:41.765000,414.1754017482008,10
2024-09-18 14:00:41.791000,414.1274807561511,995
2024-09-18 14:00:41.806000,414.1269083548648,98
2024-09-18 14:00:41.814000,414.15798456518974,10
2024-09-18 14:00:41.895000,414.1614702819993,97
2024-09-18 14:00:41.897000,414.1220851298653,1004
2024-09-18 14:00:41.924000,414.1424846714622,97
2024-09-18 14:00:41.940000,414.2117647659247,105
2024-09-18 14:00:41.945000,414.1184239544934,102
2024-09-18 14:00:42.076000,414.19033856577386,5
2024-09-18 14:00:42.116000,414.1947465389454,10
2024-09-18 14:00:42.126000,414.1615249851428,12
2024-09-18 14:00:42.158000,414.17753852795744,1001
2024-09-18 14:00:42.224000,414.1587984588626,5
2024-09-18 14:00:42.225000,414.1598831594626,5
2024-09-18 14:00:42.277000,414.1919865686612,101
2024-09-18 14:00:42.333000,414.15521502978896,95
2024-09-18 14:00:42.436000,414.2091781393567,1005
2024-09-18 14:00:42.479000,414.1873162503068,5
2024-09-18 14:00:42.535000,414.18594396691697,996
2024-09-18 14:00:42.596000,414.15490416429503,13
2024-09-18 14:00:42.616000,414.1919132583243,996
2024-09-18 14:00:42.623000,414.1789480497169,104
2024-09-18 14:00:42.749000,414.1979648912791,998
2024-09-18 14:00:42.957000,414.1706850369936,101
2024-09-18 14:00:42.969000,414.17730264890514,100
2024-09-18 14:00:43.054000,414.1834456325965,96
2024-09-18 14:00:43.092000,414.1985984107634,15
2024-09-18 14:00:43.105000,414.1519637219352,103
2024-09-18 14:00:43.188000,414.2042503879029,99
2024-09-18 14:00:43.482000,414.1568592177082,996
2024-09-18 14:00:43.488000,414.1422881701591,1002
2024-09-18 14:00:43.802000,414.186779451166,7
2024-09-18 14:00:43.976000,414.19218981426656,1001
2024-09-18 14:00:44.116000,414.2116699784668,5
2024-09-18 14:00:44.230000,414.1681193436504,12
2024-09-18 14:00:44.237000,414.2196037020364,999
2024-09-18 14:00:44.245000,414.2058157887057,9
2024-09-18 14:00:44.253000,414.2237379812636,998
2024-09-18 14:00:44.310000,414.1787099775938,14
2024-09-18 14:00:44.342000,414.16749139077945,100
2024-09-18 14:00:44.420000,414.1807413812468,1004
2024-09-18 14:00:44.420000,414.20635174749134,15
2024-09-18 14:00:44.444000,414.18098663793313,10
2024-09-18 14:00:44.550000,414.2253967625033,104
2024-09-18 14:00:44.617000,414.2072975272129,1004
2024-09-18 14:00:44.705000,414.1900628657762,97
2024-09-18 14:00:44.736000,414.1788020671971,13
2024-09-18 14:00:44.765000,414.1957709554948,105
2024-09-18 14:00:44.768000,414.2032393967639,14
2024-09-18 14:00:44.809000,414.1655095921926,105
2024-09-18 14:00:44.885000,414.1932208622888,7
2024-09-18 14:00:44.899000,414.2039296658534,999
2024-09-18 14:00:44.918000,414.20282008944577,9
2024-09-18 14:00:45.058000,414.23782774335416,96
2024-09-18 14:00:45.077000,414.22262273503856,13
2024-09-18 14:00:45.105000,414.24107305298713,999
2024-09-18 14:00:45.117000,414.2376566117874,97
2024-09-18 14:00:45.133000,414.2833410210427,7
2024-09-18 14:00:45.165000,414.2195336886856,1003
2024-09-18 14:00:45.217000,414.2777531661473,5
2024-09-18 14:00:45.250000,414.2554753761174,1002
2024-09-18 14:00:45.297000,414.26422293198567,1002
2024-09-18 14:00:45.340000,414.2850011335974,996
2024-09-18 14:00:45.380000,414.2485015134298,1004
2024-09-18 14:00:45.412000,414.2104772271841,998
2024-09-18 14:00:45.445000,414.2527077100282,995
2024-09-18 14:00:45.472000,414.2615149031772,1005
2024-09-18 14:00:45.599000,414.2157600483365,105
2024-09-18 14:00:45.617000,414.2022556910466,103
2024-09-18 14:00:45.786000,414.2309207530192,14
2024-09-18 14:00:45.787000,414.2829859958612,104
2024-09-18 14:00:45.787000,414.2224719462714,1003
2024-09-18 14:00:45.834000,414.2767761822212,5
2024-09-18 14:00:45.957000,414.2717213041802,97
2024-09-18 14:00:45.978000,414.237855430864,1004
2024-09-18 14:00:46.016000,414.2549563931256,999
2024-09-18 14:00:46.211000,414.26811559992194,104
2024-09-18 14:00:46.237000,414.27385549920825,999
2024-09-18 14:00:46.313000,414.279010562675,96
2024-09-18 14:00:46.325000,414.24830854648593,996
2024-09-18 14:00:46.325000,414.2174906934201,99
2024-09-18 14:00:46.337000,414.2089892722973,7
2024-09-18 14:00:46.474000,414.2258339917129,9
2024-09-18 14:00:46.477000,414.24153938953225,11
2024-09-18 14:00:46.481000,414.2648731562575,997
2024-09-18 14:00:46.518000,414.22779304324,996
2024-09-18 14:00:46.561000,414.2408755606792,9
2024-09-18 14:00:46.619000,414.2624982821066,102
2024-09-18 14:00:46.651000,414.2466759877982,995
2024-09-18 14:00:46.663000,414.25149108969606,103
2024-09-18 14:00:46.768000,414.2230592458577,96
2024-09-18 14:00:46.889000,414.2655309637037,15
2024-09-18 14:00:46.901000,414.2578789455778,13
2024-09-18 14:00:46.936000,414.2487925960581,5
2024-09-18 14:00:47.142000,414.2537407124973,105
2024-09-18 14:00:47.333000,414.230480811923,1005
2024-09-18 14:00:47.396000,414.2442816681933,996
2024-09-18 14:00:47.849000,414.2363163263112,98
2024-09-18 14:00:48.001000,414.3068720373277,102
2024-09-18 14:00:48.021000,414.3407584261344,100
2024-09-18 14:00:48.037000,414.32040577219567,5
2024-09-18 14:00:48.069000,414.27846738662174,102
2024-09-18 14:00:48.140000,414.24779668848896,12
2024-09-18 14:00:48.253000,414.3025047893201,101
2024-09-18 14:00:48.259000,414.23828829551815,8
2024-09-18 14:00:48.263000,414.24359939267134,1005
2024-09-18 14:00:48.270000,414.2477689833652,7
2024-09-18 14:00:48.327000,414.24637617872366,1000
2024-09-18 14:00:48.376000,414.27410307951226,996
2024-09-18 14:00:48.404000,414.28885780030754,5
2024-09-18 14:00:48.433000,414.2376864596277,6
2024-09-18 14:00:48.450000,414.2824983102884,104
2024-09-18 14:00:48.480000,414.2357434073458,99
2024-09-18 14:00:48.542000,414.2570591780705,98
2024-09-18 14:00:48.578000,414.25438534397625,101
2024-09-18 14:00:48.581000,414.24274919125713,996
2024-09-18 14:00:48.630000,414.23887480816666,104
2024-09-18 14:00:48.699000,414.2508185721507,999
2024-09-18 14:00:48.734000,414.2383137853769,96
2024-09-18 14:00:48.890000,414.3292144143956,1005
2024-09-18 14:00:48.911000,414.2752651344962,995
2024-09-18 14:00:48.923000,414.23915316718177,998
2024-09-18 14:00:48.930000,414.2532891729974,1004
2024-09-18 14:00:49.198000,414.2389909109818,96
2024-09-18 14:00:49.246000,414.23854895853225,1000
2024-09-18 14:00:49.338000,414.2633101009842,999
2024-09-18 14:00:49.353000,414.24173158572586,998
2024-09-18 14:00:49.362000,414.23407715001474,1005
2024-09-18 14:00:49.364000,414.2642353167501,14
2024-09-18 14:00:49.400000,414.23496643642073,1004
2024-09-18 14:00:49.500000,414.2537442575974,13
2024-09-18 14:00:49.823000,414.2442365512992,11
2024-09-18 14:00:49.899000,414.2268843336759,98
2024-09-18 14:00:50.013000,414.3324489083225,10
2024-09-18 14:00:50.018000,414.3175106149861,101
2024-09-18 14:00:50.120000,414.3369705999133,12
2024-09-18 14:00:50.121000,414.2584463010298,7
2024-09-18 14:00:50.182000,414.3274273856823,104
2024-09-18 14:00:50.183000,414.3151374063596,95
2024-09-18 14:00:50.187000,414.2835376270919,98
2024-09-18 14:00:50.243000,414.326743472537,103
2024-09-18 14:00:50.264000,414.33644378613695,1002
2024-09-18 14:00:50.265000,414.3214412888955,15
2024-09-18 14:00:50.336000,414.2935654394501,998
2024-09-18 14:00:50.406000,414.2974838557812,100
2024-09-18 14:00:50.409000,414.2926230416505,8
2024-09-18 14:00:50.485000,414.2945144091384,997
2024-09-18 14:00:50.598000,414.3201424704815,101
2024-09-18 14:00:50.599000,414.3269142946932,96
2024-09-18 14:00:50.680000,414.2955908252762,13
2024-09-18 14:00:50.829000,414.3283039146636,101
2024-09-18 14:00:50.862000,414.32721498087466,14
2024-09-18 14:00:50.864000,414.3481755480289,7
2024-09-18 14:00:50.879000,414.3288124680283,100
2024-09-18 14:00:50.919000,414.2605141749843,105
2024-09-18 14:00:50.925000,414.3321361906383,8
2024-09-18 14:00:51.035000,414.3501049504081,102
2024-09-18 14:00:51.170000,414.4300478078176,1000
2024-09-18 14:00:51.236000,414.4148230144546,995
2024-09-18 14:00:51.352000,414.42028958902,1001
2024-09-18 14:00:51.354000,414.3405395876429,997
2024-09-18 14:00:51.356000,414.42066817417975,11
2024-09-18 14:00:51.411000,414.39830386301537,102
2024-09-18 14:00:51.552000,414.42697249678406,95
2024-09-18 14:00:51.681000,414.4185149487717,9
2024-09-18 14:00:51.894000,414.4241737271781,14
2024-09-18 14:00:51.896000,414.3706301864955,8
2024-09-18 14:00:51.936000,414.4144922514797,996
2024-09-18 14:00:51.958000,414.3865132837648,9
2024-09-18 14:00:52.005000,414.39130960600886,12
2024-09-18 14:00:52.030000,414.38389237755706,1004
2024-09-18 14:00:52.037000,414.4082850533715,14
2024-09-18 14:00:52.048000,414.4123502663207,5
2024-09-18 14:00:52.113000,414.4245558160664,1001
2024-09-18 14:00:52.145000,414.39198632185554,105
2024-09-18 14:00:52.208000,414.4209735228805,101
2024-09-18 14:00:52.318000,414.4369458932137,5
2024-09-18 14:00:52.353000,414.4040953198684,15
2024-09-18 14:00:52.367000,414.4372782307437,105
2024-09-18 14:00:52.399000,414.3957526607382,14
2024-09-18 14:00:52.408000,414.39163225504353,11
2024-09-18 14:00:52.487000,414.38037111568,1002
2024-09-18 14:00:52.650000,414.4061639348438,103
2024-09-18 14:00:52.694000,414.4136792884335,1004
2024-09-18 14:00:52.742000,414.421236442915,9
2024-09-18 14:00:52.799000,414.3852239367439,995
2024-09-18 14:00:52.848000,414.4233611157997,100
2024-09-18 14:00:52.934000,414.3862228896065,9
2024-09-18 14:00:52.962000,414.40986035944735,13
2024-09-18 14:00:53.129000,414.4074684724129,10
2024-09-18 14:00:53.246000,414.42958410030127,96
2024-09-18 14:00:53.351000,414.4451762692012,99
2024-09-18 14:00:53.501000,414.439213935789,104
2024-09-18 14:00:53.603000,414.4555815034857,99
2024-09-18 14:00:54.018000,414.4752370037621,104
2024-09-18 14:00:54.104000,414.5014896919948,12
2024-09-18 14:00:54.158000,414.4701283266701,13
2024-09-18 14:00:54.173000,414.4903393474984,1000
2024-09-18 14:00:54.298000,414.4465571912999,103
2024-09-18 14:00:54.320000,414.5161869406781,7
2024-09-18 14:00:54.323000,414.50081877719424,6
2024-09-18 14:00:54.355000,414.4823530245991,11
2024-09-18 14:00:54.388000,414.4871104581725,996
2024-09-18 14:00:54.498000,414.4453961236039,10
2024-09-18 14:00:54.528000,414.4595857619218,96
2024-09-18 14:00:54.658000,414.4966072353196,1005
2024-09-18 14:00:54.699000,414.4707209976959,995
2024-09-18 14:00:54.777000,414.4858497911223,97
2024-09-18 14:00:54.784000,414.4795854283158,96
2024-09-18 14:00:54.892000,414.4727766243065,101
2024-09-18 14:00:54.902000,414.4760973609909,997
2024-09-18 14:00:54.922000,414.47857083961617,1003
2024-09-18 14:00:54.957000,414.485887933094,14
2024-09-18 14:00:55.011000,414.4683320685395,15
2024-09-18 14:00:55.013000,414.4822513623473,105
2024-09-18 14:00:55.062000,414.51422106450974,1000
2024-09-18 14:00:55.141000,414.52758682033885,100
2024-09-18 14:00:55.180000,414.4982045331346,999
2024-09-18 14:00:55.211000,414.517301720907,6
2024-09-18 14:00:55.224000,414.48188967204845,104
2024-09-18 14:00:55.364000,414.518486098584,12
2024-09-18 14:00:55.382000,414.500813313863,98
2024-09-18 14:00:55.384000,414.52195732260736,96
2024-09-18 14:00:55.444000,414.47169101675365,102
2024-09-18 14:00:55.483000,414.494267972802,997
2024-09-18 14:00:55.485000,414.5288086430304,99
2024-09-18 14:00:55.487000,414.4718973495938,102
2024-09-18 14:00:55.567000,414.5242514914667,103
2024-09-18 14:00:55.590000,414.51280649465104,13
2024-09-18 14:00:55.628000,414.5126203575786,102
2024-09-18 14:00:55.636000,414.5090601487165,999
2024-09-18 14:00:55.668000,414.5230938863776,10
2024-09-18 14:00:55.715000,414.4921347525087,104
2024-09-18 14:00:55.771000,414.47608466935,11
2024-09-18 14:00:55.871000,414.508102191164,1001
2024-09-18 14:00:56.073000,414.5076975761491,1000
2024-09-18 14:00:56.160000,414.49923750586174,9
2024-09-18 14:00:56.169000,414.52334073155447,14
2024-09-18 14:00:56.250000,414.526176090896,6
2024-09-18 14:00:56.279000,414.5280781657068,999
2024-09-18 14:00:56.279000,414.5370048280933,14
2024-09-18 14:00:56.323000,414.5275704685271,1005
2024-09-18 14:00:56.422000,414.5934359466359,1005
2024-09-18 14:00:56.436000,414.5233182225152,105
2024-09-18 14:00:56.466000,414.5714779806858,98
2024-09-18 14:00:56.474000,414.5018371636582,9
2024-09-18 14:00:56.506000,414.59747697087096,98
2024-09-18 14:00:56.561000,414.5819600667989,12
2024-09-18 14:00:56.593000,414.5796505897008,1002
2024-09-18 14:00:56.649000,414.5111154367586,102
2024-09-18 14:00:56.650000,414.5750698092712,997
2024-09-18 14:00:56.674000,414.5916771786597,1002
2024-09-18 14:00:56.718000,414.5349773319765,7
2024-09-18 14:00:56.783000,414.5863773385195,102
2024-09-18 14:00:56.822000,414.5706062917105,13
2024-09-18 14:00:56.826000,414.5588110219375,11
2024-09-18 14:00:56.832000,414.5661904083613,103
2024-09-18 14:00:56.883000,414.58854822745405,8
2024-09-18 14:00:56.928000,414.5689803148229,996
2024-09-18 14:00:56.949000,414.5727548988921,99
2024-09-18 14:00:56.954000,414.5581184646473,999
2024-09-18 14:00:56.954000,414.4930536163769,1005
2024-09-18 14:00:56.982000,414.5692075409901,1004
2024-09-18 14:00:57.258000,414.5176376375747,100
2024-09-18 14:00:57.348000,414.4853404544075,12
2024-09-18 14:00:57.549000,414.47703892085343,104
2024-09-18 14:00:57.568000,414.4781218789384,995
2024-09-18 14:00:57.758000,414.545017601073,996
2024-09-18 14:00:57.825000,414.53623348051593,1003
2024-09-18 14:00:57.977000,414.5201859943405,6
2024-09-18 14:00:57.991000,414.5056904396884,1004
2024-09-18 14:00:58.023000,414.4673857302442,5
2024-09-18 14:00:58.095000,414.44734822593,1004
2024-09-18 14:00:58.098000,414.4793023782862,5
2024-09-18 14:00:58.122000,414.4846933899623,96
2024-09-18 14:00:58.216000,414.43575879592174,1001
2024-09-18 14:00:58.248000,414.45559265541607,101
2024-09-18 14:00:58.306000,414.4670638018264,1000
2024-09-18 14:00:58.401000,414.3244412173142,999
2024-09-18 14:00:58.452000,414.4827580058658,9
2024-09-18 14:00:58.477000,414.3088886212618,95
2024-09-18 14:00:58.499000,414.4143802403139,1004
2024-09-18 14:00:58.537000,414.4339345109085,1004
2024-09-18 14:00:58.552000,414.3105324821056,105
2024-09-18 14:00:58.649000,414.3870157011858,102
2024-09-18 14:00:58.663000,414.3120696865709,996
2024-09-18 14:00:58.687000,414.3590518888061,7
2024-09-18 14:00:58.779000,414.29839564325925,999
2024-09-18 14:00:58.795000,414.4541224931194,1001
2024-09-18 14:00:58.803000,414.4894101472696,1003
2024-09-18 14:00:58.820000,414.3353694872689,7
2024-09-18 14:00:58.862000,414.3676625578525,12
2024-09-18 14:00:58.923000,414.3686654832351,103
2024-09-18 14:00:58.987000,414.41557418558574,11
2024-09-18 14:00:59.034000,414.3226050256051,1003
2024-09-18 14:00:59.080000,414.3043521461948,98
2024-09-18 14:00:59.117000,414.3233968125189,13
2024-09-18 14:00:59.244000,414.3255257002244,1003
2024-09-18 14:00:59.280000,414.3768786199875,995
2024-09-18 14:00:59.285000,414.3435617344141,1002
2024-09-18 14:00:59.309000,414.3203800716173,1004
2024-09-18 14:00:59.332000,414.4015040525972,15
2024-09-18 14:00:59.343000,414.30609744863824,14
2024-09-18 14:00:59.384000,414.3415762505313,8
2024-09-18 14:00:59.393000,414.30490225829686,997
2024-09-18 14:00:59.438000,414.3702192239434,102
2024-09-18 14:00:59.447000,414.31312763862667,101
2024-09-18 14:00:59.468000,414.3016755550241,1004
2024-09-18 14:00:59.495000,414.29857661689925,11
2024-09-18 14:00:59.518000,414.3989294342944,105
2024-09-18 14:00:59.526000,414.3050974646146,1003
2024-09-18 14:00:59.531000,414.3333927219632,11
2024-09-18 14:00:59.558000,414.3148746109375,99
2024-09-18 14:00:59.710000,414.31480731296426,95
2024-09-18 14:00:59.827000,414.3213991961363,5
2024-09-18 14:00:59.828000,414.3063505305172,96
2024-09-18 14:00:59.891000,414.3177423305639,9
2024-09-18 14:00:59.968000,414.347533508289,1000
