Timestamp,Price,Size
2024-09-18 09:42:00.004000,407.88780356188494,9
2024-09-18 09:42:00.047000,407.8810961228311,7
2024-09-18 09:42:00.063000,407.8606219954351,996
2024-09-18 09:42:00.090000,407.9029235329261,96
2024-09-18 09:42:00.213000,407.9020217443597,1002
2024-09-18 09:42:00.228000,407.8890202968576,1005
2024-09-18 09:42:00.243000,407.8842460588711,995
2024-09-18 09:42:00.314000,407.8581146571939,104
2024-09-18 09:42:00.330000,407.8829418338302,100
2024-09-18 09:42:00.377000,407.8932642473253,998
2024-09-18 09:42:00.401000,407.8781581618129,95
2024-09-18 09:42:00.432000,407.89470456772057,103
2024-09-18 09:42:00.502000,407.8986947085425,101
2024-09-18 09:42:00.512000,407.8959212615631,97
2024-09-18 09:42:00.534000,407.8940091161461,6
2024-09-18 09:42:00.562000,407.8770219858579,11
2024-09-18 09:42:00.669000,407.8855560770168,1003
2024-09-18 09:42:00.695000,407.90982933709626,5
2024-09-18 09:42:00.848000,407.89532401031255,7
2024-09-18 09:42:00.932000,407.885828366586,99
2024-09-18 09:42:00.952000,407.8830138050894,1005
2024-09-18 09:42:00.958000,407.8903469790642,97
2024-09-18 09:42:00.993000,407.89559100184846,9
2024-09-18 09:42:01.041000,407.8497588392907,13
2024-09-18 09:42:01.130000,407.8373334141769,12
2024-09-18 09:42:01.546000,407.85422993624775,104
2024-09-18 09:42:01.934000,407.86533617506086,101
2024-09-18 09:42:01.943000,407.8745512945604,101
2024-09-18 09:42:01.997000,407.83466927532055,995
2024-09-18 09:42:02.003000,407.7970522384425,105
2024-09-18 09:42:02.088000,407.8096317049848,102
2024-09-18 09:42:02.091000,407.8414928707496,15
2024-09-18 09:42:02.119000,407.8374972475788,1004
2024-09-18 09:42:02.163000,407.8409835895279,101
2024-09-18 09:42:02.232000,407.8432581701143,8
2024-09-18 09:42:02.263000,407.7882167532734,995
2024-09-18 09:42:02.278000,407.8256901673839,998
2024-09-18 09:42:02.306000,407.8271409648567,96
2024-09-18 09:42:02.356000,407.84001115092747,5
2024-09-18 09:42:02.383000,407.7869569856665,13
2024-09-18 09:42:02.427000,407.7973699818247,104
2024-09-18 09:42:02.446000,407.787674826266,95
2024-09-18 09:42:02.450000,407.796606826664,10
2024-09-18 09:42:02.479000,407.78812177802206,1003
2024-09-18 09:42:02.691000,407.8107238066032,998
2024-09-18 09:42:02.706000,407.8297652673938,1001
2024-09-18 09:42:02.710000,407.8239781369314,100
2024-09-18 09:42:02.721000,407.8267831342704,999
2024-09-18 09:42:02.725000,407.8360046592343,996
2024-09-18 09:42:02.772000,407.7920907120695,12
2024-09-18 09:42:02.839000,407.8180005409564,100
2024-09-18 09:42:02.843000,407.8439972286431,103
2024-09-18 09:42:02.870000,407.8350170530706,12
2024-09-18 09:42:02.901000,407.7852867341476,10
2024-09-18 09:42:02.947000,407.8650833720517,102
2024-09-18 09:42:02.996000,407.8480445878115,100
2024-09-18 09:42:03.459000,407.8473162852269,999
2024-09-18 09:42:03.542000,407.84532753739006,100
2024-09-18 09:42:03.574000,407.7867199433697,99
2024-09-18 09:42:03.595000,407.8489052448713,996
2024-09-18 09:42:03.618000,407.7942945546165,14
2024-09-18 09:42:03.626000,407.85235542967945,101
2024-09-18 09:42:03.632000,407.8213179445285,8
2024-09-18 09:42:03.720000,407.83531650950766,1002
2024-09-18 09:42:03.757000,407.8153171487768,5
2024-09-18 09:42:03.861000,407.84804460524265,6
2024-09-18 09:42:03.901000,407.84276052885735,5
2024-09-18 09:42:03.903000,407.8517303419287,10
2024-09-18 09:42:05.361000,407.8627895935725,14
2024-09-18 09:42:05.936000,407.848221672964,1005
2024-09-18 09:42:06.105000,407.8625758500511,15
2024-09-18 09:42:06.140000,407.8665918026206,1001
2024-09-18 09:42:06.176000,407.8275258434304,104
2024-09-18 09:42:06.234000,407.8492091094296,102
2024-09-18 09:42:06.272000,407.8211501936637,5
2024-09-18 09:42:06.275000,407.8519852050613,1003
2024-09-18 09:42:06.319000,407.8692509555537,101
2024-09-18 09:42:06.359000,407.90172353146505,995
2024-09-18 09:42:06.360000,407.8344904866603,1000
2024-09-18 09:42:06.364000,407.8742055544207,105
2024-09-18 09:42:06.378000,407.8358934050947,997
2024-09-18 09:42:06.391000,407.8465343218634,12
2024-09-18 09:42:06.392000,407.8516940616484,15
2024-09-18 09:42:06.522000,407.8649736264294,996
2024-09-18 09:42:06.589000,407.8358398398004,13
2024-09-18 09:42:06.637000,407.8533671925029,11
2024-09-18 09:42:06.651000,407.819946117521,101
2024-09-18 09:42:06.742000,407.85364325927503,95
2024-09-18 09:42:06.743000,407.8738510882495,1005
2024-09-18 09:42:06.766000,407.85945604468986,97
2024-09-18 09:42:06.786000,407.8843432916019,99
2024-09-18 09:42:06.786000,407.8338094792748,1005
2024-09-18 09:42:06.786000,407.8846562222674,97
2024-09-18 09:42:06.787000,407.88672487588906,12
2024-09-18 09:42:06.877000,407.8614691406409,996
2024-09-18 09:42:06.937000,407.8901316861765,13
2024-09-18 09:42:06.962000,407.8549352399782,6
2024-09-18 09:42:06.992000,407.8742665245125,5
2024-09-18 09:42:06.992000,407.8580405851042,97
2024-09-18 09:42:07.008000,407.8695618805125,999
2024-09-18 09:42:07.030000,407.88721652265343,96
2024-09-18 09:42:07.051000,407.8752791533397,13
2024-09-18 09:42:07.054000,407.8897323642713,1000
2024-09-18 09:42:07.068000,407.864969953272,102
2024-09-18 09:42:07.111000,407.9064104229568,103
2024-09-18 09:42:07.139000,407.8722040189568,1005
2024-09-18 09:42:07.158000,407.9275799887301,9
2024-09-18 09:42:07.174000,407.9011911044272,1002
2024-09-18 09:42:07.193000,407.8926714011213,97
2024-09-18 09:42:07.197000,407.875313985448,1004
2024-09-18 09:42:07.285000,407.9483787985241,97
2024-09-18 09:42:07.431000,407.9278700275124,1002
2024-09-18 09:42:07.516000,407.9049218268765,10
2024-09-18 09:42:07.556000,407.877758688692,9
2024-09-18 09:42:07.566000,407.95022292475664,1002
2024-09-18 09:42:07.631000,407.9575355541003,99
2024-09-18 09:42:07.686000,407.9137526119854,995
2024-09-18 09:42:07.688000,407.9449028584036,6
2024-09-18 09:42:07.693000,407.8734089646241,6
2024-09-18 09:42:07.694000,407.8725536060074,998
2024-09-18 09:42:07.705000,407.96612506909,1002
2024-09-18 09:42:07.806000,407.9211203315289,1000
2024-09-18 09:42:07.808000,407.9052861712808,14
2024-09-18 09:42:07.877000,407.91069153111744,1000
2024-09-18 09:42:07.904000,407.9096615618946,9
2024-09-18 09:42:07.942000,407.8573375479967,998
2024-09-18 09:42:07.951000,407.8975386850432,1002
2024-09-18 09:42:07.952000,407.9488391273371,100
2024-09-18 09:42:08.441000,407.94252474872553,95
2024-09-18 09:42:09.027000,407.958646355654,96
2024-09-18 09:42:09.112000,407.91892690547456,11
2024-09-18 09:42:09.154000,407.9188464678927,102
2024-09-18 09:42:09.213000,407.9498632232776,13
2024-09-18 09:42:09.341000,407.9606121068385,98
2024-09-18 09:42:09.350000,407.94718433088127,105
2024-09-18 09:42:09.358000,407.9144383887328,11
2024-09-18 09:42:09.364000,407.9330409611218,998
2024-09-18 09:42:09.532000,407.9389642248914,102
2024-09-18 09:42:09.535000,407.94409058582505,13
2024-09-18 09:42:09.729000,407.9319515674655,11
2024-09-18 09:42:09.756000,407.93660576910463,98
2024-09-18 09:42:09.756000,407.9308012298011,96
2024-09-18 09:42:09.773000,407.9735470616536,999
2024-09-18 09:42:09.828000,407.93572950159984,997
2024-09-18 09:42:09.832000,407.9610049373452,14
2024-09-18 09:42:09.836000,407.9543643980602,103
2024-09-18 09:42:09.898000,407.9645572535149,998
2024-09-18 09:42:09.903000,407.92635117403023,6
2024-09-18 09:42:09.925000,407.9539444081952,97
2024-09-18 09:42:09.947000,407.9562320670319,14
2024-09-18 09:42:10.067000,407.9630118441201,14
2024-09-18 09:42:10.131000,407.9244183914165,7
2024-09-18 09:42:10.133000,407.9511895320331,9
2024-09-18 09:42:10.228000,407.926062108181,9
2024-09-18 09:42:10.324000,407.99719044400126,97
2024-09-18 09:42:10.351000,407.91719417688086,996
2024-09-18 09:42:10.398000,407.9489184224091,15
2024-09-18 09:42:10.414000,407.9597992142419,100
2024-09-18 09:42:10.523000,407.9920589391176,99
2024-09-18 09:42:10.576000,407.9729361080333,11
2024-09-18 09:42:10.626000,407.95643338355,13
2024-09-18 09:42:10.631000,407.9581680536116,14
2024-09-18 09:42:10.673000,407.95898497204746,11
2024-09-18 09:42:10.701000,407.9138244616296,5
2024-09-18 09:42:10.775000,408.0113360692536,11
2024-09-18 09:42:10.785000,407.964283826493,6
2024-09-18 09:42:10.805000,407.9910373551749,98
2024-09-18 09:42:10.807000,407.9396221845584,998
2024-09-18 09:42:10.861000,407.9334296654989,99
2024-09-18 09:42:10.864000,407.9570035315385,8
2024-09-18 09:42:10.937000,407.9145398885096,100
2024-09-18 09:42:10.945000,407.948612102686,7
2024-09-18 09:42:11.005000,407.9314721386587,97
2024-09-18 09:42:11.119000,407.92810729344,10
2024-09-18 09:42:11.171000,407.9757427557884,10
2024-09-18 09:42:11.209000,407.9939386327534,105
2024-09-18 09:42:11.293000,407.9662225158879,100
2024-09-18 09:42:11.444000,407.9816179521014,96
2024-09-18 09:42:11.445000,407.9933576320043,101
2024-09-18 09:42:11.468000,408.0046551798958,104
2024-09-18 09:42:11.472000,407.9409976535246,1002
2024-09-18 09:42:11.510000,407.998977046506,8
2024-09-18 09:42:11.541000,407.9226690859607,97
2024-09-18 09:42:11.554000,407.9459778996697,1000
2024-09-18 09:42:11.557000,407.99974348507874,1005
2024-09-18 09:42:11.583000,408.00523207216713,1002
2024-09-18 09:42:11.610000,407.9915548903589,14
2024-09-18 09:42:11.836000,407.9923876259735,103
2024-09-18 09:42:11.921000,407.9270187600493,104
2024-09-18 09:42:11.953000,408.0105857175424,99
2024-09-18 09:42:11.980000,407.980928894634,12
2024-09-18 09:42:12.039000,407.82153110691655,1005
2024-09-18 09:42:12.165000,407.8007382472632,1001
2024-09-18 09:42:12.177000,407.8246904142231,105
2024-09-18 09:42:12.271000,407.8374127812034,6
2024-09-18 09:42:12.341000,407.9033979607668,102
2024-09-18 09:42:12.356000,407.8012676456879,95
2024-09-18 09:42:12.358000,407.78967184326126,9
2024-09-18 09:42:12.396000,407.88008096739225,998
2024-09-18 09:42:12.404000,407.7882145244938,997
2024-09-18 09:42:12.437000,407.9362154935092,996
2024-09-18 09:42:12.439000,407.8782570628842,1000
2024-09-18 09:42:12.445000,407.88076211711183,1004
2024-09-18 09:42:12.458000,407.9194692954895,96
2024-09-18 09:42:12.461000,407.8082484952037,97
2024-09-18 09:42:12.507000,407.82245742413033,6
2024-09-18 09:42:12.565000,407.7972393257168,999
2024-09-18 09:42:12.589000,407.8127505054697,12
2024-09-18 09:42:12.596000,407.8270397248089,9
2024-09-18 09:42:12.607000,407.8290934907997,1000
2024-09-18 09:42:12.739000,407.937482523072,100
2024-09-18 09:42:12.750000,407.8314504302449,102
2024-09-18 09:42:12.777000,407.825165596833,96
2024-09-18 09:42:12.786000,407.8679490481232,1001
2024-09-18 09:42:12.807000,407.8528540079166,15
2024-09-18 09:42:12.836000,407.8343878057949,99
2024-09-18 09:42:12.848000,407.82898733307024,13
2024-09-18 09:42:12.893000,407.8207805499328,1004
2024-09-18 09:42:13.008000,407.8235075967995,1001
2024-09-18 09:42:13.022000,407.8229174471473,105
2024-09-18 09:42:13.029000,407.8422416440383,1001
2024-09-18 09:42:13.077000,407.8534975354167,998
2024-09-18 09:42:13.102000,407.8487471482737,105
2024-09-18 09:42:13.261000,407.80895461153466,103
2024-09-18 09:42:13.321000,407.8210670917649,1005
2024-09-18 09:42:13.365000,407.8074168054236,12
2024-09-18 09:42:13.437000,407.8372070511552,995
2024-09-18 09:42:13.477000,407.8217997384512,101
2024-09-18 09:42:13.485000,407.8395468321669,997
2024-09-18 09:42:13.528000,407.8521084059965,1002
2024-09-18 09:42:13.531000,407.8574119327931,13
2024-09-18 09:42:13.563000,407.8289535549681,14
2024-09-18 09:42:13.566000,407.8423211817495,1004
2024-09-18 09:42:13.588000,407.8242675852919,13
2024-09-18 09:42:13.637000,407.8129063046973,995
2024-09-18 09:42:13.641000,407.8362343192092,99
2024-09-18 09:42:13.658000,407.7915824826188,101
2024-09-18 09:42:13.683000,407.8187622607964,96
2024-09-18 09:42:13.766000,407.81842639924486,1000
2024-09-18 09:42:13.773000,407.8456408136796,999
2024-09-18 09:42:13.791000,407.79749138196064,997
2024-09-18 09:42:13.880000,407.8040848660621,10
2024-09-18 09:42:13.898000,407.7900516822545,101
2024-09-18 09:42:13.946000,407.8483455599264,15
2024-09-18 09:42:14.044000,407.7778991233365,10
2024-09-18 09:42:14.138000,407.7992389758992,5
2024-09-18 09:42:14.154000,407.8002173790399,9
2024-09-18 09:42:14.240000,407.78359948963816,1005
2024-09-18 09:42:14.304000,407.7888470573661,997
2024-09-18 09:42:14.437000,407.7870783101212,10
2024-09-18 09:42:14.601000,407.7978983137966,13
2024-09-18 09:42:15.268000,407.754356588978,999
2024-09-18 09:42:15.460000,407.7429127129797,15
2024-09-18 09:42:16.097000,407.7805900156848,1003
2024-09-18 09:42:16.098000,407.77920508759325,97
2024-09-18 09:42:16.142000,407.7717272497437,997
2024-09-18 09:42:16.178000,407.77815643861743,99
2024-09-18 09:42:16.204000,407.7826418301811,999
2024-09-18 09:42:16.289000,407.7804155270128,7
2024-09-18 09:42:16.294000,407.75485405095344,14
2024-09-18 09:42:16.323000,407.7419280912519,1002
2024-09-18 09:42:16.338000,407.7641647596727,997
2024-09-18 09:42:16.353000,407.7578688543289,1004
2024-09-18 09:42:16.400000,407.7365918998319,7
2024-09-18 09:42:16.417000,407.7758515925414,6
2024-09-18 09:42:16.439000,407.7284507327708,102
2024-09-18 09:42:16.453000,407.7353250967416,11
2024-09-18 09:42:16.485000,407.7882950428879,103
2024-09-18 09:42:16.489000,407.74261530431954,7
2024-09-18 09:42:16.502000,407.7368719589634,103
2024-09-18 09:42:16.599000,407.7267907904135,104
2024-09-18 09:42:16.642000,407.7273529790133,12
2024-09-18 09:42:16.675000,407.71904858241726,96
2024-09-18 09:42:16.768000,407.7349933568355,995
2024-09-18 09:42:16.786000,407.77414616162895,13
2024-09-18 09:42:16.792000,407.7630588208759,997
2024-09-18 09:42:16.868000,407.7760551664047,103
2024-09-18 09:42:16.889000,407.8082877549395,103
2024-09-18 09:42:16.927000,407.7863534118211,8
2024-09-18 09:42:16.946000,407.74668566913743,99
2024-09-18 09:42:16.982000,407.7826581899128,999
2024-09-18 09:42:17.017000,407.7688948031494,103
2024-09-18 09:42:17.091000,407.7430477713072,1004
2024-09-18 09:42:17.192000,407.7857277654697,999
2024-09-18 09:42:17.230000,407.758911932623,11
2024-09-18 09:42:17.236000,407.7588186021976,12
2024-09-18 09:42:17.276000,407.75362582924384,1000
2024-09-18 09:42:17.276000,407.7824537510804,8
2024-09-18 09:42:17.296000,407.79742686860106,7
2024-09-18 09:42:17.326000,407.7449535307559,104
2024-09-18 09:42:17.334000,407.75424034167946,105
2024-09-18 09:42:17.398000,407.780123288524,1005
2024-09-18 09:42:17.573000,407.7681217787282,1002
2024-09-18 09:42:17.594000,407.79664291700607,105
2024-09-18 09:42:17.619000,407.75779729353786,1001
2024-09-18 09:42:17.627000,407.7485640530593,5
2024-09-18 09:42:17.761000,407.7536864841941,996
2024-09-18 09:42:17.839000,407.7595876191361,11
2024-09-18 09:42:17.906000,407.7364845887069,10
2024-09-18 09:42:17.954000,407.75362737917135,105
2024-09-18 09:42:17.973000,407.7379939420457,1002
2024-09-18 09:42:17.975000,407.7672990025387,1001
2024-09-18 09:42:17.981000,407.73745018152135,6
2024-09-18 09:42:18.033000,407.7915827800324,96
2024-09-18 09:42:18.086000,407.7971930895068,14
2024-09-18 09:42:18.098000,407.8093640612205,1004
2024-09-18 09:42:18.098000,407.8010034126961,103
2024-09-18 09:42:18.127000,407.8114145686855,1004
2024-09-18 09:42:18.260000,407.7968721326808,14
2024-09-18 09:42:18.299000,407.80062878336327,7
2024-09-18 09:42:18.407000,407.80266890098034,101
2024-09-18 09:42:18.520000,407.8270440030789,1001
2024-09-18 09:42:18.523000,407.8264346418931,1002
2024-09-18 09:42:18.637000,407.8080098607963,998
2024-09-18 09:42:18.705000,407.8117043493217,96
2024-09-18 09:42:18.710000,407.7544073817252,95
2024-09-18 09:42:18.712000,407.74809034065385,1003
2024-09-18 09:42:18.786000,407.7518240338487,97
2024-09-18 09:42:18.894000,407.814534857513,12
2024-09-18 09:42:18.914000,407.7653603790795,95
2024-09-18 09:42:18.925000,407.78848248242025,102
2024-09-18 09:42:18.968000,407.7988562836786,1003
2024-09-18 09:42:18.991000,407.818458073462,97
2024-09-18 09:42:19.021000,407.7559502452533,1002
2024-09-18 09:42:19.071000,407.79603371163415,97
2024-09-18 09:42:19.083000,407.74972331007393,11
2024-09-18 09:42:19.088000,407.792478874632,997
2024-09-18 09:42:19.115000,407.8233978121616,9
2024-09-18 09:42:19.128000,407.74524016167874,1001
2024-09-18 09:42:19.145000,407.73917309141575,14
2024-09-18 09:42:19.185000,407.7935569882823,11
2024-09-18 09:42:19.212000,407.79188664147296,97
2024-09-18 09:42:19.218000,407.8147896689805,1002
2024-09-18 09:42:19.240000,407.7467115831757,104
2024-09-18 09:42:19.243000,407.7436981101143,105
2024-09-18 09:42:19.269000,407.8005245696917,97
2024-09-18 09:42:19.278000,407.8112643014086,95
2024-09-18 09:42:19.313000,407.8059443473522,9
2024-09-18 09:42:19.362000,407.799281411141,9
2024-09-18 09:42:19.387000,407.8201467386237,99
2024-09-18 09:42:19.627000,407.8094613735044,101
2024-09-18 09:42:19.633000,407.7530244908999,101
2024-09-18 09:42:19.657000,407.7970686020608,996
2024-09-18 09:42:19.668000,407.8037076460649,11
2024-09-18 09:42:19.723000,407.7950763793056,1005
2024-09-18 09:42:19.727000,407.7701804867461,103
2024-09-18 09:42:19.775000,407.7915341043214,101
2024-09-18 09:42:19.810000,407.8079013841312,1001
2024-09-18 09:42:19.816000,407.8000578376723,8
2024-09-18 09:42:19.821000,407.7729502327575,15
2024-09-18 09:42:19.912000,407.74347918241097,102
2024-09-18 09:42:20.009000,407.81907511521126,1001
2024-09-18 09:42:20.086000,407.7807392894202,15
2024-09-18 09:42:20.126000,407.7742768434647,7
2024-09-18 09:42:20.152000,407.7783084906673,96
2024-09-18 09:42:20.153000,407.7762384082916,997
2024-09-18 09:42:20.212000,407.7774411218579,102
2024-09-18 09:42:20.281000,407.7826406386617,104
2024-09-18 09:42:20.301000,407.76999351715887,11
2024-09-18 09:42:20.313000,407.7683383968668,999
2024-09-18 09:42:20.344000,407.77171403532975,99
2024-09-18 09:42:20.418000,407.8132349570834,8
2024-09-18 09:42:20.433000,407.7856136064804,1001
2024-09-18 09:42:20.438000,407.7655071118487,5
2024-09-18 09:42:20.515000,407.80801539123786,12
2024-09-18 09:42:20.517000,407.7952495579492,97
2024-09-18 09:42:20.549000,407.7482082639526,103
2024-09-18 09:42:20.617000,407.80411976597946,12
2024-09-18 09:42:20.625000,407.7855293234097,103
2024-09-18 09:42:20.713000,407.7766421727376,99
2024-09-18 09:42:20.817000,407.74402358111854,95
2024-09-18 09:42:20.828000,407.8004012648781,12
2024-09-18 09:42:20.842000,407.7726419866807,101
2024-09-18 09:42:20.894000,407.7541786139861,14
2024-09-18 09:42:20.908000,407.76608307743095,1003
2024-09-18 09:42:20.912000,407.7705897858641,1002
2024-09-18 09:42:20.921000,407.74912550667824,13
2024-09-18 09:42:20.947000,407.7936152300987,999
2024-09-18 09:42:20.969000,407.8107929646524,1003
2024-09-18 09:42:21.022000,407.8096111782234,95
2024-09-18 09:42:21.023000,407.7725131721967,997
2024-09-18 09:42:21.077000,407.7715198790746,96
2024-09-18 09:42:21.176000,407.7989817149904,1002
2024-09-18 09:42:21.304000,407.7665682167257,1005
2024-09-18 09:42:21.561000,407.8123309449005,11
2024-09-18 09:42:21.575000,407.7836141721115,11
2024-09-18 09:42:21.699000,407.822499872576,12
2024-09-18 09:42:21.709000,407.7870745328286,12
2024-09-18 09:42:21.715000,407.8019218744922,101
2024-09-18 09:42:21.790000,407.8019358262415,14
2024-09-18 09:42:21.894000,407.8081895022993,100
2024-09-18 09:42:21.894000,407.7830785258123,1000
2024-09-18 09:42:21.987000,407.8079523924756,13
2024-09-18 09:42:22.027000,407.8378012891286,8
2024-09-18 09:42:22.034000,407.844956418237,98
2024-09-18 09:42:22.113000,407.8386017567621,1000
2024-09-18 09:42:22.204000,407.8405599802496,96
2024-09-18 09:42:22.213000,407.8253940513496,103
2024-09-18 09:42:22.216000,407.861244354454,97
2024-09-18 09:42:22.221000,407.8465470232039,105
2024-09-18 09:42:22.228000,407.82714088076153,15
2024-09-18 09:42:22.276000,407.84282579515474,998
2024-09-18 09:42:22.317000,407.8435797857831,97
2024-09-18 09:42:22.380000,407.8221946846782,96
2024-09-18 09:42:22.394000,407.8395764438397,12
2024-09-18 09:42:22.427000,407.8249560841292,1005
2024-09-18 09:42:22.474000,407.84182918694535,105
2024-09-18 09:42:22.524000,407.8214842260408,102
2024-09-18 09:42:22.565000,407.84977504447767,1000
2024-09-18 09:42:22.578000,407.8339844269181,14
2024-09-18 09:42:22.640000,407.8303394186461,1001
2024-09-18 09:42:22.664000,407.8262375932368,15
2024-09-18 09:42:22.671000,407.8423393098042,1003
2024-09-18 09:42:22.785000,407.8218756876127,1001
2024-09-18 09:42:22.794000,407.83591221280113,95
2024-09-18 09:42:22.796000,407.8272278002084,7
2024-09-18 09:42:22.844000,407.8316125103226,1002
2024-09-18 09:42:22.862000,407.8154110516156,996
2024-09-18 09:42:22.887000,407.8076759977256,105
2024-09-18 09:42:22.992000,407.8249345307581,102
2024-09-18 09:42:24.004000,407.9394448082344,100
2024-09-18 09:42:24.062000,407.9326880103979,1001
2024-09-18 09:42:24.092000,407.93751788293247,999
2024-09-18 09:42:24.320000,407.8744912328037,1005
2024-09-18 09:42:24.342000,407.9439196297826,102
2024-09-18 09:42:24.355000,407.8753845405703,10
2024-09-18 09:42:24.369000,407.91940873955457,14
2024-09-18 09:42:24.391000,407.8952612426704,1003
2024-09-18 09:42:24.416000,407.9346380483548,5
2024-09-18 09:42:24.423000,407.9103172073815,999
2024-09-18 09:42:24.436000,407.9345548289196,999
2024-09-18 09:42:24.490000,407.9388624054057,1000
2024-09-18 09:42:24.519000,407.9174764778664,8
2024-09-18 09:42:24.584000,407.9272093649232,15
2024-09-18 09:42:24.658000,407.8236145403987,999
2024-09-18 09:42:24.703000,407.8518786132593,1004
2024-09-18 09:42:24.753000,407.8905969799055,6
2024-09-18 09:42:24.784000,407.9323344371538,995
2024-09-18 09:42:24.786000,407.8649361788772,9
2024-09-18 09:42:24.848000,407.9360581383036,998
2024-09-18 09:42:24.899000,407.865004661855,995
2024-09-18 09:42:24.910000,407.8422603765724,1003
2024-09-18 09:42:24.945000,407.92169059027225,9
2024-09-18 09:42:24.948000,407.94820321267576,1002
2024-09-18 09:42:25.095000,408.0232258514709,1000
2024-09-18 09:42:25.134000,407.92574595115485,99
2024-09-18 09:42:25.185000,407.928591122977,7
2024-09-18 09:42:25.190000,408.0082263799385,1005
2024-09-18 09:42:25.263000,407.9669516607237,1003
2024-09-18 09:42:25.270000,407.9512868706323,8
2024-09-18 09:42:25.408000,407.9839046354462,8
2024-09-18 09:42:25.564000,407.9501703251913,96
2024-09-18 09:42:25.768000,407.94071320148686,1005
2024-09-18 09:42:25.775000,407.9392158315263,1001
2024-09-18 09:42:25.811000,407.9676840701722,6
2024-09-18 09:42:25.885000,407.96714842127193,7
2024-09-18 09:42:25.885000,407.94253841702175,102
2024-09-18 09:42:25.889000,407.9641700695784,9
2024-09-18 09:42:26.032000,408.0299952756962,1001
2024-09-18 09:42:26.129000,408.0237731920816,997
2024-09-18 09:42:26.130000,408.0141566613977,1003
2024-09-18 09:42:26.183000,408.01685722055527,7
2024-09-18 09:42:26.195000,408.0247702990957,6
2024-09-18 09:42:26.222000,407.9911174134631,995
2024-09-18 09:42:26.224000,408.0303040082418,95
2024-09-18 09:42:26.238000,407.9946292690267,7
2024-09-18 09:42:26.269000,407.983466803636,11
2024-09-18 09:42:26.340000,407.96989968763336,5
2024-09-18 09:42:26.354000,408.041471960907,101
2024-09-18 09:42:26.358000,408.0053990246144,102
2024-09-18 09:42:26.388000,408.0309260855452,1001
2024-09-18 09:42:26.424000,408.0516022702759,997
2024-09-18 09:42:26.448000,408.0047615936059,5
2024-09-18 09:42:26.637000,408.01890572439584,96
2024-09-18 09:42:26.641000,408.050672469987,1001
2024-09-18 09:42:26.664000,408.01636387240137,7
2024-09-18 09:42:26.681000,408.01443191574265,103
2024-09-18 09:42:26.691000,408.00147316449903,102
2024-09-18 09:42:26.737000,408.0184230050298,13
2024-09-18 09:42:26.769000,408.0039271966784,12
2024-09-18 09:42:26.791000,408.03134867966605,100
2024-09-18 09:42:26.853000,407.9761665213626,997
2024-09-18 09:42:26.878000,408.01163897643903,998
2024-09-18 09:42:26.961000,408.0216380058147,98
2024-09-18 09:42:27.016000,408.0133444941586,1003
2024-09-18 09:42:27.043000,407.9921643883418,98
2024-09-18 09:42:27.205000,407.9871798827266,101
2024-09-18 09:42:27.257000,408.01340252147713,1005
2024-09-18 09:42:27.338000,408.0067132200599,9
2024-09-18 09:42:27.395000,407.99194928436526,997
2024-09-18 09:42:27.477000,408.0149182265271,97
2024-09-18 09:42:27.484000,407.9977553341022,997
2024-09-18 09:42:27.488000,408.0335822362385,96
2024-09-18 09:42:27.510000,407.9825378682853,9
2024-09-18 09:42:27.532000,408.0308315383121,96
2024-09-18 09:42:27.558000,408.0183559416562,6
2024-09-18 09:42:27.603000,407.9999669007548,7
2024-09-18 09:42:27.630000,407.99267623105135,105
2024-09-18 09:42:27.660000,408.0068028101241,11
2024-09-18 09:42:27.666000,408.0052407154666,11
2024-09-18 09:42:27.751000,407.9861889810434,15
2024-09-18 09:42:27.823000,408.0017605733808,9
2024-09-18 09:42:27.830000,408.0169019800889,96
2024-09-18 09:42:27.867000,408.0251076644718,5
2024-09-18 09:42:27.917000,408.0073481355085,1000
2024-09-18 09:42:27.937000,408.0270225404341,101
2024-09-18 09:42:27.988000,408.0131057005114,1001
2024-09-18 09:42:28.153000,408.0077798645,999
2024-09-18 09:42:28.662000,408.0231889414077,95
2024-09-18 09:42:28.882000,408.0182262513717,99
2024-09-18 09:42:28.887000,408.0019180984312,6
2024-09-18 09:42:29.003000,407.9932789630716,9
2024-09-18 09:42:29.009000,407.9460722946423,1002
2024-09-18 09:42:29.085000,408.0094143048551,996
2024-09-18 09:42:29.119000,407.9365459259571,1004
2024-09-18 09:42:29.164000,407.9595749832973,12
2024-09-18 09:42:29.193000,407.958715469274,14
2024-09-18 09:42:29.215000,407.9619400572038,101
2024-09-18 09:42:29.244000,408.01685979004327,103
2024-09-18 09:42:29.453000,407.9430396804744,6
2024-09-18 09:42:29.494000,407.95368353257487,1000
2024-09-18 09:42:29.496000,407.9567736777729,995
2024-09-18 09:42:29.564000,407.9399256218191,105
2024-09-18 09:42:29.582000,407.96737657692137,999
2024-09-18 09:42:29.637000,407.96761662356266,96
2024-09-18 09:42:29.710000,407.9311328759551,100
2024-09-18 09:42:29.711000,407.96283153090206,98
2024-09-18 09:42:29.790000,408.0049036778332,13
2024-09-18 09:42:29.823000,408.006567222057,999
2024-09-18 09:42:29.843000,407.9493050860461,1000
2024-09-18 09:42:29.844000,407.9381237784423,14
2024-09-18 09:42:29.845000,408.0083607032316,6
2024-09-18 09:42:29.872000,408.00167437099793,995
2024-09-18 09:42:29.896000,407.9292288442509,998
2024-09-18 09:42:29.916000,407.9368772503867,1005
2024-09-18 09:42:29.993000,407.9329950450469,98
2024-09-18 09:42:31.064000,407.9334780678565,11
2024-09-18 09:42:31.074000,407.8837044226048,1005
2024-09-18 09:42:31.080000,407.920560992474,102
2024-09-18 09:42:31.110000,407.94429290504814,1000
2024-09-18 09:42:31.128000,407.913821985385,999
2024-09-18 09:42:31.144000,407.9110130338928,105
2024-09-18 09:42:31.225000,407.93053730916665,6
2024-09-18 09:42:31.242000,407.9269146548766,11
2024-09-18 09:42:31.291000,407.9433928312815,105
2024-09-18 09:42:31.323000,407.9329184393109,11
2024-09-18 09:42:31.330000,407.9120214637862,996
2024-09-18 09:42:31.347000,407.9343352321149,1003
2024-09-18 09:42:31.400000,407.92761412642415,105
2024-09-18 09:42:31.403000,407.9028957298568,995
2024-09-18 09:42:31.418000,407.9380153613965,997
2024-09-18 09:42:31.424000,407.9280376042062,100
2024-09-18 09:42:31.435000,407.93770568915056,1002
2024-09-18 09:42:31.453000,407.8523357459362,1002
2024-09-18 09:42:31.454000,407.9326353097194,998
2024-09-18 09:42:31.582000,407.8698407485702,15
2024-09-18 09:42:31.674000,407.94772186713055,102
2024-09-18 09:42:31.686000,407.93481858723663,96
2024-09-18 09:42:31.690000,407.8977491945519,14
2024-09-18 09:42:31.712000,407.8792982157625,999
2024-09-18 09:42:31.803000,407.92351388057176,995
2024-09-18 09:42:31.867000,407.9238429715895,96
2024-09-18 09:42:31.906000,407.9002515776965,10
2024-09-18 09:42:31.989000,407.8608103345159,101
2024-09-18 09:42:32.715000,407.9302492099793,1004
2024-09-18 09:42:32.754000,407.9264676603191,1002
2024-09-18 09:42:32.756000,407.9397054502136,10
2024-09-18 09:42:33.079000,407.9595393585181,995
2024-09-18 09:42:33.229000,407.9376951789706,103
2024-09-18 09:42:33.314000,407.95973017840623,11
2024-09-18 09:42:33.327000,407.9468283679087,15
2024-09-18 09:42:33.358000,407.9771010570962,95
2024-09-18 09:42:33.371000,407.9541303339472,998
2024-09-18 09:42:33.380000,407.92408636868,996
2024-09-18 09:42:33.493000,407.9699787383979,97
2024-09-18 09:42:33.501000,407.954533640416,6
2024-09-18 09:42:33.596000,407.9939210010696,13
2024-09-18 09:42:33.615000,407.9519691332637,995
2024-09-18 09:42:33.689000,407.9605490629903,998
2024-09-18 09:42:33.716000,407.9378227869439,11
2024-09-18 09:42:33.788000,407.98867890704105,97
2024-09-18 09:42:33.871000,407.97176923823497,101
2024-09-18 09:42:33.872000,407.9308518206802,996
2024-09-18 09:42:33.882000,407.9660087976594,104
2024-09-18 09:42:34.607000,407.9705030415352,98
2024-09-18 09:42:34.647000,407.9531593217338,10
2024-09-18 09:42:34.942000,407.9607630451014,998
2024-09-18 09:42:34.955000,407.9807220962442,8
2024-09-18 09:42:35.008000,407.9573721632416,105
2024-09-18 09:42:35.073000,407.9479781759293,104
2024-09-18 09:42:35.118000,407.97495496561305,12
2024-09-18 09:42:35.122000,407.9612622391446,14
2024-09-18 09:42:35.156000,407.9612187726871,1002
2024-09-18 09:42:35.272000,407.9599184328682,14
2024-09-18 09:42:35.305000,407.9519668775772,12
2024-09-18 09:42:35.460000,407.9463520929078,995
2024-09-18 09:42:35.469000,407.923687194221,7
2024-09-18 09:42:35.522000,407.9713939467144,95
2024-09-18 09:42:35.571000,407.9549913780544,103
2024-09-18 09:42:35.594000,407.971963873533,103
2024-09-18 09:42:35.646000,407.952793494269,999
2024-09-18 09:42:35.674000,407.9676238467725,1005
2024-09-18 09:42:35.692000,407.94192932268777,9
2024-09-18 09:42:35.737000,407.9682918560849,104
2024-09-18 09:42:35.790000,407.9408808224576,997
2024-09-18 09:42:35.840000,407.9576183749653,99
2024-09-18 09:42:35.853000,407.9785263529559,15
2024-09-18 09:42:35.862000,407.95158807246014,103
2024-09-18 09:42:35.929000,407.9711144703448,11
2024-09-18 09:42:36.111000,407.98228059048216,1005
2024-09-18 09:42:36.139000,407.9963112843058,11
2024-09-18 09:42:36.158000,407.9706294670583,996
2024-09-18 09:42:36.164000,407.9748291711345,1005
2024-09-18 09:42:36.309000,407.96326439144593,6
2024-09-18 09:42:36.362000,407.9497865717972,999
2024-09-18 09:42:36.380000,407.9909349842914,105
2024-09-18 09:42:36.403000,407.9712397828159,14
2024-09-18 09:42:36.422000,407.9672604150925,98
2024-09-18 09:42:36.488000,407.9794536496232,14
2024-09-18 09:42:36.595000,407.99335785414416,1004
2024-09-18 09:42:36.598000,407.9638922940273,999
2024-09-18 09:42:36.631000,407.9804034925588,998
2024-09-18 09:42:36.674000,407.9759845197902,12
2024-09-18 09:42:36.758000,407.9788782278096,999
2024-09-18 09:42:36.767000,407.9919337497793,998
2024-09-18 09:42:36.838000,407.9513350112694,12
2024-09-18 09:42:36.885000,407.9697378415733,105
2024-09-18 09:42:36.902000,407.9769289372006,1000
2024-09-18 09:42:36.974000,407.9737273754779,15
2024-09-18 09:42:36.975000,407.9594166585522,1002
2024-09-18 09:42:37.101000,408.00026310134007,1002
2024-09-18 09:42:37.287000,408.0033898905683,1005
2024-09-18 09:42:37.451000,407.99513616899503,6
2024-09-18 09:42:37.509000,408.01051368366086,96
2024-09-18 09:42:37.692000,407.9977567817104,104
2024-09-18 09:42:37.695000,407.9949310700653,1003
2024-09-18 09:42:37.705000,407.9922776556349,99
2024-09-18 09:42:37.711000,408.0177018334973,6
2024-09-18 09:42:37.750000,408.00792382587935,998
2024-09-18 09:42:37.760000,407.994570152448,8
2024-09-18 09:42:37.771000,408.0161507838308,14
2024-09-18 09:42:37.849000,408.0098023298932,997
2024-09-18 09:42:37.851000,408.0129186491668,1004
2024-09-18 09:42:38.005000,407.9963731856848,12
2024-09-18 09:42:38.042000,407.9958394246023,998
2024-09-18 09:42:38.045000,407.9549730277054,15
2024-09-18 09:42:38.064000,407.9706711260932,100
2024-09-18 09:42:38.100000,407.977523961012,104
2024-09-18 09:42:38.105000,407.9762383134109,9
2024-09-18 09:42:38.133000,408.0273297544037,8
2024-09-18 09:42:38.140000,407.9831134947362,997
2024-09-18 09:42:38.167000,407.973862679419,96
2024-09-18 09:42:38.172000,408.0316088495575,104
2024-09-18 09:42:38.273000,407.9774016411638,995
2024-09-18 09:42:38.469000,407.9626318597215,102
2024-09-18 09:42:38.476000,407.9790961126294,1000
2024-09-18 09:42:38.497000,407.99182047051,8
2024-09-18 09:42:38.609000,407.9973416510626,8
2024-09-18 09:42:38.619000,408.005541333523,99
2024-09-18 09:42:38.621000,407.9859435778837,13
2024-09-18 09:42:38.735000,407.9768169393504,102
2024-09-18 09:42:38.769000,407.9470701470002,103
2024-09-18 09:42:38.888000,407.9785445995939,9
2024-09-18 09:42:38.924000,407.9871367160639,104
2024-09-18 09:42:38.932000,407.9759810876449,98
2024-09-18 09:42:38.941000,407.9886742932651,996
2024-09-18 09:42:38.973000,407.983170886998,7
2024-09-18 09:42:38.992000,407.9530560840731,14
2024-09-18 09:42:39.042000,408.0429544839886,999
2024-09-18 09:42:39.118000,408.05168297836127,99
2024-09-18 09:42:39.120000,408.0009534685268,6
2024-09-18 09:42:39.239000,408.0135692782345,997
2024-09-18 09:42:39.266000,408.00293118668014,6
2024-09-18 09:42:39.365000,408.01698201318345,15
2024-09-18 09:42:39.404000,408.0313147471594,99
2024-09-18 09:42:39.454000,408.0119328541071,7
2024-09-18 09:42:39.501000,408.06438426189743,101
2024-09-18 09:42:39.662000,408.0840145362195,1004
2024-09-18 09:42:39.789000,408.0100211296618,97
2024-09-18 09:42:39.887000,408.0067715543008,96
2024-09-18 09:42:39.918000,408.0281064886265,98
2024-09-18 09:42:40.301000,408.0537269560297,5
2024-09-18 09:42:40.326000,408.0401494212106,7
2024-09-18 09:42:40.339000,408.08823800548174,995
2024-09-18 09:42:40.363000,408.0909020016105,1004
2024-09-18 09:42:40.647000,408.0667061054724,99
2024-09-18 09:42:40.657000,408.0729068521759,996
2024-09-18 09:42:40.798000,408.06359380280776,997
2024-09-18 09:42:40.863000,408.1058540009514,101
2024-09-18 09:42:40.922000,408.0423269013514,8
2024-09-18 09:42:41.071000,408.0494985954505,6
2024-09-18 09:42:41.091000,408.00911502503953,13
2024-09-18 09:42:41.104000,408.03482010345806,5
2024-09-18 09:42:41.114000,408.0431704667686,14
2024-09-18 09:42:41.156000,408.04044782988177,6
2024-09-18 09:42:41.158000,408.0179507756742,105
2024-09-18 09:42:41.208000,408.0634648765509,95
2024-09-18 09:42:41.231000,408.0280730193221,5
2024-09-18 09:42:41.253000,408.0556155022901,1001
2024-09-18 09:42:41.282000,408.0369540906249,104
2024-09-18 09:42:41.309000,408.05121726486135,14
2024-09-18 09:42:41.311000,408.0155040292472,997
2024-09-18 09:42:41.323000,408.0557172247801,1003
2024-09-18 09:42:41.330000,408.02582630843193,102
2024-09-18 09:42:41.401000,408.0492511814158,7
2024-09-18 09:42:41.470000,408.0485742506448,14
2024-09-18 09:42:41.518000,408.0581232185575,9
2024-09-18 09:42:41.558000,408.05147035953127,1004
2024-09-18 09:42:41.602000,408.0039922911211,104
2024-09-18 09:42:41.678000,408.04385999480814,999
2024-09-18 09:42:41.690000,408.0496347242005,9
2024-09-18 09:42:41.705000,408.0522826989828,96
2024-09-18 09:42:41.829000,408.0650075106028,12
2024-09-18 09:42:41.898000,408.0353886257943,8
2024-09-18 09:42:41.934000,408.0408705624384,95
2024-09-18 09:42:41.974000,408.05012758103567,97
2024-09-18 09:42:42.022000,408.0399872380933,996
2024-09-18 09:42:42.076000,408.0129769110227,5
2024-09-18 09:42:42.117000,408.04395964204497,996
2024-09-18 09:42:42.196000,407.9980577464755,1004
2024-09-18 09:42:42.241000,408.0001808728314,13
2024-09-18 09:42:42.278000,408.0219649583072,97
2024-09-18 09:42:42.363000,408.0244101195626,98
2024-09-18 09:42:42.436000,408.0135531686577,13
2024-09-18 09:42:42.457000,408.0513843902828,999
2024-09-18 09:42:42.462000,408.0530718712756,6
2024-09-18 09:42:42.480000,408.0156611862453,104
2024-09-18 09:42:42.483000,408.00206835692296,103
2024-09-18 09:42:42.493000,408.05337700317966,104
2024-09-18 09:42:42.539000,408.01779558480064,998
2024-09-18 09:42:42.557000,408.008709315191,104
2024-09-18 09:42:42.627000,408.01284720429584,95
2024-09-18 09:42:42.677000,408.0173859007688,97
2024-09-18 09:42:42.685000,408.0191407786017,1005
2024-09-18 09:42:42.776000,408.058737443076,100
2024-09-18 09:42:42.872000,408.036917433803,996
2024-09-18 09:42:42.921000,408.0006339636591,13
2024-09-18 09:42:42.974000,408.0506861669698,1004
2024-09-18 09:42:43.133000,408.0539096351875,99
2024-09-18 09:42:43.266000,408.0859272578133,8
2024-09-18 09:42:43.280000,408.0767824563687,1003
2024-09-18 09:42:43.362000,408.0702182668894,13
2024-09-18 09:42:43.698000,408.0687666278999,8
2024-09-18 09:42:43.851000,408.08496370253016,1000
2024-09-18 09:42:44.053000,408.0705972380835,96
2024-09-18 09:42:44.108000,408.0472525370702,13
2024-09-18 09:42:44.120000,408.02473727556566,1000
2024-09-18 09:42:44.262000,408.0431598602497,9
2024-09-18 09:42:44.312000,408.0505939850472,998
2024-09-18 09:42:44.376000,408.0254301372264,1001
2024-09-18 09:42:44.391000,408.07922292678165,8
2024-09-18 09:42:44.501000,408.0844374149007,102
2024-09-18 09:42:44.669000,408.058641830746,998
2024-09-18 09:42:44.716000,408.03861733105634,97
2024-09-18 09:42:44.808000,408.06861400048695,998
2024-09-18 09:42:44.808000,408.0396137986632,1005
2024-09-18 09:42:44.843000,408.0875172510936,105
2024-09-18 09:42:44.892000,408.0692681835196,11
2024-09-18 09:42:44.926000,408.0334351696099,102
2024-09-18 09:42:45.143000,408.0414534184099,100
2024-09-18 09:42:45.273000,408.047437841824,9
2024-09-18 09:42:45.737000,408.0344852581604,996
2024-09-18 09:42:46.153000,408.0286215464787,9
2024-09-18 09:42:46.287000,408.01338679965073,13
2024-09-18 09:42:46.480000,408.0281936098006,11
2024-09-18 09:42:46.964000,408.0255406272173,1005
2024-09-18 09:42:46.975000,408.02508501354464,104
2024-09-18 09:42:46.992000,408.0491702541,995
2024-09-18 09:42:47.023000,408.0455908753182,997
2024-09-18 09:42:47.039000,408.0230883516728,1002
2024-09-18 09:42:47.123000,408.0166036738038,7
2024-09-18 09:42:47.161000,408.032666467721,8
2024-09-18 09:42:47.198000,408.0335043818321,11
2024-09-18 09:42:47.403000,408.00840755042856,999
2024-09-18 09:42:47.420000,408.00928278780975,103
2024-09-18 09:42:47.470000,408.0162235559914,102
2024-09-18 09:42:47.503000,408.0161517091007,1004
2024-09-18 09:42:47.573000,408.02952260868426,8
2024-09-18 09:42:47.614000,408.0492640658483,97
2024-09-18 09:42:47.830000,408.0171260764155,9
2024-09-18 09:42:47.873000,408.0537885319013,101
2024-09-18 09:42:47.875000,408.0105926385043,101
2024-09-18 09:42:48.105000,408.04111076981,8
2024-09-18 09:42:48.126000,408.059550726897,102
2024-09-18 09:42:48.172000,408.0649716792411,96
2024-09-18 09:42:48.175000,408.046014318842,104
2024-09-18 09:42:48.205000,408.0510204720617,999
2024-09-18 09:42:48.239000,408.0481641674555,996
2024-09-18 09:42:48.260000,408.07732635017936,15
2024-09-18 09:42:48.343000,408.0477099374159,95
2024-09-18 09:42:48.398000,408.03817448339584,11
2024-09-18 09:42:48.490000,408.03231385706886,1002
2024-09-18 09:42:48.665000,408.0461798746415,995
2024-09-18 09:42:48.716000,408.0622758932,102
2024-09-18 09:42:48.742000,408.0586624782725,6
2024-09-18 09:42:48.757000,408.0445552064248,1002
2024-09-18 09:42:48.817000,408.0290359015721,995
2024-09-18 09:42:48.886000,408.0507668757473,995
2024-09-18 09:42:49.332000,408.0686855051528,15
2024-09-18 09:42:50.012000,408.0491213801934,996
2024-09-18 09:42:50.163000,408.05109922944087,9
2024-09-18 09:42:50.214000,408.0292349953192,1005
2024-09-18 09:42:50.216000,408.055999276576,102
2024-09-18 09:42:50.445000,408.0499072966748,999
2024-09-18 09:42:50.485000,408.0594664048905,97
2024-09-18 09:42:50.490000,408.05549491868334,101
2024-09-18 09:42:50.568000,408.0636125153609,101
2024-09-18 09:42:50.595000,408.09718150310255,1002
2024-09-18 09:42:50.732000,408.0808709731084,104
2024-09-18 09:42:50.754000,408.0543750410814,105
2024-09-18 09:42:50.868000,408.032288759338,999
2024-09-18 09:42:50.896000,408.0937348166647,95
2024-09-18 09:42:50.961000,408.0484413773544,9
2024-09-18 09:42:50.978000,408.0713582669244,14
2024-09-18 09:42:51.284000,408.0843278801372,996
2024-09-18 09:42:52.537000,408.0746223181013,105
2024-09-18 09:42:52.539000,408.0942533735277,105
2024-09-18 09:42:52.666000,408.0776471071725,98
2024-09-18 09:42:52.757000,408.0728329211268,11
2024-09-18 09:42:52.952000,408.079799959542,1001
2024-09-18 09:42:52.992000,408.0795438204594,8
2024-09-18 09:42:53.016000,408.10395989557577,100
2024-09-18 09:42:53.073000,408.18447183048175,996
2024-09-18 09:42:53.171000,408.173257003388,1005
2024-09-18 09:42:53.331000,408.1629444691164,995
2024-09-18 09:42:53.375000,408.1882536673764,96
2024-09-18 09:42:53.399000,408.18619691358936,100
2024-09-18 09:42:53.417000,408.1571119517107,101
2024-09-18 09:42:53.464000,408.1592216608392,999
2024-09-18 09:42:53.557000,408.1644803530783,97
2024-09-18 09:42:53.571000,408.131354278752,998
2024-09-18 09:42:53.582000,408.17962255514186,102
2024-09-18 09:42:53.595000,408.1691778161005,997
2024-09-18 09:42:53.664000,408.16317698879294,100
2024-09-18 09:42:53.786000,408.1891497453325,105
2024-09-18 09:42:53.804000,408.0713822426664,1000
2024-09-18 09:42:53.832000,408.1337216725941,8
2024-09-18 09:42:53.873000,408.18325723878536,1001
2024-09-18 09:42:53.915000,408.1442903403813,100
2024-09-18 09:42:53.923000,408.1852780561983,996
2024-09-18 09:42:53.942000,408.1694578022488,98
2024-09-18 09:42:53.951000,408.1063608722336,100
2024-09-18 09:42:53.990000,408.1223514997486,105
2024-09-18 09:42:53.992000,408.1460035798347,5
2024-09-18 09:42:54.062000,408.1407839739523,1005
2024-09-18 09:42:54.116000,408.15697559840646,14
2024-09-18 09:42:54.256000,408.1307995228592,13
2024-09-18 09:42:54.273000,408.139721235408,1005
2024-09-18 09:42:54.310000,408.1238177775509,9
2024-09-18 09:42:54.401000,408.1210155351182,1001
2024-09-18 09:42:54.494000,408.150311357851,14
2024-09-18 09:42:54.517000,408.1628961288765,7
2024-09-18 09:42:54.534000,408.1352980262293,104
2024-09-18 09:42:54.599000,408.1175179681146,97
2024-09-18 09:42:54.671000,408.1619380964286,1002
2024-09-18 09:42:54.751000,408.1492791552414,1000
2024-09-18 09:42:54.835000,408.1100642981107,13
2024-09-18 09:42:54.857000,408.1344652516475,1003
2024-09-18 09:42:54.959000,408.1575240823864,96
2024-09-18 09:42:55.035000,408.01683276910336,100
2024-09-18 09:42:55.043000,408.0016877061058,998
2024-09-18 09:42:55.096000,408.0092527486714,14
2024-09-18 09:42:55.200000,407.9988404534938,5
2024-09-18 09:42:55.206000,408.1218576583564,997
2024-09-18 09:42:55.244000,408.02724801417344,1002
2024-09-18 09:42:55.246000,408.0487800534146,103
2024-09-18 09:42:55.279000,408.0456074442289,104
2024-09-18 09:42:55.377000,408.0532999314564,8
2024-09-18 09:42:55.441000,407.99202050556056,1002
2024-09-18 09:42:55.540000,408.1337170797008,6
2024-09-18 09:42:55.564000,408.0467997881643,13
2024-09-18 09:42:55.571000,408.0483570571959,995
2024-09-18 09:42:55.760000,408.006298428655,12
2024-09-18 09:42:55.764000,408.0428545606336,105
2024-09-18 09:42:55.899000,408.0391673961021,97
2024-09-18 09:42:55.902000,408.0520742971648,9
2024-09-18 09:42:55.939000,408.04082991140666,1003
2024-09-18 09:42:55.986000,408.096109744139,998
2024-09-18 09:42:55.995000,408.06915332383335,1000
2024-09-18 09:42:56.062000,407.99414412181824,998
2024-09-18 09:42:56.173000,408.003379171746,103
2024-09-18 09:42:56.221000,408.006703377758,95
2024-09-18 09:42:56.517000,407.9764715127045,12
2024-09-18 09:42:56.556000,407.9726635817602,7
2024-09-18 09:42:56.612000,407.9913797883469,95
2024-09-18 09:42:56.676000,408.0148538394022,995
2024-09-18 09:42:56.747000,407.9910432997696,999
2024-09-18 09:42:57.016000,408.0130991587953,999
2024-09-18 09:42:57.139000,408.0231515022773,995
2024-09-18 09:42:57.286000,408.0155857544513,997
2024-09-18 09:42:57.406000,408.02311621966953,1003
2024-09-18 09:42:57.446000,408.0199338050699,9
2024-09-18 09:42:57.542000,408.0117301637553,105
2024-09-18 09:42:57.543000,408.0374350115461,1001
2024-09-18 09:42:57.722000,408.0359156279986,101
2024-09-18 09:42:57.847000,408.01416341002,96
2024-09-18 09:42:57.853000,408.0160894938068,995
2024-09-18 09:42:57.884000,408.0386215357145,1000
2024-09-18 09:42:58.007000,408.0801609990829,13
2024-09-18 09:42:58.056000,408.0453426422537,7
2024-09-18 09:42:58.103000,408.0561381067231,100
2024-09-18 09:42:58.282000,408.0611921566657,7
2024-09-18 09:42:58.295000,408.0655109146723,102
2024-09-18 09:42:58.345000,408.1045478818343,1004
2024-09-18 09:42:58.382000,408.0603209806854,15
2024-09-18 09:42:58.383000,408.07346010752747,96
2024-09-18 09:42:58.423000,408.0883525043352,997
2024-09-18 09:42:58.425000,408.0593203090624,999
2024-09-18 09:42:58.458000,408.0279524274196,12
2024-09-18 09:42:58.546000,408.11697572926,12
2024-09-18 09:42:58.552000,408.0766877007479,999
2024-09-18 09:42:58.553000,408.0201735570314,102
2024-09-18 09:42:58.562000,408.0617006677219,102
2024-09-18 09:42:58.700000,408.0852320747102,98
2024-09-18 09:42:58.723000,408.0688706724253,1003
2024-09-18 09:42:58.756000,408.0702574333735,14
2024-09-18 09:42:58.790000,408.06741264918736,997
2024-09-18 09:42:58.794000,408.1014006496321,95
2024-09-18 09:42:58.804000,408.09853376549626,97
2024-09-18 09:42:58.814000,408.07879518732346,997
2024-09-18 09:42:58.842000,408.1289830743905,100
2024-09-18 09:42:58.852000,408.0996554209577,99
2024-09-18 09:42:58.858000,408.06571044731066,95
2024-09-18 09:42:58.865000,408.1332507655693,97
2024-09-18 09:42:58.928000,408.0676541046994,100
2024-09-18 09:42:59.017000,408.0394487579926,95
2024-09-18 09:42:59.021000,408.04179890534505,11
2024-09-18 09:42:59.174000,408.01928143453904,99
2024-09-18 09:42:59.184000,408.0555910901919,14
2024-09-18 09:42:59.288000,408.0656388027173,96
2024-09-18 09:42:59.294000,408.0201393309188,13
2024-09-18 09:42:59.312000,408.0465963467103,1005
2024-09-18 09:42:59.335000,408.0864237995249,104
2024-09-18 09:42:59.399000,408.0685863785869,998
2024-09-18 09:42:59.408000,408.0844227780698,9
2024-09-18 09:42:59.521000,408.0787533541552,95
2024-09-18 09:42:59.551000,408.083051808266,9
2024-09-18 09:42:59.585000,408.09187616633545,8
2024-09-18 09:42:59.684000,408.0925406387088,98
2024-09-18 09:42:59.744000,408.0198447373043,6
2024-09-18 09:42:59.752000,408.02773564766335,1005
2024-09-18 09:42:59.790000,408.00288624124806,104
2024-09-18 09:42:59.812000,408.08358011758105,104
2024-09-18 09:42:59.857000,408.0676549569464,1002
2024-09-18 09:42:59.900000,408.0396580538426,100
2024-09-18 09:42:59.941000,408.027852901759,997
2024-09-18 09:42:59.950000,408.01239873362704,10
2024-09-18 09:42:59.964000,408.0182678953365,1000
