Timestamp,Price,Size
2024-09-17 12:58:00.172000,406.3753135930885,11
2024-09-17 12:58:00.176000,406.3430289124561,998
2024-09-17 12:58:00.398000,406.3544676127251,95
2024-09-17 12:58:00.427000,406.361301309602,100
2024-09-17 12:58:00.529000,406.3678883350097,999
2024-09-17 12:58:00.544000,406.34341237917454,1000
2024-09-17 12:58:00.616000,406.3826635857748,14
2024-09-17 12:58:00.634000,406.3798939787568,95
2024-09-17 12:58:00.637000,406.3539781982475,1003
2024-09-17 12:58:00.691000,406.3608238223532,1005
2024-09-17 12:58:00.744000,406.36128548168114,11
2024-09-17 12:58:00.818000,406.3728709417594,102
2024-09-17 12:58:00.897000,406.3808198535711,96
2024-09-17 12:58:00.898000,406.36513823695634,98
2024-09-17 12:58:00.912000,406.35920761402895,96
2024-09-17 12:58:00.928000,406.37009262591386,11
2024-09-17 12:58:01.002000,406.3627595124116,1004
2024-09-17 12:58:01.008000,406.3588041040671,96
2024-09-17 12:58:01.020000,406.3861188211421,15
2024-09-17 12:58:01.029000,406.4104130286554,101
2024-09-17 12:58:01.047000,406.36792395705794,996
2024-09-17 12:58:01.047000,406.4255148760993,15
2024-09-17 12:58:01.077000,406.3678041097122,1003
2024-09-17 12:58:01.079000,406.359218708805,11
2024-09-17 12:58:01.148000,406.3603657407736,100
2024-09-17 12:58:01.150000,406.3935576998149,100
2024-09-17 12:58:01.175000,406.3616482142157,95
2024-09-17 12:58:01.226000,406.3610762838056,996
2024-09-17 12:58:01.267000,406.3857766527887,102
2024-09-17 12:58:01.272000,406.41652263714855,98
2024-09-17 12:58:01.344000,406.4431612633861,1001
2024-09-17 12:58:01.347000,406.394906888689,11
2024-09-17 12:58:01.473000,406.35908077608775,7
2024-09-17 12:58:01.615000,406.3614147598877,15
2024-09-17 12:58:01.619000,406.34768901536296,8
2024-09-17 12:58:01.623000,406.4417999952884,10
2024-09-17 12:58:01.627000,406.3828652917923,95
2024-09-17 12:58:01.648000,406.4247212680601,11
2024-09-17 12:58:01.706000,406.3567406531448,1003
2024-09-17 12:58:01.728000,406.4249109537957,97
2024-09-17 12:58:01.853000,406.3558286564379,104
2024-09-17 12:58:01.882000,406.398179231189,996
2024-09-17 12:58:01.945000,406.3927286912588,15
2024-09-17 12:58:01.950000,406.3458349750924,100
2024-09-17 12:58:01.960000,406.38364798701343,1001
2024-09-17 12:58:02.029000,406.4070370828961,1000
2024-09-17 12:58:02.046000,406.3777243421191,12
2024-09-17 12:58:02.109000,406.3805052685028,1003
2024-09-17 12:58:02.157000,406.3779982512323,10
2024-09-17 12:58:02.175000,406.37163906221264,7
2024-09-17 12:58:02.290000,406.378218827775,1002
2024-09-17 12:58:02.297000,406.3697562844133,999
2024-09-17 12:58:02.357000,406.39214370687455,998
2024-09-17 12:58:02.410000,406.3725345915851,105
2024-09-17 12:58:02.636000,406.39785848770856,9
2024-09-17 12:58:02.673000,406.3755597835609,96
2024-09-17 12:58:02.726000,406.37786441150143,98
2024-09-17 12:58:02.734000,406.370327367984,13
2024-09-17 12:58:02.775000,406.3757441175796,99
2024-09-17 12:58:02.806000,406.3897406036377,10
2024-09-17 12:58:02.814000,406.3756601420713,101
2024-09-17 12:58:02.882000,406.3872671863253,98
2024-09-17 12:58:02.914000,406.3633195028571,1001
2024-09-17 12:58:02.938000,406.37513783895264,10
2024-09-17 12:58:03.057000,406.3617186573821,1001
2024-09-17 12:58:03.130000,406.3929118125079,96
2024-09-17 12:58:03.296000,406.3719086259365,1003
2024-09-17 12:58:03.374000,406.380462949318,102
2024-09-17 12:58:03.546000,406.3759551667398,1005
2024-09-17 12:58:03.726000,406.3953789728285,104
2024-09-17 12:58:03.796000,406.3989256562196,997
2024-09-17 12:58:03.936000,406.3710580391143,5
2024-09-17 12:58:03.952000,406.3661022176402,8
2024-09-17 12:58:03.954000,406.3745424857598,15
2024-09-17 12:58:03.965000,406.36489097120335,996
2024-09-17 12:58:03.972000,406.3687612208185,97
2024-09-17 12:58:04.057000,406.3742624230617,101
2024-09-17 12:58:04.184000,406.331363005954,13
2024-09-17 12:58:04.215000,406.34691028916046,8
2024-09-17 12:58:04.395000,406.3299458101878,13
2024-09-17 12:58:04.513000,406.3497953459316,100
2024-09-17 12:58:04.522000,406.3527970319403,995
2024-09-17 12:58:04.571000,406.31238287370286,13
2024-09-17 12:58:04.622000,406.32246309831135,10
2024-09-17 12:58:04.756000,406.3377138502707,5
2024-09-17 12:58:04.800000,406.33636337779575,101
2024-09-17 12:58:04.849000,406.356018192411,99
2024-09-17 12:58:04.998000,406.33537455824666,9
2024-09-17 12:58:05.055000,406.3799217924279,100
2024-09-17 12:58:05.152000,406.36065781359537,1004
2024-09-17 12:58:05.161000,406.34098283051713,105
2024-09-17 12:58:05.169000,406.3279011407415,5
2024-09-17 12:58:05.173000,406.3053203726085,105
2024-09-17 12:58:05.359000,406.37079382424815,96
2024-09-17 12:58:05.375000,406.3215191299476,15
2024-09-17 12:58:05.383000,406.3119094324424,99
2024-09-17 12:58:05.387000,406.2912363104983,6
2024-09-17 12:58:05.425000,406.3833781731591,12
2024-09-17 12:58:05.428000,406.30184920375234,997
2024-09-17 12:58:05.486000,406.3787538492971,99
2024-09-17 12:58:05.496000,406.3376034311357,999
2024-09-17 12:58:05.521000,406.3151832165567,8
2024-09-17 12:58:05.525000,406.3484094652571,6
2024-09-17 12:58:05.530000,406.31817151222674,10
2024-09-17 12:58:05.540000,406.3080848293433,5
2024-09-17 12:58:05.547000,406.311221021832,102
2024-09-17 12:58:05.553000,406.3481578748607,10
2024-09-17 12:58:05.670000,406.3085360264754,101
2024-09-17 12:58:05.698000,406.3445206241176,9
2024-09-17 12:58:05.699000,406.3268297362397,999
2024-09-17 12:58:05.798000,406.2960862567134,102
2024-09-17 12:58:05.845000,406.3291020439951,104
2024-09-17 12:58:05.850000,406.3223558373941,103
2024-09-17 12:58:05.850000,406.334397476629,1001
2024-09-17 12:58:05.878000,406.3161603514866,97
2024-09-17 12:58:05.995000,406.33485035343534,97
2024-09-17 12:58:06.155000,406.35196267776894,1000
2024-09-17 12:58:06.287000,406.3219547047398,6
2024-09-17 12:58:06.294000,406.338894674346,1002
2024-09-17 12:58:06.302000,406.2968197979954,97
2024-09-17 12:58:06.310000,406.3313209192522,996
2024-09-17 12:58:06.330000,406.31081177269215,7
2024-09-17 12:58:06.345000,406.3226215148888,15
2024-09-17 12:58:06.407000,406.325511712188,98
2024-09-17 12:58:06.491000,406.3266442360165,10
2024-09-17 12:58:06.511000,406.3032391059138,1004
2024-09-17 12:58:06.563000,406.32126598746015,6
2024-09-17 12:58:06.582000,406.3327315075628,999
2024-09-17 12:58:06.631000,406.3309270475168,7
2024-09-17 12:58:06.683000,406.336981386192,1002
2024-09-17 12:58:06.692000,406.354010161423,996
2024-09-17 12:58:06.707000,406.3526156800885,999
2024-09-17 12:58:06.757000,406.3436424591395,1001
2024-09-17 12:58:06.770000,406.33834372245104,102
2024-09-17 12:58:06.803000,406.3230127432985,998
2024-09-17 12:58:06.814000,406.3353489657563,6
2024-09-17 12:58:06.829000,406.35110763618417,996
2024-09-17 12:58:06.834000,406.3405617423025,1002
2024-09-17 12:58:06.969000,406.30290974368233,100
2024-09-17 12:58:07.014000,406.32213238345815,1002
2024-09-17 12:58:07.184000,406.3421184297098,999
2024-09-17 12:58:07.249000,406.3554395367637,7
2024-09-17 12:58:07.324000,406.368852686949,1004
2024-09-17 12:58:07.327000,406.3568320664365,96
2024-09-17 12:58:07.722000,406.3812460467119,96
2024-09-17 12:58:07.802000,406.3310142117516,7
2024-09-17 12:58:07.830000,406.3124538731253,96
2024-09-17 12:58:07.844000,406.3394993234458,1004
2024-09-17 12:58:07.886000,406.325859428766,12
2024-09-17 12:58:07.952000,406.3524443654367,6
2024-09-17 12:58:08.424000,406.329248484175,6
2024-09-17 12:58:08.594000,406.338308927232,101
2024-09-17 12:58:08.836000,406.3377617477087,99
2024-09-17 12:58:09.012000,406.2878839478788,999
2024-09-17 12:58:09.136000,406.2947429792319,8
2024-09-17 12:58:09.194000,406.3059157753946,12
2024-09-17 12:58:09.269000,406.3446514611006,1005
2024-09-17 12:58:09.285000,406.344764931702,99
2024-09-17 12:58:09.491000,406.3041349497887,1000
2024-09-17 12:58:09.588000,406.3310563685875,14
2024-09-17 12:58:09.667000,406.3013494873962,98
2024-09-17 12:58:09.699000,406.3180432911471,998
2024-09-17 12:58:09.709000,406.3013382753982,8
2024-09-17 12:58:09.994000,406.2927531354821,96
2024-09-17 12:58:10.024000,406.2937229619055,995
2024-09-17 12:58:10.026000,406.2814498949957,5
2024-09-17 12:58:10.106000,406.2811448919465,5
2024-09-17 12:58:10.259000,406.2711432661873,8
2024-09-17 12:58:10.328000,406.250840932653,999
2024-09-17 12:58:10.401000,406.20236315451,104
2024-09-17 12:58:10.498000,406.3091162129262,1004
2024-09-17 12:58:10.537000,406.2219582922824,11
2024-09-17 12:58:10.563000,406.31210202140073,8
2024-09-17 12:58:10.563000,406.2952316986474,100
2024-09-17 12:58:10.682000,406.3137838989496,98
2024-09-17 12:58:10.740000,406.204732948209,1001
2024-09-17 12:58:10.744000,406.2568308938636,101
2024-09-17 12:58:10.779000,406.27126308347846,11
2024-09-17 12:58:10.782000,406.24277548059285,10
2024-09-17 12:58:10.854000,406.3144180736416,96
2024-09-17 12:58:10.911000,406.309013211193,6
2024-09-17 12:58:10.920000,406.2432091155645,1003
2024-09-17 12:58:10.922000,406.3025993027796,10
2024-09-17 12:58:10.994000,406.3135091589226,96
2024-09-17 12:58:11.003000,406.32086560333465,12
2024-09-17 12:58:11.069000,406.3219606287776,7
2024-09-17 12:58:11.217000,406.312105538865,995
2024-09-17 12:58:11.291000,406.3068686372868,6
2024-09-17 12:58:11.295000,406.3233774602487,105
2024-09-17 12:58:11.299000,406.2849162044311,104
2024-09-17 12:58:11.333000,406.3036723186575,104
2024-09-17 12:58:11.392000,406.33859375684233,1005
2024-09-17 12:58:11.417000,406.314440071531,7
2024-09-17 12:58:11.455000,406.3241357389698,1001
2024-09-17 12:58:11.608000,406.32039924950817,96
2024-09-17 12:58:11.751000,406.32008106214334,15
2024-09-17 12:58:11.852000,406.2835712413499,1005
2024-09-17 12:58:11.902000,406.3307873328757,1001
2024-09-17 12:58:11.915000,406.3155181572645,8
2024-09-17 12:58:11.983000,406.3204001757347,1003
2024-09-17 12:58:12.009000,406.380249974848,1002
2024-09-17 12:58:12.212000,406.285572253983,99
2024-09-17 12:58:12.244000,406.3628358650595,105
2024-09-17 12:58:12.475000,406.3252747239847,10
2024-09-17 12:58:12.641000,406.3372644577026,97
2024-09-17 12:58:12.650000,406.255158896248,1003
2024-09-17 12:58:12.744000,406.33133872800073,95
2024-09-17 12:58:12.772000,406.3589299426548,103
2024-09-17 12:58:12.838000,406.3006893932158,9
2024-09-17 12:58:12.858000,406.3116442507,10
2024-09-17 12:58:12.873000,406.3406323378684,98
2024-09-17 12:58:12.930000,406.2925903605525,996
2024-09-17 12:58:12.941000,406.268637811186,996
2024-09-17 12:58:12.950000,406.3804519021869,5
2024-09-17 12:58:13.001000,406.3529373761132,96
2024-09-17 12:58:13.010000,406.44052954339867,98
2024-09-17 12:58:13.015000,406.349150684742,105
2024-09-17 12:58:13.035000,406.36059418702007,96
2024-09-17 12:58:13.058000,406.3483413351523,7
2024-09-17 12:58:13.120000,406.4420551642901,11
2024-09-17 12:58:13.131000,406.3211609868946,105
2024-09-17 12:58:13.239000,406.3398178668257,100
2024-09-17 12:58:13.258000,406.3630538978731,14
2024-09-17 12:58:13.340000,406.4261012091533,10
2024-09-17 12:58:13.388000,406.3799569943358,1004
2024-09-17 12:58:13.437000,406.4012975159404,1001
2024-09-17 12:58:13.439000,406.3636338433327,1005
2024-09-17 12:58:13.461000,406.4070276448507,101
2024-09-17 12:58:13.489000,406.4170683135547,5
2024-09-17 12:58:13.492000,406.40582653880375,996
2024-09-17 12:58:13.519000,406.35072627770273,98
2024-09-17 12:58:13.651000,406.37342043177097,97
2024-09-17 12:58:13.682000,406.31341716449424,1001
2024-09-17 12:58:13.710000,406.390842854067,7
2024-09-17 12:58:13.854000,406.3837430966672,5
2024-09-17 12:58:13.876000,406.3516885611618,105
2024-09-17 12:58:13.895000,406.32552994834094,11
2024-09-17 12:58:13.923000,406.3228427294215,100
2024-09-17 12:58:13.924000,406.3304278251257,999
2024-09-17 12:58:13.960000,406.34024458752185,95
2024-09-17 12:58:14,406.313054680197,15
2024-09-17 12:58:14.064000,406.30478948110834,996
2024-09-17 12:58:14.112000,406.3085591611885,1002
2024-09-17 12:58:14.119000,406.3358049333784,95
2024-09-17 12:58:14.184000,406.3389084847251,1004
2024-09-17 12:58:14.223000,406.3603036946803,101
2024-09-17 12:58:14.224000,406.32674989714326,1005
2024-09-17 12:58:14.268000,406.3325873716995,10
2024-09-17 12:58:14.374000,406.3484137810141,7
2024-09-17 12:58:14.524000,406.3578457929698,99
2024-09-17 12:58:14.637000,406.3601911512325,1000
2024-09-17 12:58:14.746000,406.3629798524877,7
2024-09-17 12:58:14.827000,406.345139615771,997
2024-09-17 12:58:14.902000,406.3414820695161,101
2024-09-17 12:58:14.991000,406.3081691362491,5
2024-09-17 12:58:15.198000,406.298431855085,14
2024-09-17 12:58:15.269000,406.3308834868054,5
2024-09-17 12:58:15.281000,406.304339427028,100
2024-09-17 12:58:15.481000,406.31844481614166,995
2024-09-17 12:58:15.537000,406.29605727393727,1003
2024-09-17 12:58:15.640000,406.301281030449,996
2024-09-17 12:58:15.650000,406.332698901756,1004
2024-09-17 12:58:15.861000,406.3152881002573,101
2024-09-17 12:58:15.953000,406.3175845355322,1003
2024-09-17 12:58:16.007000,406.3368923666008,1004
2024-09-17 12:58:16.139000,406.3293022844397,8
2024-09-17 12:58:16.779000,406.3537595889096,6
2024-09-17 12:58:17.009000,406.3593219510173,996
2024-09-17 12:58:17.027000,406.3522667371837,10
2024-09-17 12:58:17.028000,406.3728676236059,12
2024-09-17 12:58:17.096000,406.37524931637176,1004
2024-09-17 12:58:17.112000,406.3792114533544,1003
2024-09-17 12:58:17.128000,406.3733265154337,13
2024-09-17 12:58:17.152000,406.3831941577328,101
2024-09-17 12:58:17.161000,406.3807249500626,11
2024-09-17 12:58:17.170000,406.3629127151366,9
2024-09-17 12:58:17.240000,406.3451719515079,1004
2024-09-17 12:58:17.249000,406.3655468456048,97
2024-09-17 12:58:17.268000,406.3965509683848,96
2024-09-17 12:58:17.289000,406.3668332776887,999
2024-09-17 12:58:17.309000,406.3594577865207,11
2024-09-17 12:58:17.467000,406.37203634912265,102
2024-09-17 12:58:17.550000,406.3982735724963,1003
2024-09-17 12:58:17.551000,406.3524963324602,9
2024-09-17 12:58:17.592000,406.3797872596132,102
2024-09-17 12:58:17.631000,406.3574325381552,99
2024-09-17 12:58:17.667000,406.3774284592416,95
2024-09-17 12:58:17.736000,406.3792874182541,101
2024-09-17 12:58:17.745000,406.3468251534266,14
2024-09-17 12:58:17.753000,406.36677463417817,1004
2024-09-17 12:58:17.839000,406.35087031498927,95
2024-09-17 12:58:17.847000,406.3689100556627,995
2024-09-17 12:58:17.870000,406.3606413229657,101
2024-09-17 12:58:17.957000,406.395455658603,1004
2024-09-17 12:58:18.134000,406.35895742464766,6
2024-09-17 12:58:18.145000,406.45994049134345,95
2024-09-17 12:58:18.185000,406.3710288882759,96
2024-09-17 12:58:18.192000,406.4405456100037,101
2024-09-17 12:58:18.293000,406.4921818311274,1001
2024-09-17 12:58:18.393000,406.4061497033903,100
2024-09-17 12:58:18.593000,406.4542908002781,1004
2024-09-17 12:58:18.673000,406.3934764763452,11
2024-09-17 12:58:18.680000,406.4187836965178,999
2024-09-17 12:58:18.714000,406.4154195676559,1005
2024-09-17 12:58:18.789000,406.42092655517246,99
2024-09-17 12:58:18.819000,406.4373444586655,14
2024-09-17 12:58:18.826000,406.4139744804498,99
2024-09-17 12:58:18.837000,406.4128738204531,995
2024-09-17 12:58:18.869000,406.43311091832624,95
2024-09-17 12:58:18.976000,406.38702354652105,8
2024-09-17 12:58:18.980000,406.4226549010833,1000
2024-09-17 12:58:18.983000,406.4176435801278,96
2024-09-17 12:58:19.041000,406.4413579146812,99
2024-09-17 12:58:19.052000,406.49081021201096,1005
2024-09-17 12:58:19.086000,406.49049695446536,97
2024-09-17 12:58:19.147000,406.4753964575917,13
2024-09-17 12:58:19.482000,406.42533779845775,1005
2024-09-17 12:58:19.515000,406.45667706096776,102
2024-09-17 12:58:19.580000,406.486164576355,11
2024-09-17 12:58:19.615000,406.4896741851777,15
2024-09-17 12:58:19.671000,406.4460441524769,998
2024-09-17 12:58:19.965000,406.4149705929338,99
2024-09-17 12:58:20.361000,406.4367303447849,999
2024-09-17 12:58:20.408000,406.4761376044892,12
2024-09-17 12:58:20.424000,406.4679510757508,13
2024-09-17 12:58:20.428000,406.4697611381452,9
2024-09-17 12:58:20.564000,406.4563364056275,10
2024-09-17 12:58:20.714000,406.4372253951736,999
2024-09-17 12:58:20.835000,406.46692306914895,1000
2024-09-17 12:58:20.923000,406.4363133455314,5
2024-09-17 12:58:20.945000,406.4766577634376,97
2024-09-17 12:58:21.025000,406.5266395529074,997
2024-09-17 12:58:21.034000,406.4658183355576,12
2024-09-17 12:58:21.110000,406.5239707434753,1000
2024-09-17 12:58:21.280000,406.48813460263335,103
2024-09-17 12:58:21.302000,406.5147244663072,995
2024-09-17 12:58:21.585000,406.5103810782393,99
2024-09-17 12:58:21.600000,406.5132974830029,1001
2024-09-17 12:58:21.601000,406.4984583354972,97
2024-09-17 12:58:21.614000,406.4696684296298,11
2024-09-17 12:58:21.658000,406.5151102206543,12
2024-09-17 12:58:21.666000,406.5070965791148,12
2024-09-17 12:58:21.674000,406.5376100303044,100
2024-09-17 12:58:21.781000,406.5254244669164,12
2024-09-17 12:58:21.794000,406.520791887014,100
2024-09-17 12:58:21.844000,406.51567192783904,99
2024-09-17 12:58:21.877000,406.49645509332737,997
2024-09-17 12:58:21.916000,406.5039049475091,1004
2024-09-17 12:58:21.918000,406.5004364981792,15
2024-09-17 12:58:21.918000,406.5114509569168,102
2024-09-17 12:58:21.951000,406.5049815046007,12
2024-09-17 12:58:22.014000,406.42088428116585,95
2024-09-17 12:58:22.108000,406.4752983097322,5
2024-09-17 12:58:22.115000,406.4688856780787,15
2024-09-17 12:58:22.192000,406.4084085414662,1002
2024-09-17 12:58:22.425000,406.4788306558934,8
2024-09-17 12:58:22.438000,406.453497057589,10
2024-09-17 12:58:22.484000,406.4042260752451,6
2024-09-17 12:58:22.580000,406.4833815792715,99
2024-09-17 12:58:22.736000,406.4244441549946,105
2024-09-17 12:58:22.901000,406.4909689435128,1002
2024-09-17 12:58:22.906000,406.4492996416782,9
2024-09-17 12:58:22.965000,406.4096529292997,97
2024-09-17 12:58:23.070000,406.3125718874773,998
2024-09-17 12:58:23.123000,406.3654673326548,1005
2024-09-17 12:58:23.253000,406.2079552457248,102
2024-09-17 12:58:23.286000,406.2764997354414,998
2024-09-17 12:58:23.386000,406.3364664146386,102
2024-09-17 12:58:23.460000,406.38168671086976,995
2024-09-17 12:58:23.495000,406.3249015642707,13
2024-09-17 12:58:23.501000,406.20778085382784,996
2024-09-17 12:58:23.527000,406.35940094087846,95
2024-09-17 12:58:23.562000,406.3741928803663,9
2024-09-17 12:58:23.612000,406.3103711516673,97
2024-09-17 12:58:23.782000,406.3026290479455,996
2024-09-17 12:58:23.785000,406.2624198001281,7
2024-09-17 12:58:23.872000,406.3458647860938,103
2024-09-17 12:58:23.891000,406.2171669957679,10
2024-09-17 12:58:23.954000,406.2426474034373,10
2024-09-17 12:58:23.967000,406.30413679453375,11
2024-09-17 12:58:23.999000,406.3706864953989,8
2024-09-17 12:58:24.043000,406.2541754751526,1002
2024-09-17 12:58:24.471000,406.2452900689451,7
2024-09-17 12:58:24.586000,406.219955139088,95
2024-09-17 12:58:24.617000,406.2352863145387,1004
2024-09-17 12:58:24.741000,406.25933623612576,102
2024-09-17 12:58:24.782000,406.254068304842,996
2024-09-17 12:58:24.943000,406.24202609366034,95
2024-09-17 12:58:25.010000,406.11316185289513,5
2024-09-17 12:58:25.035000,406.24113380203545,10
2024-09-17 12:58:25.044000,406.17566373382016,12
2024-09-17 12:58:25.050000,406.1096440517912,13
2024-09-17 12:58:25.105000,406.169167217419,6
2024-09-17 12:58:25.164000,406.1127919440568,9
2024-09-17 12:58:25.165000,406.22361734313904,998
2024-09-17 12:58:25.189000,406.1494626285496,1001
2024-09-17 12:58:25.200000,406.1294862409219,6
2024-09-17 12:58:25.205000,406.1561175321847,996
2024-09-17 12:58:25.229000,406.1092620639696,5
2024-09-17 12:58:25.276000,406.1702717953447,999
2024-09-17 12:58:25.344000,406.2143905320215,97
2024-09-17 12:58:25.353000,406.2152548947476,997
2024-09-17 12:58:25.491000,406.2098083718222,12
2024-09-17 12:58:25.504000,406.1435379188488,15
2024-09-17 12:58:25.523000,406.17782257726327,101
2024-09-17 12:58:25.771000,406.12521739957606,96
2024-09-17 12:58:25.787000,406.1346312300672,103
2024-09-17 12:58:25.827000,406.1385486972743,101
2024-09-17 12:58:25.846000,406.12537894276096,101
2024-09-17 12:58:25.887000,406.14597281251656,1005
2024-09-17 12:58:25.909000,406.1599099873585,997
2024-09-17 12:58:25.960000,406.1582062709102,6
2024-09-17 12:58:25.976000,406.1970829319169,995
2024-09-17 12:58:25.996000,406.1768940058655,1003
2024-09-17 12:58:26.023000,406.0321012516618,996
2024-09-17 12:58:26.119000,406.0841430380007,999
2024-09-17 12:58:26.165000,406.0921131048895,103
2024-09-17 12:58:26.241000,406.0583652776231,998
2024-09-17 12:58:26.323000,406.0985671500353,96
2024-09-17 12:58:26.395000,406.1292600073616,998
2024-09-17 12:58:26.396000,406.1206732805882,1001
2024-09-17 12:58:26.410000,406.0591963503768,10
2024-09-17 12:58:26.451000,406.0615180312364,14
2024-09-17 12:58:26.557000,406.13225029848206,95
2024-09-17 12:58:26.731000,406.0632489348653,14
2024-09-17 12:58:26.871000,406.0683599658783,1005
2024-09-17 12:58:27.377000,406.0121701294707,1005
2024-09-17 12:58:27.401000,405.9975271124056,96
2024-09-17 12:58:27.442000,405.9771797689276,995
2024-09-17 12:58:27.526000,406.0265413780751,105
2024-09-17 12:58:27.535000,405.9888034923525,7
2024-09-17 12:58:27.631000,406.020375165774,995
2024-09-17 12:58:27.825000,406.0304676082858,9
2024-09-17 12:58:27.862000,405.9836664897917,96
2024-09-17 12:58:28.016000,406.0105639775773,995
2024-09-17 12:58:28.048000,405.9874501929453,1002
2024-09-17 12:58:28.075000,405.9938379156522,103
2024-09-17 12:58:28.078000,406.0023988396183,995
2024-09-17 12:58:28.160000,405.99569332611605,997
2024-09-17 12:58:28.175000,405.98600624376746,104
2024-09-17 12:58:28.179000,405.96988629992734,96
2024-09-17 12:58:28.185000,405.96397304172194,995
2024-09-17 12:58:28.205000,406.01529732242193,1001
2024-09-17 12:58:28.238000,405.9965140937341,997
2024-09-17 12:58:28.279000,405.9925946045192,11
2024-09-17 12:58:28.350000,406.01991069675387,98
2024-09-17 12:58:28.470000,406.0069080597894,1005
2024-09-17 12:58:28.475000,405.97489513470623,5
2024-09-17 12:58:28.480000,405.9950216249167,12
2024-09-17 12:58:28.607000,406.01608474412575,7
2024-09-17 12:58:28.622000,406.0223855989515,9
2024-09-17 12:58:28.628000,405.9747929106989,95
2024-09-17 12:58:28.665000,406.0087199420972,11
2024-09-17 12:58:28.690000,406.0139684007192,8
2024-09-17 12:58:28.716000,405.95608076006334,99
2024-09-17 12:58:28.745000,405.982343863322,1001
2024-09-17 12:58:28.781000,405.96747413191736,102
2024-09-17 12:58:28.833000,406.0031735386186,995
2024-09-17 12:58:28.925000,405.97694630296206,105
2024-09-17 12:58:28.935000,405.99776286357,1000
2024-09-17 12:58:28.954000,405.9889763536232,100
2024-09-17 12:58:28.979000,405.9814682921655,1001
2024-09-17 12:58:31.175000,406.0226335293142,997
2024-09-17 12:58:31.180000,406.0288674288233,1003
2024-09-17 12:58:31.491000,406.01161271465634,6
2024-09-17 12:58:31.499000,406.02342470007255,10
2024-09-17 12:58:31.567000,405.9942801588574,8
2024-09-17 12:58:31.593000,405.99905984447634,95
2024-09-17 12:58:31.686000,406.00148579118985,1004
2024-09-17 12:58:31.698000,406.0012568894255,7
2024-09-17 12:58:31.725000,406.0136768340183,14
2024-09-17 12:58:31.796000,406.0187104698604,99
2024-09-17 12:58:31.804000,406.0167312899748,12
2024-09-17 12:58:31.892000,406.006500683109,1001
2024-09-17 12:58:31.908000,406.0267570957,999
2024-09-17 12:58:32.049000,405.99857004901327,1001
2024-09-17 12:58:32.097000,405.9428608299624,95
2024-09-17 12:58:32.118000,405.9787632583155,10
2024-09-17 12:58:32.130000,405.9779078223299,101
2024-09-17 12:58:32.169000,405.956562588526,100
2024-09-17 12:58:32.209000,405.9905433248637,8
2024-09-17 12:58:32.278000,405.9668150423503,96
2024-09-17 12:58:32.353000,405.9991416135808,1005
2024-09-17 12:58:32.361000,405.9647400602109,102
2024-09-17 12:58:32.369000,405.94730509913353,105
2024-09-17 12:58:32.422000,405.9674598560488,105
2024-09-17 12:58:32.561000,405.97757305709047,7
2024-09-17 12:58:32.612000,405.9756988690784,8
2024-09-17 12:58:32.664000,405.9387248098081,5
2024-09-17 12:58:32.677000,405.9577881393896,96
2024-09-17 12:58:32.836000,405.9333697053336,104
2024-09-17 12:58:32.926000,405.9804607931166,11
2024-09-17 12:58:32.943000,406.0022782979864,9
2024-09-17 12:58:32.971000,405.970339471258,7
2024-09-17 12:58:32.972000,405.9855923031734,10
2024-09-17 12:58:32.981000,405.9907743296614,1003
2024-09-17 12:58:33.282000,405.9598775830211,1002
2024-09-17 12:58:33.823000,405.97855041816,102
2024-09-17 12:58:33.884000,405.9563512467061,102
2024-09-17 12:58:34.011000,406.0285721293231,15
2024-09-17 12:58:34.044000,406.0071264970421,5
2024-09-17 12:58:34.055000,406.0005408274044,103
2024-09-17 12:58:34.075000,405.9858448469856,1001
2024-09-17 12:58:34.101000,405.9826041981847,1003
2024-09-17 12:58:34.109000,406.0013902558854,14
2024-09-17 12:58:34.140000,405.96711900308304,1005
2024-09-17 12:58:34.165000,405.9816138389455,996
2024-09-17 12:58:34.187000,405.9929023844196,8
2024-09-17 12:58:34.222000,406.0018883646813,8
2024-09-17 12:58:34.341000,406.0063199923001,101
2024-09-17 12:58:34.343000,406.0179193300533,995
2024-09-17 12:58:34.481000,405.9785075435987,103
2024-09-17 12:58:34.485000,405.9834947020074,1005
2024-09-17 12:58:34.506000,405.98910266566605,8
2024-09-17 12:58:34.518000,405.9926787370184,101
2024-09-17 12:58:34.594000,406.00800977725146,8
2024-09-17 12:58:34.661000,405.9755624081874,12
2024-09-17 12:58:34.679000,406.0129145412274,6
2024-09-17 12:58:34.714000,405.97475016319305,1001
2024-09-17 12:58:34.728000,405.9836719237423,997
2024-09-17 12:58:34.811000,405.98456957489583,96
2024-09-17 12:58:34.891000,406.0163878387275,999
2024-09-17 12:58:34.907000,405.9906729886463,1002
2024-09-17 12:58:34.943000,406.0158133286504,1001
2024-09-17 12:58:35.020000,405.9389139667032,14
2024-09-17 12:58:35.077000,405.9141782190397,996
2024-09-17 12:58:35.100000,406.0062571806778,998
2024-09-17 12:58:35.279000,405.9389357730016,15
2024-09-17 12:58:35.299000,405.9526982702719,1000
2024-09-17 12:58:35.316000,405.9268616091804,95
2024-09-17 12:58:35.328000,405.92930452676165,6
2024-09-17 12:58:35.329000,405.9334427612234,1003
2024-09-17 12:58:35.386000,405.9433537082985,999
2024-09-17 12:58:35.421000,405.9272637183615,1000
2024-09-17 12:58:35.535000,406.0018470877693,12
2024-09-17 12:58:35.549000,405.94150118262553,1000
2024-09-17 12:58:35.645000,405.9392284441523,8
2024-09-17 12:58:35.698000,405.9920590047234,12
2024-09-17 12:58:35.824000,405.9414224971527,7
2024-09-17 12:58:35.828000,405.95037037667566,99
2024-09-17 12:58:35.955000,405.9748993111767,999
2024-09-17 12:58:37.058000,405.87354722874034,8
2024-09-17 12:58:37.063000,405.86652143311625,97
2024-09-17 12:58:37.114000,405.8825231017192,1005
2024-09-17 12:58:37.260000,405.8779445752264,1003
2024-09-17 12:58:37.313000,405.8857161907386,102
2024-09-17 12:58:37.327000,405.8919963748619,1000
2024-09-17 12:58:37.347000,405.8867058035961,98
2024-09-17 12:58:37.349000,405.8802920655142,1002
2024-09-17 12:58:37.420000,405.8743737033542,996
2024-09-17 12:58:37.427000,405.8555759010645,95
2024-09-17 12:58:37.431000,405.8747359943696,100
2024-09-17 12:58:37.463000,405.88374522399454,8
2024-09-17 12:58:37.476000,405.8781790720265,998
2024-09-17 12:58:37.577000,405.86983522709295,95
2024-09-17 12:58:37.578000,405.9032844475352,98
2024-09-17 12:58:37.605000,405.9103953504932,95
2024-09-17 12:58:37.607000,405.8800856541483,997
2024-09-17 12:58:37.610000,405.913265720293,12
2024-09-17 12:58:37.749000,405.8954677055897,1004
2024-09-17 12:58:37.755000,405.9203664383618,998
2024-09-17 12:58:37.799000,405.9063745077859,99
2024-09-17 12:58:37.932000,405.8631552491078,11
2024-09-17 12:58:37.976000,405.9066894831464,102
2024-09-17 12:58:38.225000,405.93030249005255,996
2024-09-17 12:58:38.342000,405.9393711618352,10
2024-09-17 12:58:38.400000,405.8843328928047,1005
2024-09-17 12:58:38.476000,405.8831974661549,1002
2024-09-17 12:58:38.519000,405.8906628815864,11
2024-09-17 12:58:38.529000,405.8950219229698,11
2024-09-17 12:58:38.607000,405.9066915993994,1004
2024-09-17 12:58:38.916000,405.93934911177297,1004
2024-09-17 12:58:38.977000,405.8894789587915,101
2024-09-17 12:58:38.989000,405.9329979221101,97
2024-09-17 12:58:39.144000,405.9931400876548,10
2024-09-17 12:58:39.206000,405.9548839334457,95
2024-09-17 12:58:39.207000,405.9728943970418,997
2024-09-17 12:58:39.237000,405.968797724248,100
2024-09-17 12:58:39.298000,405.9810207651788,103
2024-09-17 12:58:39.545000,405.968930171562,10
2024-09-17 12:58:39.577000,405.9684310706571,1001
2024-09-17 12:58:39.719000,405.95473517341264,1000
2024-09-17 12:58:39.967000,405.9865143658776,8
2024-09-17 12:58:40.022000,405.9787789585652,6
2024-09-17 12:58:40.062000,405.9805250481958,1002
2024-09-17 12:58:40.224000,406.0083028026692,105
2024-09-17 12:58:40.228000,406.0019715761797,101
2024-09-17 12:58:40.249000,405.98484550349343,100
2024-09-17 12:58:40.349000,405.98085953501896,99
2024-09-17 12:58:40.430000,405.9922173593524,996
2024-09-17 12:58:40.462000,405.98691595358457,10
2024-09-17 12:58:40.469000,405.9776317947449,100
2024-09-17 12:58:40.537000,405.9637688689538,15
2024-09-17 12:58:40.547000,405.9711710054142,995
2024-09-17 12:58:40.566000,405.9718160661304,97
2024-09-17 12:58:40.685000,405.9925814464317,13
2024-09-17 12:58:40.705000,406.006255574588,7
2024-09-17 12:58:40.730000,405.99282037174976,100
2024-09-17 12:58:40.954000,405.9811419993524,7
2024-09-17 12:58:40.980000,406.0066659289319,96
2024-09-17 12:58:41.070000,405.95686783837937,9
2024-09-17 12:58:41.204000,406.0242601369841,15
2024-09-17 12:58:41.266000,405.9812888316783,1000
2024-09-17 12:58:41.534000,405.9589550660703,6
2024-09-17 12:58:41.544000,405.9680848540536,998
2024-09-17 12:58:41.654000,405.9561239292241,1004
2024-09-17 12:58:41.666000,405.9558892553373,14
2024-09-17 12:58:41.718000,405.9495786223544,13
2024-09-17 12:58:41.738000,406.0083000376224,996
2024-09-17 12:58:41.786000,405.97126008600543,7
2024-09-17 12:58:41.849000,405.9987688929608,99
2024-09-17 12:58:41.866000,405.96590506623727,1000
2024-09-17 12:58:41.986000,405.9777187050371,10
2024-09-17 12:58:41.989000,406.0001077252416,1004
2024-09-17 12:58:42.054000,405.951223987996,9
2024-09-17 12:58:42.056000,405.9393416597721,13
2024-09-17 12:58:42.133000,405.95608742836055,10
2024-09-17 12:58:42.188000,405.9644675835393,104
2024-09-17 12:58:42.191000,405.9612791194919,996
2024-09-17 12:58:42.217000,405.955891099794,13
2024-09-17 12:58:42.265000,405.950850147328,1002
2024-09-17 12:58:42.266000,405.95012195009656,102
2024-09-17 12:58:42.281000,405.9517708065767,1003
2024-09-17 12:58:42.301000,405.9368638597812,1001
2024-09-17 12:58:42.408000,405.9635276906706,104
2024-09-17 12:58:42.423000,405.9507971746066,103
2024-09-17 12:58:42.426000,405.9408876407484,996
2024-09-17 12:58:42.520000,405.9454996283446,14
2024-09-17 12:58:42.522000,405.9663415464501,11
2024-09-17 12:58:42.705000,405.940321020918,6
2024-09-17 12:58:42.848000,405.94243223862406,100
2024-09-17 12:58:42.934000,405.9486863460061,105
2024-09-17 12:58:42.937000,405.9452607542927,15
2024-09-17 12:58:43.075000,405.927520536995,95
2024-09-17 12:58:43.202000,405.8805192349137,995
2024-09-17 12:58:43.272000,405.9093500743872,98
2024-09-17 12:58:43.472000,405.9416470515046,101
2024-09-17 12:58:43.622000,405.9620813808612,997
2024-09-17 12:58:43.696000,405.8933473848198,995
2024-09-17 12:58:43.753000,405.9292368031676,101
2024-09-17 12:58:43.826000,405.8966832327729,13
2024-09-17 12:58:45.042000,405.8862112342034,99
2024-09-17 12:58:45.068000,405.9239992277007,9
2024-09-17 12:58:45.093000,405.9266031057013,9
2024-09-17 12:58:45.093000,405.9252547817287,103
2024-09-17 12:58:45.100000,405.868391465436,11
2024-09-17 12:58:45.120000,405.8761465980111,6
2024-09-17 12:58:45.128000,405.87079142259927,98
2024-09-17 12:58:45.163000,405.8817146154297,5
2024-09-17 12:58:45.180000,405.8860957743677,1002
2024-09-17 12:58:45.189000,405.8780862774109,95
2024-09-17 12:58:45.252000,405.8753989951649,999
2024-09-17 12:58:45.290000,405.9156654231964,5
2024-09-17 12:58:45.323000,405.9423678283885,98
2024-09-17 12:58:45.350000,405.9205056687242,10
2024-09-17 12:58:45.354000,405.9187931346991,1000
2024-09-17 12:58:45.507000,405.9070549980939,1005
2024-09-17 12:58:45.542000,405.8659984141677,1005
2024-09-17 12:58:45.694000,405.867749275839,104
2024-09-17 12:58:45.773000,405.8837638338067,997
2024-09-17 12:58:45.790000,405.9081692094278,100
2024-09-17 12:58:45.823000,405.8989409526418,12
2024-09-17 12:58:45.954000,405.9075450350728,101
2024-09-17 12:58:45.957000,405.8749465899407,102
2024-09-17 12:58:46.656000,405.91314182282105,14
2024-09-17 12:58:47.026000,405.9105020854876,996
2024-09-17 12:58:47.027000,405.9263420127924,104
2024-09-17 12:58:47.265000,405.90791484755545,996
2024-09-17 12:58:47.298000,405.92881755999406,98
2024-09-17 12:58:47.340000,405.9189510250996,8
2024-09-17 12:58:47.393000,405.9306756903338,995
2024-09-17 12:58:47.641000,405.89994312458657,6
2024-09-17 12:58:47.699000,405.9416819141671,100
2024-09-17 12:58:47.757000,405.9202237613795,1003
2024-09-17 12:58:47.838000,405.8930111366219,102
2024-09-17 12:58:47.961000,405.9120603935102,1004
2024-09-17 12:58:47.976000,405.9159491013469,7
2024-09-17 12:58:48.094000,405.9153718614611,101
2024-09-17 12:58:48.098000,405.9403042699505,15
2024-09-17 12:58:48.236000,405.9238865999346,10
2024-09-17 12:58:48.238000,405.9287814539995,996
2024-09-17 12:58:48.239000,405.9136096401442,999
2024-09-17 12:58:48.264000,405.9169762028821,97
2024-09-17 12:58:48.317000,405.9361177914264,101
2024-09-17 12:58:48.333000,405.9036649508226,998
2024-09-17 12:58:48.541000,405.90016040089074,998
2024-09-17 12:58:48.609000,405.89273452491335,98
2024-09-17 12:58:48.681000,405.9242239139847,999
2024-09-17 12:58:48.722000,405.9222087416537,97
2024-09-17 12:58:48.843000,405.89689096156366,7
2024-09-17 12:58:48.865000,405.8985648164143,9
2024-09-17 12:58:50.031000,405.9362804625965,11
2024-09-17 12:58:50.038000,405.93684719946833,14
2024-09-17 12:58:50.043000,405.9351211985422,103
2024-09-17 12:58:50.078000,405.9184800697639,10
2024-09-17 12:58:50.274000,405.9029206057411,1000
2024-09-17 12:58:50.469000,405.9164311923887,11
2024-09-17 12:58:50.516000,405.9474867521158,8
2024-09-17 12:58:50.631000,405.9345041440818,96
2024-09-17 12:58:50.711000,405.918404467639,1000
2024-09-17 12:58:51.011000,405.9479755837061,96
2024-09-17 12:58:51.069000,405.9678404051424,104
2024-09-17 12:58:51.072000,405.934349909165,100
2024-09-17 12:58:51.179000,405.9353017725073,8
2024-09-17 12:58:51.225000,405.94595566365086,1005
2024-09-17 12:58:51.247000,405.9753285252016,995
2024-09-17 12:58:51.325000,405.9573302552981,98
2024-09-17 12:58:51.399000,405.95262027822776,1003
2024-09-17 12:58:51.475000,405.97067066313866,6
2024-09-17 12:58:51.496000,405.97229259094615,998
2024-09-17 12:58:51.548000,405.92430103939904,998
2024-09-17 12:58:51.561000,405.9189263292735,96
2024-09-17 12:58:51.566000,405.9286000564879,97
2024-09-17 12:58:51.585000,405.9288591072389,1003
2024-09-17 12:58:51.624000,405.9480384027427,1002
2024-09-17 12:58:51.679000,405.9539150694067,15
2024-09-17 12:58:51.687000,405.8994975122055,5
2024-09-17 12:58:51.694000,405.9583388702407,1002
2024-09-17 12:58:51.752000,405.9737717470352,9
2024-09-17 12:58:51.889000,405.9055015029989,6
2024-09-17 12:58:53.024000,405.9696334047026,995
2024-09-17 12:58:53.109000,405.9286665496012,995
2024-09-17 12:58:53.148000,405.92160841758,97
2024-09-17 12:58:53.154000,405.9893213511104,1004
2024-09-17 12:58:53.198000,405.92293369273466,8
2024-09-17 12:58:53.202000,405.9528103708381,6
2024-09-17 12:58:53.232000,405.9184027166408,97
2024-09-17 12:58:53.260000,405.9564724096477,999
2024-09-17 12:58:53.289000,405.9188706106329,99
2024-09-17 12:58:53.301000,405.9176446108652,102
2024-09-17 12:58:53.340000,405.9313415316297,1003
2024-09-17 12:58:53.364000,405.9454293780608,7
2024-09-17 12:58:53.486000,405.92520925617134,98
2024-09-17 12:58:53.512000,405.944398139423,99
2024-09-17 12:58:53.565000,405.9409139593709,6
2024-09-17 12:58:53.568000,405.9405229528689,101
2024-09-17 12:58:53.583000,405.9626860296796,1001
2024-09-17 12:58:53.613000,405.9132309351096,6
2024-09-17 12:58:53.620000,405.929481828088,97
2024-09-17 12:58:53.674000,405.9385225298603,103
2024-09-17 12:58:53.684000,405.9143725373469,13
2024-09-17 12:58:53.692000,405.9558462309475,105
2024-09-17 12:58:53.703000,405.9343709180399,10
2024-09-17 12:58:53.709000,405.9114525441581,101
2024-09-17 12:58:53.815000,405.92509704965806,103
2024-09-17 12:58:53.816000,405.9284781012201,9
2024-09-17 12:58:53.844000,405.9651023178925,13
2024-09-17 12:58:53.860000,405.9645364232581,1003
2024-09-17 12:58:53.887000,405.969740144,104
2024-09-17 12:58:53.897000,405.9284968708115,98
2024-09-17 12:58:54.022000,406.02555893455104,13
2024-09-17 12:58:54.179000,406.0335292673551,99
2024-09-17 12:58:54.231000,406.01452372600494,1003
2024-09-17 12:58:54.260000,406.0194144900248,96
2024-09-17 12:58:54.292000,406.0474484298431,13
2024-09-17 12:58:54.346000,405.976261985666,999
2024-09-17 12:58:54.363000,406.0002942923968,104
2024-09-17 12:58:54.524000,405.9924248045192,10
2024-09-17 12:58:54.548000,406.0321390333557,1000
2024-09-17 12:58:54.590000,406.0520850019074,14
2024-09-17 12:58:54.820000,406.0410380623335,100
2024-09-17 12:58:54.828000,406.0381889163629,101
2024-09-17 12:58:54.998000,405.97065725513306,99
2024-09-17 12:58:55.136000,405.9856110238077,996
2024-09-17 12:58:55.764000,405.99538423456414,999
2024-09-17 12:58:56.265000,406.02708494918033,98
2024-09-17 12:58:56.295000,405.991991662863,996
2024-09-17 12:58:56.449000,405.996044665233,98
2024-09-17 12:58:56.458000,406.0008974405393,98
2024-09-17 12:58:56.510000,405.9825023604732,9
2024-09-17 12:58:56.512000,406.0099412298857,100
2024-09-17 12:58:56.588000,406.0056981427549,97
2024-09-17 12:58:56.596000,405.9876982566398,6
2024-09-17 12:58:56.668000,405.9830766649868,8
2024-09-17 12:58:56.693000,406.0176935410313,1003
2024-09-17 12:58:56.808000,406.04158433786455,999
2024-09-17 12:58:56.849000,406.018799193428,1001
2024-09-17 12:58:56.857000,405.9989683452849,5
2024-09-17 12:58:56.873000,406.0297410499924,1005
2024-09-17 12:58:56.905000,406.0012820035557,1004
2024-09-17 12:58:56.911000,406.0230189405016,104
2024-09-17 12:58:56.913000,406.0090621909726,998
2024-09-17 12:58:56.968000,406.0025419158704,101
2024-09-17 12:58:56.988000,405.992222015163,1001
2024-09-17 12:58:57.044000,406.03971684993166,7
2024-09-17 12:58:57.071000,406.0233836350135,101
2024-09-17 12:58:57.090000,406.0055673428621,15
2024-09-17 12:58:57.101000,405.9712666385627,5
2024-09-17 12:58:57.122000,406.0366478267327,1004
2024-09-17 12:58:57.166000,406.0004799939237,11
2024-09-17 12:58:57.265000,405.9678878751622,1004
2024-09-17 12:58:57.265000,406.015821464478,9
2024-09-17 12:58:57.313000,406.0180459007003,1002
2024-09-17 12:58:57.356000,406.0097893371249,98
2024-09-17 12:58:57.358000,406.0062813377983,998
2024-09-17 12:58:57.458000,406.0262579396263,7
2024-09-17 12:58:57.498000,406.0250878012474,96
2024-09-17 12:58:57.524000,405.9881226256451,1000
2024-09-17 12:58:57.544000,405.97970379764274,11
2024-09-17 12:58:57.564000,406.0120503773111,1003
2024-09-17 12:58:57.670000,406.02141720503056,13
2024-09-17 12:58:57.704000,406.0184409486057,6
2024-09-17 12:58:57.987000,406.0171143717213,1004
2024-09-17 12:58:58.040000,405.9497479015126,13
2024-09-17 12:58:58.084000,405.9595960395481,1004
2024-09-17 12:58:58.106000,406.0221022769358,997
2024-09-17 12:58:58.121000,405.9944245511968,99
2024-09-17 12:58:58.219000,405.9858711410566,99
2024-09-17 12:58:58.267000,406.0375913711829,1004
2024-09-17 12:58:58.326000,406.0242523910371,7
2024-09-17 12:58:58.411000,406.0009784217591,12
2024-09-17 12:58:58.422000,406.0049079274984,997
2024-09-17 12:58:58.454000,406.01054095233786,99
2024-09-17 12:58:58.490000,406.0275318056241,10
2024-09-17 12:58:58.532000,406.0043406645052,101
2024-09-17 12:58:58.580000,406.0070665835266,14
2024-09-17 12:58:58.602000,405.95351391136126,996
2024-09-17 12:58:58.786000,405.9880006151109,997
2024-09-17 12:58:58.801000,406.0014643725533,996
2024-09-17 12:58:58.834000,405.9596050484586,1003
2024-09-17 12:58:58.935000,406.0136372509816,96
2024-09-17 12:58:58.973000,405.9765616986205,99
2024-09-17 12:58:58.999000,406.0262344191126,7
2024-09-17 12:58:59.050000,406.0579177500885,105
2024-09-17 12:58:59.050000,406.0594213259377,999
2024-09-17 12:58:59.060000,406.0379468156869,12
2024-09-17 12:58:59.063000,406.0319047928607,97
2024-09-17 12:58:59.124000,406.03061532680846,105
2024-09-17 12:58:59.139000,406.0264226828589,101
2024-09-17 12:58:59.192000,406.0278867290708,1000
2024-09-17 12:58:59.198000,405.9965501171625,103
2024-09-17 12:58:59.213000,406.018573447667,997
2024-09-17 12:58:59.238000,406.0523394769586,998
2024-09-17 12:58:59.252000,406.0589713572138,5
2024-09-17 12:58:59.356000,406.0463171602219,15
2024-09-17 12:58:59.402000,406.04684805572685,12
2024-09-17 12:58:59.469000,406.0764929515958,105
2024-09-17 12:58:59.552000,406.0366187320421,9
2024-09-17 12:58:59.585000,406.0820267678152,1001
2024-09-17 12:58:59.609000,406.060167310441,12
2024-09-17 12:58:59.674000,406.0820230958811,99
2024-09-17 12:58:59.692000,406.0234470770523,10
2024-09-17 12:58:59.899000,406.0294195800758,98
2024-09-17 12:58:59.923000,406.0490618589843,105
