Timestamp,Price,Size
2024-09-18 15:23:00.076000,416.9104354546359,5
2024-09-18 15:23:00.123000,416.8829279268229,1005
2024-09-18 15:23:00.143000,416.8691870517752,6
2024-09-18 15:23:00.298000,416.88322130372967,9
2024-09-18 15:23:00.317000,416.9083312094495,8
2024-09-18 15:23:00.330000,416.8645188951294,5
2024-09-18 15:23:00.337000,416.9458076217696,11
2024-09-18 15:23:00.414000,416.9360081309002,104
2024-09-18 15:23:00.451000,416.8792157437264,1003
2024-09-18 15:23:00.561000,416.97759912131824,102
2024-09-18 15:23:00.617000,416.9754993469314,98
2024-09-18 15:23:00.634000,416.8653140986793,11
2024-09-18 15:23:00.658000,416.8875845611616,99
2024-09-18 15:23:00.659000,416.981614799884,104
2024-09-18 15:23:00.673000,416.9843222971396,1000
2024-09-18 15:23:00.674000,416.9083576267552,1000
2024-09-18 15:23:00.677000,416.8732299651131,12
2024-09-18 15:23:00.738000,416.88961207598624,101
2024-09-18 15:23:00.767000,416.9629476484964,995
2024-09-18 15:23:00.776000,416.9166496188161,102
2024-09-18 15:23:00.779000,416.87409142917886,99
2024-09-18 15:23:00.869000,416.8646247613386,8
2024-09-18 15:23:00.948000,416.9555571371491,14
2024-09-18 15:23:01.014000,416.88170165840273,13
2024-09-18 15:23:01.163000,416.8748871599712,12
2024-09-18 15:23:01.240000,416.88509432354914,11
2024-09-18 15:23:01.241000,416.8836849424862,10
2024-09-18 15:23:01.315000,416.8845846138639,13
2024-09-18 15:23:01.388000,416.881147001818,95
2024-09-18 15:23:01.562000,416.8852292840607,11
2024-09-18 15:23:01.637000,416.8601615582181,99
2024-09-18 15:23:01.652000,416.883948482848,97
2024-09-18 15:23:02.297000,416.83615379547496,101
2024-09-18 15:23:02.376000,416.824125061238,15
2024-09-18 15:23:02.488000,416.818546350601,6
2024-09-18 15:23:02.800000,416.8094853767505,11
2024-09-18 15:23:02.851000,416.8284389872077,15
2024-09-18 15:23:02.866000,416.85158193456346,97
2024-09-18 15:23:02.910000,416.8038431265927,997
2024-09-18 15:23:02.979000,416.8370281784772,1004
2024-09-18 15:23:03.455000,416.8104298983684,1000
2024-09-18 15:23:04.130000,416.81635337483954,102
2024-09-18 15:23:04.338000,416.8382504242501,1003
2024-09-18 15:23:04.515000,416.8297484638293,8
2024-09-18 15:23:04.637000,416.8398183436845,11
2024-09-18 15:23:05.004000,416.8283869992344,8
2024-09-18 15:23:05.066000,416.81317046768976,7
2024-09-18 15:23:05.421000,416.8155664031329,11
2024-09-18 15:23:05.550000,416.830535251408,15
2024-09-18 15:23:05.616000,416.8244974273627,8
2024-09-18 15:23:05.618000,416.8233886053463,998
2024-09-18 15:23:05.803000,416.8347595388376,105
2024-09-18 15:23:05.978000,416.8130004186304,103
2024-09-18 15:23:06.045000,416.82324144278647,1005
2024-09-18 15:23:06.067000,416.8415840243112,102
2024-09-18 15:23:06.159000,416.88810525785465,7
2024-09-18 15:23:06.230000,416.8165558301161,15
2024-09-18 15:23:06.236000,416.8215108629293,8
2024-09-18 15:23:06.241000,416.8876506342458,98
2024-09-18 15:23:06.244000,416.8479543901252,996
2024-09-18 15:23:06.257000,416.8526122344037,999
2024-09-18 15:23:06.337000,416.8222331835211,97
2024-09-18 15:23:06.372000,416.8496638087144,999
2024-09-18 15:23:06.465000,416.8411178317262,95
2024-09-18 15:23:06.491000,416.8098318370297,1005
2024-09-18 15:23:06.558000,416.81134182788605,10
2024-09-18 15:23:06.560000,416.9114651284755,99
2024-09-18 15:23:06.587000,416.8121848044341,14
2024-09-18 15:23:06.687000,416.8305171038532,101
2024-09-18 15:23:06.689000,416.815032961369,96
2024-09-18 15:23:06.712000,416.91200918732,7
2024-09-18 15:23:06.721000,410.230325344239,11
2024-09-18 15:23:06.749000,416.80268501848616,6
2024-09-18 15:23:06.784000,416.8221309042551,8
2024-09-18 15:23:06.881000,416.87010763911206,998
2024-09-18 15:23:06.907000,416.8540271850108,1003
2024-09-18 15:23:06.926000,416.9212991287615,9
2024-09-18 15:23:07.087000,416.8873309089983,14
2024-09-18 15:23:07.126000,416.8501659656885,998
2024-09-18 15:23:07.271000,416.8609039716158,1004
2024-09-18 15:23:07.327000,416.873314126968,1001
2024-09-18 15:23:07.382000,410.221080779566,12
2024-09-18 15:23:07.450000,416.8753177855065,103
2024-09-18 15:23:07.451000,416.90670507872113,997
2024-09-18 15:23:07.467000,416.865675176252,96
2024-09-18 15:23:07.477000,416.8895239321008,9
2024-09-18 15:23:07.542000,416.8797046578814,14
2024-09-18 15:23:07.592000,416.868442834989,101
2024-09-18 15:23:07.600000,416.82463288005175,995
2024-09-18 15:23:07.628000,416.8672678620889,9
2024-09-18 15:23:07.635000,416.84689056484734,105
2024-09-18 15:23:07.649000,416.8621469250041,1005
2024-09-18 15:23:07.661000,416.863754978686,7
2024-09-18 15:23:07.684000,416.8888786930836,999
2024-09-18 15:23:07.705000,416.82940391863,14
2024-09-18 15:23:07.714000,416.8524761663068,997
2024-09-18 15:23:07.722000,416.8360538508627,996
2024-09-18 15:23:07.726000,416.9018407073502,98
2024-09-18 15:23:07.732000,416.8812006507287,6
2024-09-18 15:23:07.748000,416.8326261322343,105
2024-09-18 15:23:07.773000,416.8679287120266,1000
2024-09-18 15:23:07.813000,416.9019617851051,8
2024-09-18 15:23:07.852000,416.9248229948539,1000
2024-09-18 15:23:08.017000,416.8530529174874,15
2024-09-18 15:23:08.060000,416.87648150947575,8
2024-09-18 15:23:08.130000,416.91233725736816,14
2024-09-18 15:23:08.155000,416.8958243473639,996
2024-09-18 15:23:08.193000,416.8809660571656,99
2024-09-18 15:23:08.253000,416.89160481257227,8
2024-09-18 15:23:08.294000,416.9341953853277,1004
2024-09-18 15:23:08.295000,416.92908773942753,1000
2024-09-18 15:23:08.388000,416.8870497832214,97
2024-09-18 15:23:08.396000,416.8802349986637,11
2024-09-18 15:23:08.455000,416.8735664256232,996
2024-09-18 15:23:08.455000,416.8898878130312,96
2024-09-18 15:23:08.483000,416.8727188034219,101
2024-09-18 15:23:08.513000,416.8885151144342,104
2024-09-18 15:23:08.596000,416.90615215874686,1000
2024-09-18 15:23:08.655000,416.9052352610596,102
2024-09-18 15:23:08.656000,416.9443809817491,12
2024-09-18 15:23:08.668000,416.94408394953615,96
2024-09-18 15:23:08.756000,416.8690891423889,14
2024-09-18 15:23:08.778000,416.9020180293389,6
2024-09-18 15:23:08.829000,416.8829185855263,5
2024-09-18 15:23:08.862000,416.9209939080969,12
2024-09-18 15:23:08.867000,416.8848280360033,8
2024-09-18 15:23:08.886000,416.8847958562716,13
2024-09-18 15:23:08.981000,416.9096432609106,105
2024-09-18 15:23:08.988000,416.9029124880603,10
2024-09-18 15:23:08.998000,416.8909718784203,997
2024-09-18 15:23:09.002000,416.93643066264735,103
2024-09-18 15:23:09.071000,416.9321157090402,100
2024-09-18 15:23:09.289000,416.9606165052064,1000
2024-09-18 15:23:09.384000,416.94129774039646,7
2024-09-18 15:23:09.526000,416.95150121010926,1004
2024-09-18 15:23:09.641000,416.9277031200521,8
2024-09-18 15:23:09.768000,416.9231982254484,8
2024-09-18 15:23:09.785000,416.94860817703136,1001
2024-09-18 15:23:09.891000,416.945898251281,103
2024-09-18 15:23:09.897000,416.94833385965865,12
2024-09-18 15:23:09.913000,416.9424948282811,997
2024-09-18 15:23:09.919000,416.952790360436,98
2024-09-18 15:23:10.030000,416.8805052562595,10
2024-09-18 15:23:10.044000,416.9479651050359,13
2024-09-18 15:23:10.048000,416.8798016300908,102
2024-09-18 15:23:10.074000,416.941251483304,100
2024-09-18 15:23:10.125000,416.8374913824135,997
2024-09-18 15:23:10.181000,416.9621686376061,997
2024-09-18 15:23:10.215000,416.9605730803439,11
2024-09-18 15:23:10.224000,416.86038372175045,100
2024-09-18 15:23:10.228000,416.949958830448,999
2024-09-18 15:23:10.340000,416.960470768062,98
2024-09-18 15:23:10.352000,416.9433149380072,5
2024-09-18 15:23:10.364000,416.8824042263708,11
2024-09-18 15:23:10.384000,416.9375606085758,13
2024-09-18 15:23:10.390000,416.9596996672841,103
2024-09-18 15:23:10.391000,416.95822166783387,1003
2024-09-18 15:23:10.434000,416.9317757375448,6
2024-09-18 15:23:10.434000,416.91666060842425,8
2024-09-18 15:23:10.459000,416.81966432062495,1003
2024-09-18 15:23:10.495000,416.8272228109568,8
2024-09-18 15:23:10.578000,416.9802864766834,104
2024-09-18 15:23:10.641000,416.89779718342686,9
2024-09-18 15:23:10.651000,416.9553133782285,7
2024-09-18 15:23:10.686000,416.9524667364,95
2024-09-18 15:23:10.772000,416.9418443867348,999
2024-09-18 15:23:10.848000,416.9357837812562,14
2024-09-18 15:23:10.987000,416.9456116106875,5
2024-09-18 15:23:11.032000,416.8327967690412,999
2024-09-18 15:23:11.076000,416.8004931809057,11
2024-09-18 15:23:11.081000,416.789722966026,7
2024-09-18 15:23:11.089000,416.7893354926711,997
2024-09-18 15:23:11.216000,416.81353673898985,100
2024-09-18 15:23:11.295000,416.8125757847668,103
2024-09-18 15:23:11.471000,416.8249890918564,1004
2024-09-18 15:23:11.473000,416.80696275244543,14
2024-09-18 15:23:11.485000,416.8365771109388,100
2024-09-18 15:23:11.661000,416.793885121423,1005
2024-09-18 15:23:11.687000,416.8057817179573,9
2024-09-18 15:23:11.708000,416.8283181612527,1001
2024-09-18 15:23:11.855000,416.8056577275609,10
2024-09-18 15:23:11.886000,416.8407145005633,14
2024-09-18 15:23:11.924000,416.8326949152866,105
2024-09-18 15:23:12.027000,416.7868295133081,97
2024-09-18 15:23:12.032000,416.77306942442215,105
2024-09-18 15:23:12.117000,416.7740010486454,996
2024-09-18 15:23:12.227000,416.810364000079,95
2024-09-18 15:23:12.248000,416.7565092356017,999
2024-09-18 15:23:12.279000,416.7526060073861,1003
2024-09-18 15:23:12.307000,416.78613432151127,7
2024-09-18 15:23:12.385000,416.8028405274573,997
2024-09-18 15:23:12.413000,416.8251651218066,1004
2024-09-18 15:23:12.433000,416.7694777130028,5
2024-09-18 15:23:12.594000,416.8161339150858,101
2024-09-18 15:23:12.608000,416.8193397510447,996
2024-09-18 15:23:12.670000,416.76275968199576,97
2024-09-18 15:23:12.708000,416.8001206917753,1004
2024-09-18 15:23:12.743000,410.2440289903831,8
2024-09-18 15:23:12.766000,416.7996433741831,97
2024-09-18 15:23:12.775000,416.7700189977761,6
2024-09-18 15:23:12.799000,416.7915774455564,1005
2024-09-18 15:23:12.806000,416.8146840326953,103
2024-09-18 15:23:12.832000,416.8062699804162,101
2024-09-18 15:23:12.835000,416.7991399155342,96
2024-09-18 15:23:12.853000,416.7583442905228,103
2024-09-18 15:23:12.871000,416.8191992953102,103
2024-09-18 15:23:12.957000,416.7516008615716,103
2024-09-18 15:23:12.960000,416.8235394648639,15
2024-09-18 15:23:12.965000,416.8067348155736,1002
2024-09-18 15:23:12.986000,416.7994954190156,1000
2024-09-18 15:23:13.316000,416.751121055086,999
2024-09-18 15:23:14.033000,416.72462801482106,98
2024-09-18 15:23:14.039000,416.72818519509167,103
2024-09-18 15:23:14.046000,416.7432382642926,1005
2024-09-18 15:23:14.081000,416.73952341430686,97
2024-09-18 15:23:14.120000,416.7541673001966,97
2024-09-18 15:23:14.251000,416.73508105917966,95
2024-09-18 15:23:14.263000,416.7223721999921,12
2024-09-18 15:23:14.279000,416.720965941218,10
2024-09-18 15:23:14.298000,416.7468409446559,14
2024-09-18 15:23:14.303000,416.74346499819296,8
2024-09-18 15:23:14.343000,416.7323280269,1003
2024-09-18 15:23:14.409000,416.7423293775699,7
2024-09-18 15:23:14.457000,416.7507220293375,98
2024-09-18 15:23:14.597000,416.7241907286344,5
2024-09-18 15:23:14.720000,416.7259608176671,97
2024-09-18 15:23:14.748000,416.7223203100576,96
2024-09-18 15:23:14.879000,416.7165093713795,14
2024-09-18 15:23:14.981000,416.7557014136292,96
2024-09-18 15:23:15.050000,416.7056482347376,96
2024-09-18 15:23:15.063000,416.67868061809537,1005
2024-09-18 15:23:15.097000,416.6885439632716,8
2024-09-18 15:23:15.171000,416.6890026704727,997
2024-09-18 15:23:15.205000,416.6849899597125,102
2024-09-18 15:23:15.340000,416.6902899582976,996
2024-09-18 15:23:15.434000,416.7282843849344,1004
2024-09-18 15:23:15.495000,416.698160566128,105
2024-09-18 15:23:15.573000,416.7034926463464,998
2024-09-18 15:23:15.615000,416.7213368198477,103
2024-09-18 15:23:15.673000,416.71311472685176,1002
2024-09-18 15:23:15.678000,416.6809112844812,1005
2024-09-18 15:23:15.738000,416.7235685950165,97
2024-09-18 15:23:15.763000,416.6997329071269,10
2024-09-18 15:23:15.768000,416.741790507043,998
2024-09-18 15:23:15.828000,416.7061685410394,10
2024-09-18 15:23:15.847000,416.7285305416032,101
2024-09-18 15:23:15.886000,416.6969429668755,96
2024-09-18 15:23:15.934000,416.6852200500624,98
2024-09-18 15:23:15.949000,416.707081277202,1001
2024-09-18 15:23:16.003000,416.6805349379494,99
2024-09-18 15:23:16.028000,416.6950357140719,9
2024-09-18 15:23:16.225000,416.6743989028987,997
2024-09-18 15:23:16.289000,416.6818517768724,996
2024-09-18 15:23:16.542000,416.6968413251132,101
2024-09-18 15:23:16.705000,416.6883120413261,10
2024-09-18 15:23:16.803000,416.6885963116076,101
2024-09-18 15:23:16.831000,416.68871531235527,7
2024-09-18 15:23:17.044000,416.7223645168991,98
2024-09-18 15:23:17.110000,416.7169021463902,104
2024-09-18 15:23:17.123000,416.7226217156038,996
2024-09-18 15:23:17.196000,416.7299262080511,998
2024-09-18 15:23:17.206000,416.7356109064064,100
2024-09-18 15:23:17.238000,416.7466980224302,96
2024-09-18 15:23:17.275000,416.7319837051076,997
2024-09-18 15:23:17.468000,416.7201408701083,104
2024-09-18 15:23:17.482000,416.7127161067114,995
2024-09-18 15:23:17.491000,416.7257470922742,104
2024-09-18 15:23:17.621000,416.7208555613496,997
2024-09-18 15:23:17.658000,416.7344336082344,7
2024-09-18 15:23:17.747000,416.74331935177065,11
2024-09-18 15:23:18.083000,416.73784335796114,98
2024-09-18 15:23:18.144000,416.7490742181616,12
2024-09-18 15:23:18.251000,416.73458433647903,5
2024-09-18 15:23:18.295000,416.74505772113775,1003
2024-09-18 15:23:18.313000,416.73394355803634,97
2024-09-18 15:23:18.370000,416.72813489589066,11
2024-09-18 15:23:18.437000,416.743132003789,1001
2024-09-18 15:23:18.492000,416.742638961291,6
2024-09-18 15:23:18.608000,416.7454956494052,13
2024-09-18 15:23:18.691000,416.7312068060474,14
2024-09-18 15:23:18.714000,416.7166118259003,101
2024-09-18 15:23:18.749000,416.7323788222636,97
2024-09-18 15:23:18.852000,416.7520961236692,96
2024-09-18 15:23:18.956000,416.7405936198492,101
2024-09-18 15:23:19.020000,416.766611838732,1002
2024-09-18 15:23:19.121000,416.7437701838778,102
2024-09-18 15:23:19.134000,416.75655803019583,995
2024-09-18 15:23:19.169000,416.7563547094656,98
2024-09-18 15:23:19.215000,416.76548360878536,1001
2024-09-18 15:23:19.222000,416.759031580088,101
2024-09-18 15:23:19.340000,416.7484858936294,97
2024-09-18 15:23:19.611000,416.74545436310905,997
2024-09-18 15:23:19.613000,416.73562252671655,996
2024-09-18 15:23:19.651000,416.741753924796,98
2024-09-18 15:23:19.684000,416.7496929678652,97
2024-09-18 15:23:19.729000,416.756146624286,98
2024-09-18 15:23:19.785000,416.74664319366286,97
2024-09-18 15:23:19.826000,416.7374485676757,7
2024-09-18 15:23:19.930000,416.7411148448384,102
2024-09-18 15:23:19.939000,416.7570770449655,1000
2024-09-18 15:23:19.957000,416.772252286908,995
2024-09-18 15:23:19.985000,416.7522315948386,1000
2024-09-18 15:23:20.046000,416.8369950089025,104
2024-09-18 15:23:20.291000,416.8924035646755,997
2024-09-18 15:23:20.298000,416.812141255972,1003
2024-09-18 15:23:20.302000,416.8455945488715,997
2024-09-18 15:23:20.325000,416.8636734992701,1002
2024-09-18 15:23:20.411000,416.8025220265618,5
2024-09-18 15:23:20.422000,416.8461646013411,100
2024-09-18 15:23:20.451000,416.7817397481948,6
2024-09-18 15:23:20.464000,416.8634830830376,996
2024-09-18 15:23:20.478000,416.8633785037627,105
2024-09-18 15:23:20.534000,416.8986322544382,105
2024-09-18 15:23:20.554000,416.81479370277975,995
2024-09-18 15:23:20.576000,416.8142625923337,1005
2024-09-18 15:23:20.590000,416.83243761566223,99
2024-09-18 15:23:20.601000,416.83929116147567,95
2024-09-18 15:23:20.699000,416.8300699903653,100
2024-09-18 15:23:20.761000,416.8040235509311,13
2024-09-18 15:23:20.803000,416.8775871843317,12
2024-09-18 15:23:20.804000,416.86990577206655,11
2024-09-18 15:23:20.819000,416.8557350141881,1002
2024-09-18 15:23:20.843000,416.8808053082197,995
2024-09-18 15:23:20.847000,416.8542379545967,14
2024-09-18 15:23:20.848000,416.8361599192536,998
2024-09-18 15:23:20.858000,416.7757456878071,95
2024-09-18 15:23:20.878000,416.8738334053122,99
2024-09-18 15:23:20.961000,416.8630027117766,8
2024-09-18 15:23:20.983000,416.819840953816,95
2024-09-18 15:23:20.985000,416.7966641251763,102
2024-09-18 15:23:21.024000,416.88473163715656,995
2024-09-18 15:23:21.086000,416.8975357342413,96
2024-09-18 15:23:21.130000,416.9068823019156,7
2024-09-18 15:23:21.140000,416.92446274227166,1003
2024-09-18 15:23:21.203000,416.90114477812,97
2024-09-18 15:23:21.228000,416.8860208808013,1002
2024-09-18 15:23:21.231000,416.9196610004446,104
2024-09-18 15:23:21.249000,416.8981002242858,95
2024-09-18 15:23:21.402000,416.8926430321497,104
2024-09-18 15:23:21.411000,416.91597676810665,99
2024-09-18 15:23:21.464000,416.9232154853694,12
2024-09-18 15:23:21.503000,416.90263814215984,998
2024-09-18 15:23:21.599000,416.8933835649329,1000
2024-09-18 15:23:21.621000,416.9048491707629,995
2024-09-18 15:23:21.626000,416.88152454600913,1001
2024-09-18 15:23:21.628000,416.88496218153614,98
2024-09-18 15:23:21.636000,416.88912982091335,1002
2024-09-18 15:23:21.704000,416.8910145031483,14
2024-09-18 15:23:21.707000,416.910503475352,999
2024-09-18 15:23:21.726000,416.8940289150236,102
2024-09-18 15:23:21.841000,416.8989357882962,15
2024-09-18 15:23:21.845000,416.89244411426125,97
2024-09-18 15:23:21.882000,416.8728514977981,11
2024-09-18 15:23:21.945000,416.8945061051379,6
2024-09-18 15:23:21.971000,416.8985313295413,7
2024-09-18 15:23:22.086000,416.930592795973,1003
2024-09-18 15:23:22.229000,416.9240201622717,14
2024-09-18 15:23:22.309000,416.946215198072,1004
2024-09-18 15:23:22.889000,416.9402663983672,97
2024-09-18 15:23:22.944000,416.9323952827117,104
2024-09-18 15:23:22.970000,416.9424532293899,99
2024-09-18 15:23:23.011000,416.9083199884511,15
2024-09-18 15:23:23.013000,416.8580796488197,1002
2024-09-18 15:23:23.014000,416.86749704594826,99
2024-09-18 15:23:23.028000,416.86988506419874,95
2024-09-18 15:23:23.050000,416.8586256336714,96
2024-09-18 15:23:23.052000,416.8966857717504,14
2024-09-18 15:23:23.197000,416.8650762690458,13
2024-09-18 15:23:23.242000,416.881904740908,12
2024-09-18 15:23:23.288000,416.9427233516092,6
2024-09-18 15:23:23.430000,416.9075521809203,1005
2024-09-18 15:23:23.456000,416.9209314723509,104
2024-09-18 15:23:23.493000,416.90797877516536,12
2024-09-18 15:23:23.542000,416.9285264907254,999
2024-09-18 15:23:23.558000,416.9027901230244,15
2024-09-18 15:23:23.583000,416.9061574699799,95
2024-09-18 15:23:23.597000,416.9537542887216,1002
2024-09-18 15:23:23.623000,416.9254091081101,1002
2024-09-18 15:23:23.652000,416.8558910968591,995
2024-09-18 15:23:23.717000,416.8603011111733,105
2024-09-18 15:23:23.793000,416.8689372823682,9
2024-09-18 15:23:23.799000,416.8945475745293,6
2024-09-18 15:23:23.875000,416.8775258321502,997
2024-09-18 15:23:23.949000,416.86868497639136,1003
2024-09-18 15:23:23.951000,416.852788959919,1004
2024-09-18 15:23:23.962000,416.852206473366,1003
2024-09-18 15:23:23.970000,416.9095790309288,995
2024-09-18 15:23:24,416.9033812606219,995
2024-09-18 15:23:24.073000,416.88112805766445,96
2024-09-18 15:23:24.120000,416.8396029425636,7
2024-09-18 15:23:24.321000,416.8879939465498,105
2024-09-18 15:23:24.333000,416.7848931937524,995
2024-09-18 15:23:24.375000,416.8848014509149,7
2024-09-18 15:23:24.393000,416.8583715392944,99
2024-09-18 15:23:24.446000,416.8123921850181,1004
2024-09-18 15:23:24.551000,416.8658058868841,15
2024-09-18 15:23:24.590000,416.8811793939362,104
2024-09-18 15:23:24.614000,416.8858193877957,1001
2024-09-18 15:23:24.628000,416.83867698304095,100
2024-09-18 15:23:24.686000,416.8968348706682,1005
2024-09-18 15:23:24.942000,416.813509256541,13
2024-09-18 15:23:25.093000,416.8052379930607,96
2024-09-18 15:23:25.338000,416.805868287346,1005
2024-09-18 15:23:25.518000,416.7933913656405,999
2024-09-18 15:23:25.605000,416.8262569786994,5
2024-09-18 15:23:25.655000,416.8321553798596,11
2024-09-18 15:23:25.704000,416.8522580488471,100
2024-09-18 15:23:25.781000,416.8466884820082,14
2024-09-18 15:23:26.027000,416.80664054778913,14
2024-09-18 15:23:26.054000,416.8226063056082,998
2024-09-18 15:23:26.112000,416.8102665857521,101
2024-09-18 15:23:26.120000,416.79839373339775,1001
2024-09-18 15:23:26.256000,416.8185009174686,101
2024-09-18 15:23:26.257000,416.8033656265829,1002
2024-09-18 15:23:26.375000,416.8275226806012,15
2024-09-18 15:23:26.403000,416.8152014304211,99
2024-09-18 15:23:26.434000,416.792759082259,7
2024-09-18 15:23:26.447000,416.79540730604106,101
2024-09-18 15:23:26.460000,416.8100022360911,100
2024-09-18 15:23:26.463000,416.8011505923081,105
2024-09-18 15:23:26.477000,416.8100876732785,98
2024-09-18 15:23:26.576000,416.814897687948,15
2024-09-18 15:23:26.579000,416.79260797329744,998
2024-09-18 15:23:26.597000,416.8137909875127,13
2024-09-18 15:23:26.615000,416.81939821606016,6
2024-09-18 15:23:26.630000,416.7770369754926,103
2024-09-18 15:23:26.637000,416.8030207007936,998
2024-09-18 15:23:26.642000,416.8094045083867,1004
2024-09-18 15:23:26.682000,416.8175964161938,1005
2024-09-18 15:23:26.718000,416.8192870189475,1005
2024-09-18 15:23:26.897000,416.8284764559824,8
2024-09-18 15:23:26.904000,416.80907306684907,1003
2024-09-18 15:23:26.958000,416.82478596324864,1003
2024-09-18 15:23:26.990000,416.8115168217879,998
2024-09-18 15:23:27.056000,416.7908486511498,96
2024-09-18 15:23:27.119000,416.78168561601615,103
2024-09-18 15:23:27.526000,416.7876941159871,11
2024-09-18 15:23:28.008000,416.7799554116757,11
2024-09-18 15:23:28.030000,416.7682325402087,996
2024-09-18 15:23:28.066000,416.8000347433182,10
2024-09-18 15:23:28.130000,416.8041303538635,101
2024-09-18 15:23:28.133000,416.780529987253,98
2024-09-18 15:23:28.156000,416.7750260669746,8
2024-09-18 15:23:28.210000,416.81421159281246,9
2024-09-18 15:23:28.293000,416.777759147645,104
2024-09-18 15:23:28.329000,416.80996405125154,12
2024-09-18 15:23:28.360000,416.7888516544126,1000
2024-09-18 15:23:28.376000,416.8350165226419,14
2024-09-18 15:23:28.434000,416.7866787009639,101
2024-09-18 15:23:28.451000,416.8151034206624,99
2024-09-18 15:23:28.493000,416.77025564590855,1003
2024-09-18 15:23:28.502000,416.7633143193399,99
2024-09-18 15:23:28.555000,416.7765090416202,98
2024-09-18 15:23:28.638000,416.7995201877706,6
2024-09-18 15:23:28.640000,416.7704371125974,1004
2024-09-18 15:23:28.655000,416.7647054386152,99
2024-09-18 15:23:28.661000,416.8132051391041,101
2024-09-18 15:23:28.795000,416.781663175224,100
2024-09-18 15:23:28.803000,416.7785724269604,1003
2024-09-18 15:23:28.812000,416.78344547111135,999
2024-09-18 15:23:28.921000,416.7784286459395,996
2024-09-18 15:23:28.962000,416.8134613932469,8
2024-09-18 15:23:29.010000,416.837292028958,98
2024-09-18 15:23:29.049000,416.87751338892,97
2024-09-18 15:23:29.071000,416.87520651607895,10
2024-09-18 15:23:29.093000,416.8715378162439,6
2024-09-18 15:23:29.104000,416.8829746905146,1005
2024-09-18 15:23:29.115000,416.902949991226,13
2024-09-18 15:23:29.145000,416.853502829524,96
2024-09-18 15:23:29.161000,416.8880078349316,10
2024-09-18 15:23:29.203000,416.9036002188638,998
2024-09-18 15:23:29.225000,416.8796420778767,101
2024-09-18 15:23:29.355000,416.9189425538626,6
2024-09-18 15:23:29.378000,416.8656311199063,11
2024-09-18 15:23:29.435000,416.86759648170266,103
2024-09-18 15:23:29.489000,416.88426045403975,14
2024-09-18 15:23:29.492000,416.86240996334624,996
2024-09-18 15:23:29.544000,416.87515109627486,6
2024-09-18 15:23:29.550000,416.9238792966656,9
2024-09-18 15:23:29.612000,416.8818515324693,1005
2024-09-18 15:23:29.614000,416.88392475194337,15
2024-09-18 15:23:29.622000,416.9334518180618,102
2024-09-18 15:23:29.641000,416.8811292679959,996
2024-09-18 15:23:29.647000,416.89969330329416,100
2024-09-18 15:23:29.700000,416.8861780144738,11
2024-09-18 15:23:29.762000,410.25120762107,995
2024-09-18 15:23:29.781000,416.8917853513858,11
2024-09-18 15:23:29.893000,416.8741123158546,99
2024-09-18 15:23:29.900000,416.85895024140655,97
2024-09-18 15:23:29.943000,416.8816382026357,99
2024-09-18 15:23:29.988000,416.867218275252,1002
2024-09-18 15:23:30.127000,416.9579651425204,97
2024-09-18 15:23:30.454000,416.9744850243637,10
2024-09-18 15:23:30.767000,416.9428393138842,5
2024-09-18 15:23:30.842000,416.9543294623749,97
2024-09-18 15:23:31.006000,416.9605573763916,1000
2024-09-18 15:23:31.010000,416.9615038573152,10
2024-09-18 15:23:31.015000,416.933036667957,1005
2024-09-18 15:23:31.196000,416.94275488963046,97
2024-09-18 15:23:31.281000,416.9328525460284,9
2024-09-18 15:23:31.321000,416.972982037844,1004
2024-09-18 15:23:31.381000,416.9712049847114,100
2024-09-18 15:23:31.474000,416.976386470616,11
2024-09-18 15:23:31.837000,416.9830838616455,1004
2024-09-18 15:23:32.046000,416.995726085589,10
2024-09-18 15:23:32.266000,417.0893261144431,13
2024-09-18 15:23:32.282000,416.9985336965491,95
2024-09-18 15:23:32.302000,417.08884427350927,11
2024-09-18 15:23:32.370000,417.02850760802335,1003
2024-09-18 15:23:32.432000,417.0970278204208,1003
2024-09-18 15:23:32.534000,417.08294491871135,104
2024-09-18 15:23:32.688000,417.1023090883012,9
2024-09-18 15:23:32.860000,417.0925425509229,997
2024-09-18 15:23:32.925000,417.0694256405798,96
2024-09-18 15:23:32.948000,417.0443482751281,998
2024-09-18 15:23:33.106000,417.11061341924346,1002
2024-09-18 15:23:33.174000,417.1710721314979,10
2024-09-18 15:23:33.251000,417.15760049382806,101
2024-09-18 15:23:33.291000,417.1672766801537,95
2024-09-18 15:23:33.305000,417.1078701404752,103
2024-09-18 15:23:33.327000,417.1633554892353,999
2024-09-18 15:23:33.335000,417.0800567004664,1001
2024-09-18 15:23:33.379000,417.148929080068,7
2024-09-18 15:23:33.406000,417.1798172084363,997
2024-09-18 15:23:33.517000,417.16765197254887,101
2024-09-18 15:23:33.600000,417.1148329103301,13
2024-09-18 15:23:33.716000,417.1231489074783,8
2024-09-18 15:23:33.720000,417.1495305857562,6
2024-09-18 15:23:33.722000,417.1472589404452,12
2024-09-18 15:23:33.822000,417.1651615776888,995
2024-09-18 15:23:33.825000,417.1071980371005,6
2024-09-18 15:23:33.830000,417.10733559421465,14
2024-09-18 15:23:33.881000,417.1098332379028,999
2024-09-18 15:23:33.907000,417.1429348164355,105
2024-09-18 15:23:33.915000,417.1163966728746,8
2024-09-18 15:23:33.943000,417.1413532268774,5
2024-09-18 15:23:33.981000,417.1435743311221,9
2024-09-18 15:23:33.991000,417.1254919651098,6
2024-09-18 15:23:34.002000,417.0691642561388,10
2024-09-18 15:23:34.009000,417.1123133180323,1001
2024-09-18 15:23:34.066000,417.11554811833673,7
2024-09-18 15:23:34.071000,417.096797416536,99
2024-09-18 15:23:34.112000,417.0588091645652,11
2024-09-18 15:23:34.130000,417.1266290633768,1004
2024-09-18 15:23:34.164000,417.0820329101044,12
2024-09-18 15:23:34.187000,417.14961088257166,95
2024-09-18 15:23:34.262000,417.1287191534703,14
2024-09-18 15:23:34.305000,417.1318219260626,95
2024-09-18 15:23:34.325000,417.0888143157963,13
2024-09-18 15:23:34.430000,417.0966979210122,96
2024-09-18 15:23:34.608000,417.11940080431225,13
2024-09-18 15:23:34.632000,417.1122197309815,1004
2024-09-18 15:23:34.640000,417.1068622122676,6
2024-09-18 15:23:34.643000,417.0960841450367,104
2024-09-18 15:23:34.668000,417.09366479760456,1004
2024-09-18 15:23:34.770000,417.06493765758034,11
2024-09-18 15:23:34.787000,417.12318587805015,1000
2024-09-18 15:23:34.799000,417.0668680958584,97
2024-09-18 15:23:34.822000,417.09200876384745,10
2024-09-18 15:23:34.826000,417.1195491046993,104
2024-09-18 15:23:34.866000,417.06379943424616,99
2024-09-18 15:23:34.931000,417.1511955534458,96
2024-09-18 15:23:34.946000,417.0582348063024,100
2024-09-18 15:23:34.950000,417.1231750469867,102
2024-09-18 15:23:34.975000,417.0952427734043,102
2024-09-18 15:23:35.027000,417.06504422504827,1001
2024-09-18 15:23:35.190000,417.0912777123605,10
2024-09-18 15:23:35.209000,417.07433839899306,10
2024-09-18 15:23:35.318000,417.0820189976208,995
2024-09-18 15:23:35.384000,417.0898946260831,998
2024-09-18 15:23:35.532000,417.0783390886218,1005
2024-09-18 15:23:35.576000,417.0634889129898,5
2024-09-18 15:23:35.740000,417.0676386216859,997
2024-09-18 15:23:36.003000,417.0312370617065,1003
2024-09-18 15:23:36.011000,417.0658834247921,12
2024-09-18 15:23:36.082000,417.0594744624224,99
2024-09-18 15:23:36.156000,417.0550982134633,98
2024-09-18 15:23:36.200000,417.02011333033806,6
2024-09-18 15:23:36.212000,417.0201436495577,15
2024-09-18 15:23:36.478000,417.044681973454,10
2024-09-18 15:23:36.516000,417.08462824459866,100
2024-09-18 15:23:36.648000,417.0460115747674,97
2024-09-18 15:23:36.809000,417.071600891982,1001
2024-09-18 15:23:36.864000,417.07178648489753,1003
2024-09-18 15:23:36.884000,417.0866944658689,105
2024-09-18 15:23:36.895000,417.030800220025,95
2024-09-18 15:23:36.919000,417.069724722681,15
2024-09-18 15:23:36.921000,417.0849100057857,11
2024-09-18 15:23:36.971000,417.08686404924447,103
2024-09-18 15:23:37.096000,417.0204038885765,999
2024-09-18 15:23:37.243000,417.03351085604334,10
2024-09-18 15:23:37.382000,417.0237850835925,11
2024-09-18 15:23:37.415000,417.0041669332038,101
2024-09-18 15:23:37.448000,417.01987522066014,1002
2024-09-18 15:23:37.469000,417.0328675384525,996
2024-09-18 15:23:37.514000,417.04100588469606,96
2024-09-18 15:23:37.544000,417.0346759795714,1002
2024-09-18 15:23:37.651000,417.03990799173926,98
2024-09-18 15:23:37.663000,417.0343700704513,5
2024-09-18 15:23:37.682000,417.0358295191416,95
2024-09-18 15:23:37.784000,417.0414227150639,999
2024-09-18 15:23:37.951000,417.0366465661712,95
2024-09-18 15:23:37.969000,417.01187600741736,1002
2024-09-18 15:23:37.975000,417.0055867840005,1002
2024-09-18 15:23:38.002000,417.0149340488915,98
2024-09-18 15:23:38.062000,416.9670827911451,1005
2024-09-18 15:23:38.096000,417.0514883725445,99
2024-09-18 15:23:38.133000,416.9875998260096,997
2024-09-18 15:23:38.134000,417.0468291385879,96
2024-09-18 15:23:38.152000,417.046922310435,995
2024-09-18 15:23:38.161000,417.0259170385386,997
2024-09-18 15:23:38.166000,417.0308845372806,11
2024-09-18 15:23:38.367000,417.0365216717385,12
2024-09-18 15:23:38.547000,416.9632706835985,998
2024-09-18 15:23:38.658000,417.0438576522734,98
2024-09-18 15:23:38.746000,416.9622384444416,102
2024-09-18 15:23:38.753000,417.02527694798994,7
2024-09-18 15:23:38.802000,417.0538839888012,102
2024-09-18 15:23:38.802000,416.9852871576114,11
2024-09-18 15:23:38.823000,417.0577856201801,103
2024-09-18 15:23:38.875000,416.9710610863608,101
2024-09-18 15:23:38.887000,417.0125600108989,5
2024-09-18 15:23:38.956000,416.9847528793046,1002
2024-09-18 15:23:39.010000,416.9966193587605,99
2024-09-18 15:23:39.055000,416.9841073903343,96
2024-09-18 15:23:39.156000,416.9589886646608,1001
2024-09-18 15:23:39.197000,416.9843998079903,95
2024-09-18 15:23:39.223000,416.9600530667084,998
2024-09-18 15:23:39.284000,416.9726940891652,101
2024-09-18 15:23:39.294000,416.97133194977584,98
2024-09-18 15:23:39.312000,417.033847470106,1003
2024-09-18 15:23:39.317000,417.0425124549228,10
2024-09-18 15:23:39.369000,416.9544205262199,995
2024-09-18 15:23:39.379000,416.9773906381389,5
2024-09-18 15:23:39.423000,416.9893177438751,99
2024-09-18 15:23:39.526000,410.2669393942312,97
2024-09-18 15:23:39.558000,416.9790052862291,12
2024-09-18 15:23:39.621000,417.0488016808581,12
2024-09-18 15:23:39.676000,416.99393067149447,12
2024-09-18 15:23:39.718000,416.9806917835356,15
2024-09-18 15:23:39.762000,416.9661802289429,96
2024-09-18 15:23:39.801000,417.0065127266593,1003
2024-09-18 15:23:39.811000,417.00005347166285,10
2024-09-18 15:23:39.844000,417.04536631860736,8
2024-09-18 15:23:39.865000,417.0522505367438,996
2024-09-18 15:23:39.870000,417.0135817244416,99
2024-09-18 15:23:39.885000,417.00512587636166,11
2024-09-18 15:23:39.955000,416.9635228900107,103
2024-09-18 15:23:40.147000,417.0457345520483,103
2024-09-18 15:23:40.522000,417.0456847617392,14
2024-09-18 15:23:41.037000,417.00980133805183,995
2024-09-18 15:23:41.068000,417.0070186665377,997
2024-09-18 15:23:41.098000,417.0074093798294,96
2024-09-18 15:23:41.127000,417.0240452188645,95
2024-09-18 15:23:41.129000,416.99784139349424,1002
2024-09-18 15:23:41.153000,416.9920309905301,12
2024-09-18 15:23:41.165000,416.97514965153033,7
2024-09-18 15:23:41.196000,417.019515427056,6
2024-09-18 15:23:41.230000,416.9935663392344,102
2024-09-18 15:23:41.340000,417.0256706094688,101
2024-09-18 15:23:41.418000,416.9936818891584,9
2024-09-18 15:23:41.462000,417.002893373767,103
2024-09-18 15:23:41.531000,417.0371416704026,1003
2024-09-18 15:23:41.562000,416.99213164733095,97
2024-09-18 15:23:41.608000,417.0050782338623,1000
2024-09-18 15:23:41.646000,416.9972445040602,1002
2024-09-18 15:23:41.651000,417.0077065156191,15
2024-09-18 15:23:41.659000,416.9912697769034,13
2024-09-18 15:23:41.686000,417.0150080240377,105
2024-09-18 15:23:41.751000,416.983021994402,997
2024-09-18 15:23:41.798000,417.0285845763027,8
2024-09-18 15:23:41.810000,417.0226619827979,997
2024-09-18 15:23:41.884000,417.00314070892017,12
2024-09-18 15:23:41.910000,417.0200146961646,10
2024-09-18 15:23:41.925000,416.99089204069656,95
2024-09-18 15:23:41.978000,416.9815184471996,98
2024-09-18 15:23:42.002000,417.0810622117797,1004
2024-09-18 15:23:42.099000,417.0405101662483,1003
2024-09-18 15:23:42.107000,417.086867116339,1005
2024-09-18 15:23:42.123000,417.0137792298497,14
2024-09-18 15:23:42.156000,417.0047812449267,1004
2024-09-18 15:23:42.170000,417.0682365145378,5
2024-09-18 15:23:42.378000,417.0214654985853,9
2024-09-18 15:23:42.423000,417.07045797053496,996
2024-09-18 15:23:42.705000,417.0175451823227,105
2024-09-18 15:23:42.763000,417.0965589150664,97
2024-09-18 15:23:42.884000,417.03461460694416,14
2024-09-18 15:23:42.896000,417.0570103850701,9
2024-09-18 15:23:43.583000,417.1090192388799,9
2024-09-18 15:23:43.677000,417.1099023033401,100
2024-09-18 15:23:43.799000,417.1042487553841,999
2024-09-18 15:23:43.895000,417.0870784341258,7
2024-09-18 15:23:43.960000,417.0831713153394,13
2024-09-18 15:23:44.014000,417.08794769658186,104
2024-09-18 15:23:44.065000,417.048263389332,8
2024-09-18 15:23:44.067000,417.1099616180541,7
2024-09-18 15:23:44.110000,417.0993719449027,1005
2024-09-18 15:23:44.140000,417.0832643523773,1005
2024-09-18 15:23:44.140000,417.1225601168213,11
2024-09-18 15:23:44.180000,417.1065287495797,6
2024-09-18 15:23:44.184000,417.1056160808764,1000
2024-09-18 15:23:44.322000,417.06794594223663,101
2024-09-18 15:23:44.325000,417.1115696534146,12
2024-09-18 15:23:44.326000,417.0769288604388,12
2024-09-18 15:23:44.398000,417.1083639891084,105
2024-09-18 15:23:44.475000,417.088852256001,12
2024-09-18 15:23:44.615000,417.04871177050376,96
2024-09-18 15:23:44.616000,417.054126707821,1003
2024-09-18 15:23:44.631000,417.0700824795762,5
2024-09-18 15:23:44.636000,417.110997042051,999
2024-09-18 15:23:44.682000,417.1019943258643,9
2024-09-18 15:23:44.684000,417.11938866735534,103
2024-09-18 15:23:44.790000,417.1004289651098,104
2024-09-18 15:23:44.807000,417.1022246101111,10
2024-09-18 15:23:44.831000,417.0507369679177,1003
2024-09-18 15:23:44.874000,417.0546403431437,14
2024-09-18 15:23:44.898000,417.1053438755748,7
2024-09-18 15:23:44.906000,417.0470143358096,999
2024-09-18 15:23:44.913000,417.07017447315934,103
2024-09-18 15:23:44.964000,417.051759149054,96
2024-09-18 15:23:45.005000,417.08563420041446,96
2024-09-18 15:23:45.011000,417.0727079329579,12
2024-09-18 15:23:45.092000,417.0620491673735,1005
2024-09-18 15:23:45.230000,417.0703187431226,7
2024-09-18 15:23:45.427000,417.085754864224,15
2024-09-18 15:23:45.525000,417.0712855702838,97
2024-09-18 15:23:45.551000,417.0787188252567,103
2024-09-18 15:23:45.631000,417.08325975461975,7
2024-09-18 15:23:45.678000,417.0783087570776,999
2024-09-18 15:23:45.733000,417.0698911120079,995
2024-09-18 15:23:45.736000,417.0802962419272,10
2024-09-18 15:23:45.763000,417.06827535593936,100
2024-09-18 15:23:45.813000,417.0629411839021,97
2024-09-18 15:23:46.045000,417.01441775097913,1005
2024-09-18 15:23:46.054000,417.00408077535366,95
2024-09-18 15:23:46.062000,417.0022609117386,999
2024-09-18 15:23:46.103000,417.0360192084019,14
2024-09-18 15:23:46.127000,417.0216986309599,1001
2024-09-18 15:23:46.156000,417.0576683266457,999
2024-09-18 15:23:46.174000,417.0160352583154,9
2024-09-18 15:23:46.184000,417.0135483862948,99
2024-09-18 15:23:46.194000,417.0102643083755,97
2024-09-18 15:23:46.223000,417.0179760529319,98
2024-09-18 15:23:46.307000,417.06187492512345,1000
2024-09-18 15:23:46.352000,417.0348234474234,102
2024-09-18 15:23:46.401000,417.0157390246616,15
2024-09-18 15:23:46.450000,416.9979776136305,102
2024-09-18 15:23:46.481000,417.04538006223055,99
2024-09-18 15:23:46.544000,417.0177100515572,96
2024-09-18 15:23:46.591000,417.0246863036644,105
2024-09-18 15:23:46.634000,417.0106777403609,97
2024-09-18 15:23:46.744000,417.0071848547301,101
2024-09-18 15:23:46.763000,417.02416527696414,13
2024-09-18 15:23:46.766000,417.01983582619687,98
2024-09-18 15:23:46.906000,417.0125027403448,1000
2024-09-18 15:23:46.931000,417.0272489787525,5
2024-09-18 15:23:46.943000,417.00559846370754,102
2024-09-18 15:23:46.956000,417.0120149474112,99
2024-09-18 15:23:46.989000,417.0100667162151,8
2024-09-18 15:23:48.076000,416.9950429595455,15
2024-09-18 15:23:48.173000,417.0062980480948,102
2024-09-18 15:23:48.280000,417.020215218494,10
2024-09-18 15:23:48.346000,417.000674242073,1005
2024-09-18 15:23:48.347000,417.00407312658814,6
2024-09-18 15:23:48.366000,417.00491956238,104
2024-09-18 15:23:48.394000,417.0049832861122,99
2024-09-18 15:23:48.451000,417.0114688172733,5
2024-09-18 15:23:48.458000,416.9805909951002,6
2024-09-18 15:23:48.510000,417.0505033147069,9
2024-09-18 15:23:48.534000,417.0456516444671,997
2024-09-18 15:23:48.541000,417.0752011099365,103
2024-09-18 15:23:48.592000,417.1151369696176,11
2024-09-18 15:23:48.601000,417.0488841333365,998
2024-09-18 15:23:48.620000,417.0745147468825,105
2024-09-18 15:23:48.682000,417.0376282957718,14
2024-09-18 15:23:48.683000,417.0021171000818,104
2024-09-18 15:23:48.696000,416.9939376476272,11
2024-09-18 15:23:48.774000,417.00025557705305,96
2024-09-18 15:23:48.783000,416.998806949633,997
2024-09-18 15:23:48.784000,417.05077291022553,997
2024-09-18 15:23:48.803000,417.0830268844053,1004
2024-09-18 15:23:48.803000,416.9996561319043,10
2024-09-18 15:23:48.860000,417.0103812796024,6
2024-09-18 15:23:48.915000,417.0023916734556,12
2024-09-18 15:23:48.953000,417.003390555276,1000
2024-09-18 15:23:48.973000,417.00865455329273,7
2024-09-18 15:23:49.004000,417.10947784666666,996
2024-09-18 15:23:49.027000,417.0702635056895,15
2024-09-18 15:23:49.225000,417.0558830763224,11
2024-09-18 15:23:49.249000,417.0439766002564,1004
2024-09-18 15:23:49.273000,417.0958878435598,101
2024-09-18 15:23:49.277000,417.0962435328244,11
2024-09-18 15:23:49.421000,417.1036566259058,104
2024-09-18 15:23:49.453000,417.06459162321033,105
2024-09-18 15:23:49.467000,416.9966278092039,95
2024-09-18 15:23:49.472000,417.0100653268715,95
2024-09-18 15:23:49.488000,417.1010795184442,11
2024-09-18 15:23:49.524000,417.04722070149313,104
2024-09-18 15:23:49.582000,417.0071107683029,7
2024-09-18 15:23:49.590000,417.034765138798,998
2024-09-18 15:23:49.592000,417.0564821300915,14
2024-09-18 15:23:49.616000,417.01964729079344,15
2024-09-18 15:23:49.618000,417.0987681186088,995
2024-09-18 15:23:49.669000,417.101534260612,12
2024-09-18 15:23:49.684000,417.1035463262004,15
2024-09-18 15:23:49.770000,417.0793384582501,95
2024-09-18 15:23:49.798000,417.0511152171762,96
2024-09-18 15:23:49.807000,417.0626389321346,6
2024-09-18 15:23:49.870000,417.0064981610087,1005
2024-09-18 15:23:49.950000,417.09335621984127,105
2024-09-18 15:23:49.959000,417.01003275608906,96
2024-09-18 15:23:50.012000,417.0093504048472,999
2024-09-18 15:23:50.356000,417.0214110932894,100
2024-09-18 15:23:50.402000,417.0204100324185,7
2024-09-18 15:23:51.028000,417.0159481610037,96
2024-09-18 15:23:51.146000,417.0054568168364,13
2024-09-18 15:23:51.152000,417.0078733941666,6
2024-09-18 15:23:51.185000,417.0062265804932,103
2024-09-18 15:23:51.192000,417.0262181055013,105
2024-09-18 15:23:51.356000,417.0102567998316,10
2024-09-18 15:23:51.458000,417.0139752657848,999
2024-09-18 15:23:51.486000,417.0268002576025,5
2024-09-18 15:23:51.502000,417.0087635050604,98
2024-09-18 15:23:51.534000,417.0171490659944,1005
2024-09-18 15:23:51.546000,417.0252348541461,8
2024-09-18 15:23:51.557000,417.0386356983827,15
2024-09-18 15:23:51.586000,417.0058889105906,95
2024-09-18 15:23:51.598000,417.0014922055746,1000
2024-09-18 15:23:51.642000,417.0346040307265,997
2024-09-18 15:23:51.790000,417.0168945373284,5
2024-09-18 15:23:51.821000,417.04437319503626,95
2024-09-18 15:23:51.969000,417.0099704333555,1001
2024-09-18 15:23:51.985000,417.0218095755396,104
2024-09-18 15:23:51.987000,417.0151122470453,15
2024-09-18 15:23:51.987000,417.0166299250501,6
2024-09-18 15:23:52.050000,416.96871981684,5
2024-09-18 15:23:52.096000,417.04445682478206,99
2024-09-18 15:23:52.156000,417.0207907553195,6
2024-09-18 15:23:52.259000,416.9839089415723,104
2024-09-18 15:23:52.297000,417.0315180941797,95
2024-09-18 15:23:52.349000,417.00445720406105,102
2024-09-18 15:23:52.369000,416.9698836673304,98
2024-09-18 15:23:52.373000,416.98457772734935,8
2024-09-18 15:23:52.421000,416.9880512769207,103
2024-09-18 15:23:52.433000,417.0070048588176,1000
2024-09-18 15:23:52.441000,416.9921922314932,101
2024-09-18 15:23:52.458000,417.0511998918167,1000
2024-09-18 15:23:52.522000,416.9952517407153,97
2024-09-18 15:23:52.612000,416.9795716727672,104
2024-09-18 15:23:52.750000,416.9896713380183,95
2024-09-18 15:23:52.866000,416.96013810929816,997
2024-09-18 15:23:52.946000,416.9834686751119,996
2024-09-18 15:23:53.197000,416.9294055779655,105
2024-09-18 15:23:53.316000,416.9269098447319,7
2024-09-18 15:23:53.326000,416.94833117497785,1000
2024-09-18 15:23:53.481000,416.9444588817464,1002
2024-09-18 15:23:53.508000,416.9289936676445,997
2024-09-18 15:23:53.623000,416.9357344385836,1000
2024-09-18 15:23:53.775000,416.94109545727673,1002
2024-09-18 15:23:53.809000,416.9274747431595,14
2024-09-18 15:23:54.138000,416.8984543903939,1000
2024-09-18 15:23:54.440000,416.8952768726936,998
2024-09-18 15:23:54.520000,416.92190670735255,1004
2024-09-18 15:23:54.625000,416.9160302310543,1003
2024-09-18 15:23:54.636000,416.90830784281616,7
2024-09-18 15:23:54.708000,416.9049997430257,1005
2024-09-18 15:23:54.710000,409.9690723125688,1005
2024-09-18 15:23:54.715000,416.9338105231334,999
2024-09-18 15:23:54.793000,416.9083121579169,101
2024-09-18 15:23:54.796000,416.9199734133491,101
2024-09-18 15:23:54.823000,416.9139633273371,14
2024-09-18 15:23:55.264000,416.9008285665541,7
2024-09-18 15:23:55.490000,416.9299377736767,1000
2024-09-18 15:23:55.501000,416.9007972830301,95
2024-09-18 15:23:55.557000,416.8781700848377,101
2024-09-18 15:23:55.618000,416.93142672460897,11
2024-09-18 15:23:55.630000,416.9357083877852,12
2024-09-18 15:23:55.883000,416.9172474321964,12
2024-09-18 15:23:56.214000,416.93452562515614,97
2024-09-18 15:23:56.248000,416.9346632942455,99
2024-09-18 15:23:56.934000,416.95495615053824,9
2024-09-18 15:23:57.993000,416.9955772735511,104
2024-09-18 15:23:59.027000,417.0466377218051,100
2024-09-18 15:23:59.037000,417.0041154400871,5
2024-09-18 15:23:59.064000,417.0051694595065,101
2024-09-18 15:23:59.086000,417.0374857177584,998
2024-09-18 15:23:59.123000,417.039562731816,5
2024-09-18 15:23:59.196000,417.0321149385744,12
2024-09-18 15:23:59.211000,417.0206246575265,97
2024-09-18 15:23:59.255000,417.0280033901585,103
2024-09-18 15:23:59.329000,417.0213269854107,10
2024-09-18 15:23:59.403000,417.03778652811707,100
2024-09-18 15:23:59.404000,417.0542834519516,14
2024-09-18 15:23:59.412000,417.0410500871697,95
2024-09-18 15:23:59.426000,417.0193880341103,104
2024-09-18 15:23:59.558000,417.0240841058172,6
2024-09-18 15:23:59.558000,417.0519656310109,5
2024-09-18 15:23:59.589000,417.04045027202966,11
2024-09-18 15:23:59.811000,416.9856677781222,999
2024-09-18 15:23:59.876000,417.043699161161,99
2024-09-18 15:23:59.914000,417.0520393145224,1001
2024-09-18 15:23:59.920000,417.005027788815,997
2024-09-18 15:23:59.923000,417.03673003663954,1002
2024-09-18 15:23:59.933000,417.06288370479206,15
2024-09-18 15:23:59.942000,417.0492120347117,101
