Timestamp,Price,Size
2024-09-17 10:50:00,415.4363110343815,996
2024-09-17 10:50:00.098000,415.4548642235183,1004
2024-09-17 10:50:00.167000,415.4419434379445,999
2024-09-17 10:50:00.214000,415.469635289179,1003
2024-09-17 10:50:00.229000,415.4510335378045,96
2024-09-17 10:50:00.276000,415.4462999425916,15
2024-09-17 10:50:00.276000,415.44727568354375,7
2024-09-17 10:50:00.291000,415.4255907758231,996
2024-09-17 10:50:00.300000,415.4588559869978,1004
2024-09-17 10:50:00.394000,415.4541503591326,1005
2024-09-17 10:50:00.460000,415.46337566361314,101
2024-09-17 10:50:00.503000,415.4744659538201,14
2024-09-17 10:50:00.603000,415.4470833306431,95
2024-09-17 10:50:00.683000,415.45696116908937,1000
2024-09-17 10:50:00.910000,415.46726777304815,9
2024-09-17 10:50:01.047000,415.4859125859191,1005
2024-09-17 10:50:01.053000,415.4821686967019,997
2024-09-17 10:50:01.086000,415.4483234132082,998
2024-09-17 10:50:01.145000,415.4565119694556,101
2024-09-17 10:50:01.184000,415.3696459774453,95
2024-09-17 10:50:01.220000,415.46007976552704,998
2024-09-17 10:50:01.264000,415.48845386641375,996
2024-09-17 10:50:01.265000,415.3711768314863,14
2024-09-17 10:50:01.308000,415.4792000176002,1002
2024-09-17 10:50:01.322000,415.4390122128591,11
2024-09-17 10:50:01.326000,415.4284901972614,997
2024-09-17 10:50:01.351000,415.3742656920895,12
2024-09-17 10:50:01.416000,415.38181002301343,99
2024-09-17 10:50:01.445000,415.431333029721,5
2024-09-17 10:50:01.654000,415.41692754560967,1001
2024-09-17 10:50:01.729000,415.4314319814072,1001
2024-09-17 10:50:01.930000,415.4054528468076,999
2024-09-17 10:50:01.946000,415.4725123220291,96
2024-09-17 10:50:02.276000,415.3969006982133,12
2024-09-17 10:50:02.286000,415.3829248844021,104
2024-09-17 10:50:02.536000,415.3817828065155,1004
2024-09-17 10:50:02.914000,415.38447566655447,101
2024-09-17 10:50:03.332000,415.4320357530489,997
2024-09-17 10:50:03.816000,415.4069807040076,103
2024-09-17 10:50:03.949000,415.4244807374467,98
2024-09-17 10:50:04.043000,415.3708087572333,996
2024-09-17 10:50:04.074000,415.40670105052976,101
2024-09-17 10:50:04.114000,415.4121923744027,1003
2024-09-17 10:50:04.145000,415.3471156862205,103
2024-09-17 10:50:04.189000,415.3586897900434,1000
2024-09-17 10:50:04.847000,415.386502865336,998
2024-09-17 10:50:04.852000,415.36911897749866,6
2024-09-17 10:50:04.864000,415.3736771986205,105
2024-09-17 10:50:04.878000,415.3755029062483,5
2024-09-17 10:50:04.908000,415.36167591397935,13
2024-09-17 10:50:04.921000,415.333661378993,98
2024-09-17 10:50:04.943000,415.3876037830297,8
2024-09-17 10:50:04.959000,415.3460038040772,12
2024-09-17 10:50:05.028000,415.3152391022581,998
2024-09-17 10:50:05.161000,415.3640939644209,997
2024-09-17 10:50:05.206000,415.36765141278096,99
2024-09-17 10:50:05.223000,415.39078444898576,99
2024-09-17 10:50:05.255000,415.347316244074,104
2024-09-17 10:50:05.285000,415.29942383823766,1003
2024-09-17 10:50:05.292000,415.309233735422,9
2024-09-17 10:50:05.355000,415.34741485022334,1002
2024-09-17 10:50:05.370000,415.37311635958497,102
2024-09-17 10:50:05.577000,415.3659410969961,7
2024-09-17 10:50:05.585000,415.35998150729216,1003
2024-09-17 10:50:05.588000,415.3797071671697,11
2024-09-17 10:50:05.601000,415.3855727638156,12
2024-09-17 10:50:05.626000,415.3925008179826,997
2024-09-17 10:50:05.691000,415.37007161794367,997
2024-09-17 10:50:05.695000,415.3683521362731,5
2024-09-17 10:50:05.720000,415.36263877051135,995
2024-09-17 10:50:05.765000,415.3180727028663,997
2024-09-17 10:50:05.820000,415.40082169007405,1000
2024-09-17 10:50:05.830000,415.3920670213137,14
2024-09-17 10:50:05.831000,415.3803247093465,1002
2024-09-17 10:50:05.907000,415.354930533575,999
2024-09-17 10:50:05.933000,415.3915563824612,103
2024-09-17 10:50:05.982000,415.4037160490304,97
2024-09-17 10:50:06.103000,415.2932022482049,1001
2024-09-17 10:50:06.355000,415.3189726834959,95
2024-09-17 10:50:06.714000,415.30263463484977,97
2024-09-17 10:50:06.791000,415.2911293836384,97
2024-09-17 10:50:06.927000,415.2948498117739,11
2024-09-17 10:50:07.189000,415.3274348436582,1004
2024-09-17 10:50:07.255000,415.3398897595402,14
2024-09-17 10:50:07.549000,415.3334877673441,5
2024-09-17 10:50:07.589000,415.3216755036803,101
2024-09-17 10:50:07.649000,415.32323334270217,6
2024-09-17 10:50:07.852000,415.339687989504,6
2024-09-17 10:50:07.966000,415.344876856321,10
2024-09-17 10:50:08.033000,415.29220562187936,998
2024-09-17 10:50:08.070000,415.2985110716778,995
2024-09-17 10:50:08.072000,415.3093995823704,1000
2024-09-17 10:50:08.075000,415.3353627154248,97
2024-09-17 10:50:08.152000,415.3192779336616,1005
2024-09-17 10:50:08.235000,415.3412046803842,995
2024-09-17 10:50:08.335000,415.2873716219887,998
2024-09-17 10:50:08.393000,415.3311226548408,1001
2024-09-17 10:50:08.433000,415.2998538222938,7
2024-09-17 10:50:08.475000,415.33537166320497,7
2024-09-17 10:50:08.475000,415.3209476709271,997
2024-09-17 10:50:08.477000,415.2729214378255,9
2024-09-17 10:50:08.548000,415.2651109504876,997
2024-09-17 10:50:08.557000,415.3554469376366,100
2024-09-17 10:50:08.626000,415.3182337238658,5
2024-09-17 10:50:08.720000,415.26375912720033,99
2024-09-17 10:50:08.762000,415.27932149617766,105
2024-09-17 10:50:08.763000,415.2706974178424,995
2024-09-17 10:50:08.830000,415.311727515618,1005
2024-09-17 10:50:08.853000,415.3488894749764,104
2024-09-17 10:50:08.871000,415.2650491075545,995
2024-09-17 10:50:08.928000,415.2734472514957,7
2024-09-17 10:50:08.960000,415.3549405388066,98
2024-09-17 10:50:09.151000,415.3219724905102,100
2024-09-17 10:50:09.734000,415.3201888480074,98
2024-09-17 10:50:10.195000,415.312491878607,14
2024-09-17 10:50:10.643000,415.3156716107407,998
2024-09-17 10:50:10.942000,415.3268842844734,1001
2024-09-17 10:50:12.679000,415.3386996938538,103
2024-09-17 10:50:13.328000,415.36106906725166,1001
2024-09-17 10:50:13.328000,415.3331694299065,7
2024-09-17 10:50:13.388000,415.3244983035487,14
2024-09-17 10:50:13.498000,415.3414267968106,11
2024-09-17 10:50:13.575000,415.3410388163968,995
2024-09-17 10:50:13.592000,415.3678374251196,95
2024-09-17 10:50:13.665000,415.362062101497,9
2024-09-17 10:50:13.694000,415.351317054127,995
2024-09-17 10:50:13.712000,415.3360687445823,99
2024-09-17 10:50:13.891000,415.3160701451568,996
2024-09-17 10:50:13.930000,415.360247166849,6
2024-09-17 10:50:13.984000,415.3571216606097,12
2024-09-17 10:50:14.159000,415.3514467671564,7
2024-09-17 10:50:14.295000,415.3218252340865,998
2024-09-17 10:50:14.336000,415.30117036634766,996
2024-09-17 10:50:14.522000,415.3404335980434,102
2024-09-17 10:50:14.528000,415.3486361821223,96
2024-09-17 10:50:14.627000,415.3657438103527,1000
2024-09-17 10:50:14.853000,415.3437767686691,99
2024-09-17 10:50:14.895000,415.3653207027989,99
2024-09-17 10:50:15.005000,415.34398513678303,1003
2024-09-17 10:50:15.015000,415.3772441429932,102
2024-09-17 10:50:15.022000,415.3370265065923,10
2024-09-17 10:50:15.031000,415.3943206663757,8
2024-09-17 10:50:15.034000,415.3560433875941,7
2024-09-17 10:50:15.087000,415.3675403242978,998
2024-09-17 10:50:15.132000,415.4116978489527,14
2024-09-17 10:50:15.230000,415.38988079379857,15
2024-09-17 10:50:15.261000,415.3684004406068,7
2024-09-17 10:50:15.337000,415.3422440812437,95
2024-09-17 10:50:15.442000,415.3504365769306,11
2024-09-17 10:50:15.511000,415.4226452898769,998
2024-09-17 10:50:15.522000,415.3398463724072,1005
2024-09-17 10:50:15.698000,415.4055866896808,9
2024-09-17 10:50:15.708000,415.359157379148,8
2024-09-17 10:50:15.711000,415.42216464080354,998
2024-09-17 10:50:15.739000,415.3583805401644,1005
2024-09-17 10:50:15.740000,415.3430595386505,104
2024-09-17 10:50:15.766000,415.3869090132685,99
2024-09-17 10:50:15.770000,415.4051573481793,1004
2024-09-17 10:50:15.788000,415.38734345353225,103
2024-09-17 10:50:15.844000,415.3073911617272,998
2024-09-17 10:50:15.851000,415.34705053646536,97
2024-09-17 10:50:15.903000,415.340812157642,7
2024-09-17 10:50:15.937000,415.3597971950842,15
2024-09-17 10:50:15.942000,415.3541950651629,10
2024-09-17 10:50:15.946000,415.3883997588886,995
2024-09-17 10:50:15.955000,415.36986788165166,6
2024-09-17 10:50:16.021000,415.4092259596158,1003
2024-09-17 10:50:16.025000,415.4243675535175,9
2024-09-17 10:50:16.086000,415.4211911901569,100
2024-09-17 10:50:16.101000,415.42078894175137,998
2024-09-17 10:50:16.271000,415.4291897930914,101
2024-09-17 10:50:16.307000,415.41690819950594,101
2024-09-17 10:50:16.368000,415.43988693850935,101
2024-09-17 10:50:16.691000,415.4341781177656,1004
2024-09-17 10:50:16.786000,415.44163065205487,1005
2024-09-17 10:50:16.799000,415.429622877939,98
2024-09-17 10:50:16.916000,415.4300262158154,104
2024-09-17 10:50:17.057000,415.3833179335504,9
2024-09-17 10:50:17.161000,415.3860503726639,7
2024-09-17 10:50:17.199000,415.4014667506355,12
2024-09-17 10:50:17.298000,415.42277075902655,11
2024-09-17 10:50:17.320000,415.4052210577164,11
2024-09-17 10:50:17.506000,415.3977030087949,1003
2024-09-17 10:50:17.570000,415.42639607188346,13
2024-09-17 10:50:17.589000,415.41593729249104,5
2024-09-17 10:50:17.731000,415.4333143610686,101
2024-09-17 10:50:18.035000,415.4026127559633,1002
2024-09-17 10:50:18.081000,415.4105662828605,1004
2024-09-17 10:50:18.152000,415.4136410831294,8
2024-09-17 10:50:18.318000,415.4087511754801,100
2024-09-17 10:50:18.348000,415.4320887381591,1001
2024-09-17 10:50:18.503000,415.4005708757824,101
2024-09-17 10:50:18.781000,415.3949068215712,12
2024-09-17 10:50:18.782000,415.39950319173306,5
2024-09-17 10:50:19.012000,415.32952995914906,1003
2024-09-17 10:50:19.050000,415.3207419821338,9
2024-09-17 10:50:19.197000,415.33691598089945,997
2024-09-17 10:50:19.275000,415.3790599604897,12
2024-09-17 10:50:19.311000,415.332604231838,1002
2024-09-17 10:50:19.351000,415.3269404090548,7
2024-09-17 10:50:19.383000,415.3271696885276,1004
2024-09-17 10:50:19.437000,415.2950528506912,998
2024-09-17 10:50:19.454000,415.3102178818312,95
2024-09-17 10:50:19.495000,415.32284296612426,14
2024-09-17 10:50:19.574000,415.3034887525528,11
2024-09-17 10:50:19.575000,415.3234388704505,7
2024-09-17 10:50:19.623000,415.2967496622016,96
2024-09-17 10:50:19.674000,415.3179976943793,103
2024-09-17 10:50:19.869000,415.3039979705837,997
2024-09-17 10:50:19.874000,415.34005762903473,95
2024-09-17 10:50:19.928000,415.33923418136,10
2024-09-17 10:50:20.094000,415.3339110710288,97
2024-09-17 10:50:20.125000,415.3521732268033,12
2024-09-17 10:50:20.142000,415.342012168185,97
2024-09-17 10:50:20.158000,415.3329950769567,104
2024-09-17 10:50:20.416000,415.3401950465943,101
2024-09-17 10:50:20.501000,415.3257723822247,105
2024-09-17 10:50:20.656000,415.32917356643287,99
2024-09-17 10:50:20.760000,415.3498639719431,1001
2024-09-17 10:50:20.963000,415.3379854106175,1001
2024-09-17 10:50:20.971000,415.3489015242094,7
2024-09-17 10:50:21.091000,415.3128799705879,15
2024-09-17 10:50:21.154000,415.2900065407226,98
2024-09-17 10:50:21.218000,415.3330358870561,13
2024-09-17 10:50:21.296000,415.2522085621153,96
2024-09-17 10:50:21.304000,415.2802696867337,7
2024-09-17 10:50:21.325000,415.2864243224568,5
2024-09-17 10:50:21.367000,415.2817758920616,1003
2024-09-17 10:50:21.378000,415.3035150090099,999
2024-09-17 10:50:21.388000,415.2587998114093,104
2024-09-17 10:50:21.425000,415.25731655463176,8
2024-09-17 10:50:21.534000,415.29854239692907,104
2024-09-17 10:50:21.701000,415.28852415190966,6
2024-09-17 10:50:21.769000,415.3367957481019,97
2024-09-17 10:50:21.780000,415.2566930131106,1005
2024-09-17 10:50:21.797000,415.2890547718255,12
2024-09-17 10:50:21.827000,415.2761383907587,12
2024-09-17 10:50:21.880000,415.2337638280388,12
2024-09-17 10:50:21.907000,415.2453579649224,995
2024-09-17 10:50:21.922000,415.2566851050003,997
2024-09-17 10:50:22.008000,415.330742550263,13
2024-09-17 10:50:22.110000,415.3495229930405,6
2024-09-17 10:50:22.129000,415.3258390622009,104
2024-09-17 10:50:22.134000,415.3464762571165,96
2024-09-17 10:50:22.136000,415.3869296648008,105
2024-09-17 10:50:22.275000,415.3127430227421,15
2024-09-17 10:50:22.275000,415.30497215183857,10
2024-09-17 10:50:22.287000,415.3215328281883,1001
2024-09-17 10:50:22.298000,415.34311685519634,7
2024-09-17 10:50:22.314000,415.3107863739312,7
2024-09-17 10:50:22.330000,415.3514529189285,102
2024-09-17 10:50:22.338000,415.3243199736797,101
2024-09-17 10:50:22.379000,415.3238183491546,99
2024-09-17 10:50:22.395000,415.3055179915992,5
2024-09-17 10:50:22.406000,415.388944061256,12
2024-09-17 10:50:22.440000,415.3017338426963,8
2024-09-17 10:50:22.442000,415.35172303844297,6
2024-09-17 10:50:22.444000,415.3725304470435,99
2024-09-17 10:50:22.491000,415.407301817496,998
2024-09-17 10:50:22.505000,415.3855023935266,95
2024-09-17 10:50:22.583000,415.3413927395912,7
2024-09-17 10:50:22.585000,415.3446969265649,1005
2024-09-17 10:50:22.604000,415.3627686388548,1001
2024-09-17 10:50:22.637000,415.3632124601017,1000
2024-09-17 10:50:22.657000,415.3409309509036,1000
2024-09-17 10:50:22.821000,415.3351655151795,5
2024-09-17 10:50:22.821000,415.2901418846821,10
2024-09-17 10:50:22.970000,415.34353098126047,12
2024-09-17 10:50:22.970000,415.334535758248,100
2024-09-17 10:50:23.011000,415.3096810758428,1003
2024-09-17 10:50:23.103000,415.3470448367006,9
2024-09-17 10:50:23.200000,415.33103552743546,104
2024-09-17 10:50:23.229000,415.329525605689,995
2024-09-17 10:50:23.238000,415.3551054238213,101
2024-09-17 10:50:23.310000,415.3314039918869,1003
2024-09-17 10:50:23.439000,415.3068148778475,996
2024-09-17 10:50:23.444000,415.32174781886494,8
2024-09-17 10:50:23.641000,415.32598653211886,995
2024-09-17 10:50:23.644000,415.3138069123482,97
2024-09-17 10:50:23.699000,415.3388753833023,999
2024-09-17 10:50:23.826000,415.3285570070399,101
2024-09-17 10:50:23.866000,415.3406554616976,5
2024-09-17 10:50:23.883000,415.35695739206847,5
2024-09-17 10:50:23.981000,415.3229312904337,100
2024-09-17 10:50:24.020000,415.28523897388806,1005
2024-09-17 10:50:24.047000,415.28955714156416,1002
2024-09-17 10:50:24.088000,415.2899751387894,10
2024-09-17 10:50:24.371000,415.3028351201439,1003
2024-09-17 10:50:24.378000,415.3000500456305,997
2024-09-17 10:50:24.393000,415.2926761252253,102
2024-09-17 10:50:24.441000,415.2785016113513,998
2024-09-17 10:50:24.467000,415.2930931520488,7
2024-09-17 10:50:24.488000,415.3116541559011,14
2024-09-17 10:50:24.584000,415.2953397614861,95
2024-09-17 10:50:24.588000,415.2838486969685,100
2024-09-17 10:50:24.679000,415.3229982534843,1002
2024-09-17 10:50:24.712000,415.2983877940665,997
2024-09-17 10:50:24.742000,415.2784690748884,5
2024-09-17 10:50:24.770000,415.2819785061697,1001
2024-09-17 10:50:24.821000,415.3005062237858,1000
2024-09-17 10:50:24.848000,415.2844589537132,97
2024-09-17 10:50:24.860000,415.28351873701104,12
2024-09-17 10:50:24.861000,415.3027460053304,9
2024-09-17 10:50:24.937000,415.2998797734023,95
2024-09-17 10:50:24.967000,415.2960634077593,5
2024-09-17 10:50:25.074000,415.3236057516709,97
2024-09-17 10:50:25.276000,415.2722490376559,7
2024-09-17 10:50:25.315000,415.3092161698261,97
2024-09-17 10:50:25.361000,415.3294125896602,98
2024-09-17 10:50:25.570000,415.31413173201537,1004
2024-09-17 10:50:26.135000,415.3346093766689,6
2024-09-17 10:50:26.159000,415.3369277865307,8
2024-09-17 10:50:26.218000,415.3537669564223,997
2024-09-17 10:50:26.235000,415.3485051194133,998
2024-09-17 10:50:26.253000,415.37723002291295,96
2024-09-17 10:50:26.258000,415.3545286726781,997
2024-09-17 10:50:26.298000,415.340529445911,9
2024-09-17 10:50:26.366000,415.36281162726624,996
2024-09-17 10:50:26.373000,415.3751470516638,101
2024-09-17 10:50:26.392000,415.3428023293387,95
2024-09-17 10:50:26.468000,415.3656249913886,997
2024-09-17 10:50:26.586000,415.3709588599755,6
2024-09-17 10:50:26.617000,415.3579645166949,1002
2024-09-17 10:50:26.652000,415.3625055516275,999
2024-09-17 10:50:26.657000,415.3330808667044,96
2024-09-17 10:50:26.681000,415.33129025455656,97
2024-09-17 10:50:26.687000,415.3828570662159,996
2024-09-17 10:50:26.736000,415.35233508758085,12
2024-09-17 10:50:26.809000,415.3508482821753,995
2024-09-17 10:50:26.964000,415.3766344410319,9
2024-09-17 10:50:26.975000,415.35005855889,1002
2024-09-17 10:50:26.977000,415.3663152798538,101
2024-09-17 10:50:26.993000,415.3549593736907,998
2024-09-17 10:50:27.029000,415.38674535191257,8
2024-09-17 10:50:27.042000,415.366976922131,105
2024-09-17 10:50:27.053000,415.3382784868542,6
2024-09-17 10:50:27.055000,415.4233458274598,1001
2024-09-17 10:50:27.074000,415.3459236224061,9
2024-09-17 10:50:27.077000,415.45172727468,1004
2024-09-17 10:50:27.168000,415.3221379369216,998
2024-09-17 10:50:27.180000,415.4138777403305,9
2024-09-17 10:50:27.207000,415.3551904957278,101
2024-09-17 10:50:27.245000,415.3854789311988,997
2024-09-17 10:50:27.246000,415.4266329320349,100
2024-09-17 10:50:27.289000,415.46776363156135,15
2024-09-17 10:50:27.308000,415.4240526636257,1005
2024-09-17 10:50:27.310000,415.3738140998945,96
2024-09-17 10:50:27.472000,415.3594506991348,102
2024-09-17 10:50:27.684000,415.3986936399518,1002
2024-09-17 10:50:27.703000,415.4249725044264,12
2024-09-17 10:50:27.732000,415.4635493165503,101
2024-09-17 10:50:27.806000,415.456473155346,1002
2024-09-17 10:50:27.806000,415.3604270270631,1004
2024-09-17 10:50:27.837000,415.3682569200616,98
2024-09-17 10:50:27.879000,415.41444902855966,100
2024-09-17 10:50:27.958000,415.4126332195464,1000
2024-09-17 10:50:28.075000,415.5104179368041,7
2024-09-17 10:50:28.174000,415.4775864392888,5
2024-09-17 10:50:28.218000,415.4832338866471,995
2024-09-17 10:50:28.219000,415.4741354482733,10
2024-09-17 10:50:28.293000,415.49822709925496,102
2024-09-17 10:50:28.332000,415.4905618276201,100
2024-09-17 10:50:28.378000,415.5219697325678,100
2024-09-17 10:50:28.419000,415.4736266760539,103
2024-09-17 10:50:28.450000,415.4757371119945,997
2024-09-17 10:50:28.597000,415.506269316419,7
2024-09-17 10:50:28.629000,415.5041963404996,101
2024-09-17 10:50:28.740000,415.4753795451148,5
2024-09-17 10:50:28.769000,415.491781641732,13
2024-09-17 10:50:28.772000,415.4822407480986,999
2024-09-17 10:50:28.780000,415.4729853216421,105
2024-09-17 10:50:28.784000,415.4829785428339,998
2024-09-17 10:50:28.785000,415.49635159044016,1003
2024-09-17 10:50:28.875000,415.4766444427974,96
2024-09-17 10:50:28.879000,415.48747408571006,14
2024-09-17 10:50:28.915000,415.4883760509085,104
2024-09-17 10:50:28.994000,415.4792680176597,7
2024-09-17 10:50:28.999000,415.4632401598242,105
2024-09-17 10:50:29.128000,415.5437566535847,14
2024-09-17 10:50:29.345000,415.53431339230485,96
2024-09-17 10:50:29.355000,415.53707021241655,997
2024-09-17 10:50:29.358000,415.5482443259937,96
2024-09-17 10:50:29.394000,415.5157313459208,98
2024-09-17 10:50:29.479000,415.5265667615727,96
2024-09-17 10:50:29.567000,415.5396407722352,105
2024-09-17 10:50:29.567000,415.53742227436567,1003
2024-09-17 10:50:29.600000,415.5418427417294,97
2024-09-17 10:50:29.611000,415.5417833572145,105
2024-09-17 10:50:29.731000,415.5459982446546,102
2024-09-17 10:50:29.735000,415.5304152018716,8
2024-09-17 10:50:29.803000,415.5370843156114,96
2024-09-17 10:50:29.806000,415.5240602394031,8
2024-09-17 10:50:29.814000,415.5389952385973,1004
2024-09-17 10:50:29.815000,415.5394965782596,8
2024-09-17 10:50:29.941000,415.5399129777401,1005
2024-09-17 10:50:29.980000,415.5153596890889,6
2024-09-17 10:50:29.987000,415.54537909987465,8
2024-09-17 10:50:30.083000,415.4945402842444,10
2024-09-17 10:50:30.138000,415.4457737274127,1002
2024-09-17 10:50:30.313000,415.5217150444662,7
2024-09-17 10:50:30.345000,415.4914223164862,105
2024-09-17 10:50:30.375000,415.5100466451512,1002
2024-09-17 10:50:30.414000,415.48375142836727,104
2024-09-17 10:50:30.432000,415.5243613191104,13
2024-09-17 10:50:30.446000,415.4761734094668,1000
2024-09-17 10:50:30.485000,415.5351099869862,1000
2024-09-17 10:50:30.532000,415.49018926709147,102
2024-09-17 10:50:30.706000,415.4587238485246,102
2024-09-17 10:50:30.709000,415.503142396136,100
2024-09-17 10:50:30.734000,415.46232802122586,1001
2024-09-17 10:50:30.741000,415.52928933546366,9
2024-09-17 10:50:30.761000,415.4952585962337,1002
2024-09-17 10:50:30.837000,415.5039607288201,1003
2024-09-17 10:50:30.845000,415.50992796163325,998
2024-09-17 10:50:30.919000,415.5075808859921,103
2024-09-17 10:50:30.946000,415.4920427291075,12
2024-09-17 10:50:30.953000,415.46506584878256,5
2024-09-17 10:50:30.960000,415.5042804436287,104
2024-09-17 10:50:31.098000,415.4744633604184,98
2024-09-17 10:50:31.110000,415.446523541482,102
2024-09-17 10:50:31.174000,415.46551189073296,96
2024-09-17 10:50:31.610000,415.46518580075485,1002
2024-09-17 10:50:31.627000,415.46917290428416,7
2024-09-17 10:50:31.784000,415.44754243683633,1002
2024-09-17 10:50:31.829000,415.4567295866589,1005
2024-09-17 10:50:31.987000,415.4600088960231,99
2024-09-17 10:50:32.004000,415.4143185885093,999
2024-09-17 10:50:32.007000,415.4702059172283,6
2024-09-17 10:50:32.010000,415.3833177013924,104
2024-09-17 10:50:32.035000,415.41484725000936,6
2024-09-17 10:50:32.178000,415.4143207358705,1002
2024-09-17 10:50:32.261000,415.4120106743068,6
2024-09-17 10:50:32.262000,415.4494328752848,12
2024-09-17 10:50:32.282000,415.42867904496734,1005
2024-09-17 10:50:32.295000,415.4265773558489,995
2024-09-17 10:50:32.343000,415.4582294284336,997
2024-09-17 10:50:32.391000,415.4525900137898,996
2024-09-17 10:50:32.410000,415.4034288994685,96
2024-09-17 10:50:32.446000,415.4129407176371,95
2024-09-17 10:50:32.474000,415.4025943829769,12
2024-09-17 10:50:32.520000,415.4233855785354,996
2024-09-17 10:50:32.577000,415.44304587256994,996
2024-09-17 10:50:32.604000,415.39744723298486,14
2024-09-17 10:50:32.608000,415.3860511339805,995
2024-09-17 10:50:32.615000,415.4205004819398,1000
2024-09-17 10:50:32.654000,415.4169895163868,15
2024-09-17 10:50:32.665000,415.4139984793388,97
2024-09-17 10:50:32.694000,415.4510118717809,6
2024-09-17 10:50:32.721000,415.4492927753778,1004
2024-09-17 10:50:32.741000,415.4188138442997,96
2024-09-17 10:50:32.804000,415.39301788228806,101
2024-09-17 10:50:32.824000,415.4527316927077,995
2024-09-17 10:50:32.830000,415.4221191637611,1004
2024-09-17 10:50:32.949000,415.4271136400697,97
2024-09-17 10:50:32.975000,415.4063748050341,10
2024-09-17 10:50:33.019000,415.4341131705257,97
2024-09-17 10:50:33.087000,415.4255386720769,95
2024-09-17 10:50:33.132000,415.4276721153576,99
2024-09-17 10:50:33.353000,415.3886487609956,6
2024-09-17 10:50:33.371000,415.3913068219761,999
2024-09-17 10:50:33.402000,415.432856354603,15
2024-09-17 10:50:33.425000,415.39375443706746,1000
2024-09-17 10:50:33.587000,415.39441726338544,7
2024-09-17 10:50:33.621000,415.3967984298092,96
2024-09-17 10:50:33.692000,415.38001922703495,1002
2024-09-17 10:50:33.724000,415.3908263162194,998
2024-09-17 10:50:33.740000,415.3819006824484,15
2024-09-17 10:50:33.888000,415.4014598297962,12
2024-09-17 10:50:33.920000,415.3735751317189,998
2024-09-17 10:50:34.020000,415.3898770402631,98
2024-09-17 10:50:34.062000,415.3808567436136,7
2024-09-17 10:50:34.155000,415.40330669694174,8
2024-09-17 10:50:34.163000,415.44166504108256,1000
2024-09-17 10:50:34.199000,415.40673840684497,995
2024-09-17 10:50:34.202000,415.4107540150381,8
2024-09-17 10:50:34.205000,415.4379715289085,102
2024-09-17 10:50:34.229000,415.39506964657306,97
2024-09-17 10:50:34.269000,415.4149793683275,998
2024-09-17 10:50:34.416000,415.40661699003584,11
2024-09-17 10:50:34.479000,415.4103062974567,14
2024-09-17 10:50:34.619000,415.41003987474886,1004
2024-09-17 10:50:34.643000,415.4233704075114,9
2024-09-17 10:50:34.689000,415.4173508621204,99
2024-09-17 10:50:34.729000,415.4207027228646,102
2024-09-17 10:50:34.743000,415.4084613807175,5
2024-09-17 10:50:34.777000,415.4009453231355,1001
2024-09-17 10:50:34.779000,415.41260738610265,101
2024-09-17 10:50:34.786000,415.41668858745095,1003
2024-09-17 10:50:34.841000,415.4261534135962,1001
2024-09-17 10:50:34.841000,415.4371575990749,8
2024-09-17 10:50:34.855000,415.40240340593976,8
2024-09-17 10:50:34.861000,415.4123688792031,101
2024-09-17 10:50:34.903000,415.3996148226587,9
2024-09-17 10:50:34.979000,415.4096494262116,105
2024-09-17 10:50:35.433000,415.4072203944414,997
2024-09-17 10:50:35.477000,415.4123178500472,11
2024-09-17 10:50:35.593000,415.4376801618942,15
2024-09-17 10:50:35.656000,415.4393232132819,995
2024-09-17 10:50:35.831000,415.3773410074808,1005
2024-09-17 10:50:35.837000,415.3809110254813,6
2024-09-17 10:50:35.966000,415.4065212402972,98
2024-09-17 10:50:36.015000,415.37051380127855,96
2024-09-17 10:50:36.026000,415.32189443963193,995
2024-09-17 10:50:36.028000,415.438023145524,98
2024-09-17 10:50:36.078000,415.4145035374056,101
2024-09-17 10:50:36.108000,415.422498820706,14
2024-09-17 10:50:36.234000,415.3679351998116,98
2024-09-17 10:50:36.290000,415.4341467091195,101
2024-09-17 10:50:36.382000,415.4661374117625,96
2024-09-17 10:50:36.473000,415.45414533446535,1001
2024-09-17 10:50:36.491000,415.4189018260773,10
2024-09-17 10:50:36.501000,415.4197414739468,999
2024-09-17 10:50:36.517000,415.3730032154079,995
2024-09-17 10:50:36.517000,415.4634585242024,1000
2024-09-17 10:50:36.528000,415.3602875027522,15
2024-09-17 10:50:36.537000,415.3396531179088,1001
2024-09-17 10:50:36.541000,415.42599010616095,5
2024-09-17 10:50:36.590000,415.4166436711094,998
2024-09-17 10:50:36.616000,415.42825758696034,95
2024-09-17 10:50:36.660000,415.4128225218803,103
2024-09-17 10:50:36.686000,415.4332959280365,1002
2024-09-17 10:50:36.766000,415.4169014406028,1000
2024-09-17 10:50:36.787000,415.4341230965866,997
2024-09-17 10:50:36.864000,415.4431691981606,11
2024-09-17 10:50:36.867000,415.4184247869202,5
2024-09-17 10:50:36.922000,415.41548638448734,1005
2024-09-17 10:50:36.949000,415.4179253940407,98
2024-09-17 10:50:36.982000,415.35254329795873,96
2024-09-17 10:50:37.005000,415.3473913874341,12
2024-09-17 10:50:37.052000,415.3344475246796,14
2024-09-17 10:50:37.052000,415.3205015760213,15
2024-09-17 10:50:37.071000,415.3215920237228,103
2024-09-17 10:50:37.098000,415.3283903309929,995
2024-09-17 10:50:37.164000,415.33474343160026,15
2024-09-17 10:50:37.172000,415.347287832227,1000
2024-09-17 10:50:37.269000,415.34055592386,15
2024-09-17 10:50:37.285000,415.3155443828725,996
2024-09-17 10:50:37.298000,415.31244955452365,1001
2024-09-17 10:50:37.365000,415.2971729109856,101
2024-09-17 10:50:37.393000,415.32125918755406,998
2024-09-17 10:50:37.407000,415.3218281637781,10
2024-09-17 10:50:37.415000,415.3259147081056,999
2024-09-17 10:50:37.534000,415.331158566131,12
2024-09-17 10:50:37.534000,415.3250988195956,98
2024-09-17 10:50:37.574000,415.30798031672407,6
2024-09-17 10:50:37.603000,415.3424984852526,105
2024-09-17 10:50:37.678000,415.32865063610734,8
2024-09-17 10:50:37.729000,415.3137819405452,9
2024-09-17 10:50:37.818000,415.3417842628224,102
2024-09-17 10:50:37.821000,415.3469317083984,9
2024-09-17 10:50:37.983000,415.3223227417347,96
2024-09-17 10:50:38.275000,415.3431525649041,6
2024-09-17 10:50:39.043000,415.3642838734008,12
2024-09-17 10:50:39.084000,415.3974881277754,998
2024-09-17 10:50:39.100000,415.3784223835672,14
2024-09-17 10:50:39.149000,415.3779897736868,998
2024-09-17 10:50:39.339000,415.40457399764966,5
2024-09-17 10:50:39.353000,415.4092656904722,95
2024-09-17 10:50:39.425000,415.3962140822248,9
2024-09-17 10:50:39.447000,415.4079576658133,5
2024-09-17 10:50:39.618000,415.3908793571903,10
2024-09-17 10:50:39.642000,415.3837730038213,8
2024-09-17 10:50:39.740000,415.4026726505061,101
2024-09-17 10:50:39.763000,415.4006980006476,1000
2024-09-17 10:50:39.812000,415.39417287732255,9
2024-09-17 10:50:39.830000,415.3518608835061,5
2024-09-17 10:50:39.838000,415.38054600895055,98
2024-09-17 10:50:39.894000,415.3824238933102,7
2024-09-17 10:50:39.902000,415.38003802392177,996
2024-09-17 10:50:40.014000,415.42645348306365,98
2024-09-17 10:50:40.017000,415.4086367371461,13
2024-09-17 10:50:40.117000,415.4317866952313,6
2024-09-17 10:50:40.173000,415.421415975248,15
2024-09-17 10:50:40.255000,415.4179087880595,999
2024-09-17 10:50:40.329000,415.42579110208754,95
2024-09-17 10:50:40.371000,415.42215840269193,97
2024-09-17 10:50:40.502000,415.405169516213,998
2024-09-17 10:50:40.791000,415.3851696737692,96
2024-09-17 10:50:40.940000,415.3916760540088,998
2024-09-17 10:50:40.987000,415.3850539437908,105
2024-09-17 10:50:41.589000,415.3555359637061,103
2024-09-17 10:50:41.877000,415.3835757592959,1003
2024-09-17 10:50:42.188000,415.3958763928522,1003
2024-09-17 10:50:42.403000,415.3760305448652,103
2024-09-17 10:50:42.462000,415.3922118801619,100
2024-09-17 10:50:42.663000,415.3716218590346,1000
2024-09-17 10:50:42.928000,415.39697299524073,97
2024-09-17 10:50:42.995000,415.3931448940429,12
2024-09-17 10:50:43.030000,415.41479482553416,1003
2024-09-17 10:50:43.106000,415.41179807728895,997
2024-09-17 10:50:43.341000,415.4034369589179,15
2024-09-17 10:50:43.351000,415.405290698017,96
2024-09-17 10:50:43.506000,415.4163870361554,14
2024-09-17 10:50:43.743000,415.4158837395466,1001
2024-09-17 10:50:43.812000,415.4115105183951,6
2024-09-17 10:50:43.971000,415.4106844017899,1002
2024-09-17 10:50:44.014000,415.492832164156,102
2024-09-17 10:50:44.114000,415.4952464056243,96
2024-09-17 10:50:44.364000,415.4474766160623,1002
2024-09-17 10:50:44.435000,415.49094930425446,98
2024-09-17 10:50:44.557000,415.4810416640706,15
2024-09-17 10:50:44.877000,415.4709685876207,103
2024-09-17 10:50:44.986000,415.4166713250837,104
2024-09-17 10:50:45.084000,415.5114379332904,1004
2024-09-17 10:50:45.095000,415.49030556534257,97
2024-09-17 10:50:45.166000,415.50665818278793,9
2024-09-17 10:50:45.205000,415.44495005778026,104
2024-09-17 10:50:45.241000,415.4669531680062,1000
2024-09-17 10:50:45.327000,415.4801931231197,96
2024-09-17 10:50:45.347000,415.46519414811735,95
2024-09-17 10:50:45.437000,415.4952556531693,98
2024-09-17 10:50:45.544000,415.5024563011733,9
2024-09-17 10:50:45.551000,415.489050118711,101
2024-09-17 10:50:45.574000,415.4564398994205,8
2024-09-17 10:50:45.588000,415.4630172854333,98
2024-09-17 10:50:45.754000,415.49137036432296,1003
2024-09-17 10:50:45.764000,415.4778834908428,102
2024-09-17 10:50:45.766000,415.4853581589136,14
2024-09-17 10:50:45.770000,415.45005094943633,10
2024-09-17 10:50:45.805000,415.4666636007944,14
2024-09-17 10:50:45.832000,415.5046464434015,103
2024-09-17 10:50:45.885000,415.4390214479519,7
2024-09-17 10:50:45.906000,415.5006691312206,1003
2024-09-17 10:50:45.908000,415.4870382234205,10
2024-09-17 10:50:45.932000,415.4836729454153,12
2024-09-17 10:50:45.979000,415.481512360939,5
2024-09-17 10:50:45.980000,415.4552646681882,96
2024-09-17 10:50:46.042000,415.49422298413066,97
2024-09-17 10:50:46.077000,415.4708976359522,96
2024-09-17 10:50:46.554000,415.48814058362257,103
2024-09-17 10:50:46.839000,415.48096551330894,99
2024-09-17 10:50:48.026000,415.4852830969904,997
2024-09-17 10:50:48.057000,415.4172894166523,105
2024-09-17 10:50:48.059000,415.471891406444,103
2024-09-17 10:50:48.352000,415.4730508427663,999
2024-09-17 10:50:48.392000,415.5025790939448,105
2024-09-17 10:50:48.402000,415.47982088423504,14
2024-09-17 10:50:48.424000,415.43623293577457,15
2024-09-17 10:50:48.552000,415.4548552892301,96
2024-09-17 10:50:48.737000,415.4907043910484,100
2024-09-17 10:50:48.765000,415.4798380301046,11
2024-09-17 10:50:48.839000,415.4914873117884,5
2024-09-17 10:50:48.891000,415.4936181346044,1000
2024-09-17 10:50:48.975000,415.4834562897077,1004
2024-09-17 10:50:49.217000,415.5028503510662,12
2024-09-17 10:50:49.239000,415.46541483535606,1002
2024-09-17 10:50:49.298000,415.45707039420927,103
2024-09-17 10:50:49.299000,415.4830732477726,998
2024-09-17 10:50:49.380000,415.5043189230256,13
2024-09-17 10:50:49.406000,415.4440016347067,104
2024-09-17 10:50:49.448000,415.485336784388,102
2024-09-17 10:50:49.578000,415.47053048528926,10
2024-09-17 10:50:49.661000,415.4842185167661,6
2024-09-17 10:50:49.774000,415.5085015095129,1005
2024-09-17 10:50:49.876000,415.5102360741356,1002
2024-09-17 10:50:49.962000,415.4444233068217,96
2024-09-17 10:50:49.967000,415.4463402255005,14
2024-09-17 10:50:49.984000,415.4706913319269,101
2024-09-17 10:50:49.998000,415.5057996486772,1001
2024-09-17 10:50:50.018000,415.4248524786732,98
2024-09-17 10:50:50.060000,415.3907964083164,7
2024-09-17 10:50:50.123000,415.4160935948569,12
2024-09-17 10:50:50.137000,415.4424812206876,997
2024-09-17 10:50:50.157000,415.4856366242138,1003
2024-09-17 10:50:50.204000,415.43625546431593,102
2024-09-17 10:50:50.253000,415.3906467711432,1002
2024-09-17 10:50:50.272000,415.4198372062683,99
2024-09-17 10:50:50.329000,415.4970696150517,97
2024-09-17 10:50:50.362000,415.4444595521404,103
2024-09-17 10:50:50.364000,415.4464577095496,105
2024-09-17 10:50:50.368000,415.4195263014193,7
2024-09-17 10:50:50.482000,415.4032680795906,1001
2024-09-17 10:50:50.488000,415.4063329560333,6
2024-09-17 10:50:50.493000,415.4206340327249,99
2024-09-17 10:50:50.535000,415.485436023703,998
2024-09-17 10:50:50.628000,415.4143240445394,95
2024-09-17 10:50:50.668000,415.500523499658,998
2024-09-17 10:50:50.678000,415.4197772621314,10
2024-09-17 10:50:50.727000,415.40313294757175,5
2024-09-17 10:50:50.766000,415.41216665682936,11
2024-09-17 10:50:50.800000,415.4715266586346,15
2024-09-17 10:50:50.815000,415.4830016960691,101
2024-09-17 10:50:50.819000,415.4423034525371,99
2024-09-17 10:50:50.915000,415.3921854389018,99
2024-09-17 10:50:50.920000,415.4248135494735,6
2024-09-17 10:50:50.926000,415.4089108451826,100
2024-09-17 10:50:51.070000,415.3978789651664,999
2024-09-17 10:50:51.075000,415.39267998352807,1005
2024-09-17 10:50:51.127000,415.37500239019033,1004
2024-09-17 10:50:51.241000,415.3714182172464,996
2024-09-17 10:50:51.444000,415.37436457856506,8
2024-09-17 10:50:51.447000,415.3446078668069,6
2024-09-17 10:50:51.447000,415.4019393526564,1003
2024-09-17 10:50:51.508000,415.4081577594381,102
2024-09-17 10:50:51.580000,415.4200163647403,1005
2024-09-17 10:50:51.781000,415.398275022431,5
2024-09-17 10:50:51.786000,415.3467201705752,14
2024-09-17 10:50:51.803000,415.3789101130029,15
2024-09-17 10:50:51.808000,415.374687479327,13
2024-09-17 10:50:51.836000,415.3544959008862,1000
2024-09-17 10:50:51.877000,415.4165467097445,1000
2024-09-17 10:50:52.231000,415.3301592467858,99
2024-09-17 10:50:52.291000,415.35552091312326,14
2024-09-17 10:50:52.463000,415.3581452787661,8
2024-09-17 10:50:53.080000,415.3579886458633,995
2024-09-17 10:50:53.134000,415.3534620049734,100
2024-09-17 10:50:53.152000,415.3228798976197,10
2024-09-17 10:50:53.182000,415.36636707146624,13
2024-09-17 10:50:53.262000,415.3442497797509,1002
2024-09-17 10:50:53.290000,415.3646704941649,99
2024-09-17 10:50:53.348000,415.3229114405746,1001
2024-09-17 10:50:53.370000,415.3333599582132,1004
2024-09-17 10:50:53.384000,415.3467860597119,996
2024-09-17 10:50:53.419000,415.3522820605746,10
2024-09-17 10:50:53.472000,415.3297874155001,1003
2024-09-17 10:50:53.501000,415.3453226464115,1005
2024-09-17 10:50:53.514000,415.3679488302676,15
2024-09-17 10:50:53.531000,415.33226865591246,1001
2024-09-17 10:50:53.532000,415.3636381166984,11
2024-09-17 10:50:53.559000,415.3552614862917,7
2024-09-17 10:50:53.574000,415.3492762941301,999
2024-09-17 10:50:53.614000,415.3348078243517,104
2024-09-17 10:50:53.619000,415.33923800817286,99
2024-09-17 10:50:53.663000,415.3643109553764,5
2024-09-17 10:50:53.729000,415.3213104497953,14
2024-09-17 10:50:53.743000,415.36147850680896,1004
2024-09-17 10:50:53.761000,415.35348671042914,103
2024-09-17 10:50:53.786000,415.3350309036183,11
2024-09-17 10:50:53.793000,415.3445871027455,98
2024-09-17 10:50:53.845000,415.3657296703444,95
2024-09-17 10:50:53.965000,415.3135209169325,103
2024-09-17 10:50:54.346000,415.34960626352927,98
2024-09-17 10:50:54.424000,415.3436132776176,15
2024-09-17 10:50:54.587000,415.3220504841767,995
2024-09-17 10:50:54.623000,415.34788699343926,7
2024-09-17 10:50:54.945000,415.3649845286609,995
2024-09-17 10:50:55.041000,415.3510634422258,995
2024-09-17 10:50:55.266000,415.32986771075474,13
2024-09-17 10:50:55.268000,415.3453426548389,105
2024-09-17 10:50:55.378000,415.360504598988,102
2024-09-17 10:50:55.408000,415.32196115268647,1001
2024-09-17 10:50:55.494000,415.3406176801652,97
2024-09-17 10:50:55.555000,415.3136533399669,104
2024-09-17 10:50:55.623000,415.339864121645,96
2024-09-17 10:50:55.625000,415.3234570229798,95
2024-09-17 10:50:55.644000,415.3148185569112,995
2024-09-17 10:50:55.685000,415.3050869579457,8
2024-09-17 10:50:55.887000,415.36400431826087,1001
2024-09-17 10:50:55.934000,415.3294868097333,101
2024-09-17 10:50:55.961000,415.3416588419835,7
2024-09-17 10:50:56.053000,415.30821333447074,15
2024-09-17 10:50:56.102000,415.4054254364253,98
2024-09-17 10:50:56.117000,415.3850742401074,105
2024-09-17 10:50:56.127000,415.3180519199728,9
2024-09-17 10:50:56.150000,415.3374356205418,15
2024-09-17 10:50:56.156000,415.3577029199684,98
2024-09-17 10:50:56.206000,415.3864353298944,103
2024-09-17 10:50:56.230000,415.3713441473696,11
2024-09-17 10:50:56.265000,415.33772003726943,5
2024-09-17 10:50:56.311000,415.386767059172,105
2024-09-17 10:50:56.317000,415.37124090967177,15
2024-09-17 10:50:56.370000,415.348452921114,100
2024-09-17 10:50:56.415000,415.3533521185285,14
2024-09-17 10:50:56.452000,415.3526625961833,1002
2024-09-17 10:50:56.453000,415.3867561440193,9
2024-09-17 10:50:56.485000,415.3721362351528,101
2024-09-17 10:50:56.656000,415.3461160066144,14
2024-09-17 10:50:56.661000,415.372793190254,996
2024-09-17 10:50:56.664000,415.3729432392892,1002
2024-09-17 10:50:56.678000,415.3628643611715,1000
2024-09-17 10:50:56.721000,415.3931245088058,1004
2024-09-17 10:50:56.726000,415.35711742394005,98
2024-09-17 10:50:56.732000,415.407776301097,97
2024-09-17 10:50:56.761000,415.3915518445418,996
2024-09-17 10:50:56.785000,415.3775465163332,103
2024-09-17 10:50:56.974000,415.3838409389741,12
2024-09-17 10:50:57.020000,415.359911261292,101
2024-09-17 10:50:57.073000,415.3045315159093,5
2024-09-17 10:50:57.237000,415.3289426591245,100
2024-09-17 10:50:57.257000,415.35401087262096,105
2024-09-17 10:50:57.269000,415.34855372138014,14
2024-09-17 10:50:57.325000,415.3443637215855,1000
2024-09-17 10:50:57.336000,415.3097882874719,1000
2024-09-17 10:50:57.412000,415.3301129201429,1005
2024-09-17 10:50:57.431000,415.3336884605592,104
2024-09-17 10:50:57.527000,415.3418600815419,12
2024-09-17 10:50:57.630000,415.3249494748161,101
2024-09-17 10:50:57.691000,415.31629813736345,105
2024-09-17 10:50:57.723000,415.3409570196382,5
2024-09-17 10:50:57.737000,415.3672748093635,1003
2024-09-17 10:50:57.765000,415.3277881780703,10
2024-09-17 10:50:57.827000,415.324407052748,96
2024-09-17 10:50:57.827000,415.3302114379389,1001
2024-09-17 10:50:57.928000,415.3320883244999,8
2024-09-17 10:50:57.937000,415.3040747447533,104
2024-09-17 10:50:57.968000,415.3572215684604,12
2024-09-17 10:50:57.990000,415.2989140178162,12
2024-09-17 10:50:58.006000,415.3636750976514,96
2024-09-17 10:50:58.159000,415.372839148299,997
2024-09-17 10:50:58.175000,415.33320033618855,1000
2024-09-17 10:50:58.218000,415.380641815771,104
2024-09-17 10:50:58.228000,415.3547413114752,105
2024-09-17 10:50:58.306000,415.39132054460185,8
2024-09-17 10:50:58.333000,415.3310425796098,1002
2024-09-17 10:50:58.421000,415.347670830391,1003
2024-09-17 10:50:58.460000,415.39582079336685,99
2024-09-17 10:50:58.535000,415.34866422489927,11
2024-09-17 10:50:58.543000,415.3409370677829,11
2024-09-17 10:50:58.545000,415.3613330927149,101
2024-09-17 10:50:58.548000,415.3813561676354,15
2024-09-17 10:50:58.583000,415.3226846774576,15
2024-09-17 10:50:58.589000,415.3899837939088,1003
2024-09-17 10:50:58.669000,415.3715932496892,100
2024-09-17 10:50:58.674000,415.38336925491575,998
2024-09-17 10:50:58.722000,415.3807247003814,9
2024-09-17 10:50:58.723000,415.3712291595086,9
2024-09-17 10:50:58.765000,415.39663373213136,998
2024-09-17 10:50:58.783000,415.3670818762992,103
2024-09-17 10:50:58.792000,415.368128500073,105
2024-09-17 10:50:58.846000,415.3713248432879,15
2024-09-17 10:50:58.915000,415.3740985653404,999
2024-09-17 10:50:58.923000,415.3556331432407,104
2024-09-17 10:50:58.946000,415.3189727136141,999
2024-09-17 10:50:58.974000,415.358178160477,102
2024-09-17 10:50:58.975000,415.3921942062496,105
2024-09-17 10:50:58.986000,415.41154599519695,996
2024-09-17 10:50:59.207000,415.424513616466,103
2024-09-17 10:50:59.296000,415.4231263631945,12
2024-09-17 10:50:59.305000,415.40536117740646,1004
2024-09-17 10:50:59.316000,415.43842659459045,5
2024-09-17 10:50:59.317000,415.4001222074528,1002
2024-09-17 10:50:59.380000,415.4302249579903,12
2024-09-17 10:50:59.863000,415.4141077100043,8
