Timestamp,Price,Size
2024-09-18 13:48:00.128000,413.6625676910599,5
2024-09-18 13:48:00.180000,413.6691966599571,996
2024-09-18 13:48:00.260000,413.6509533956067,104
2024-09-18 13:48:00.349000,413.61845097184994,1001
2024-09-18 13:48:00.349000,413.6498630359603,5
2024-09-18 13:48:00.350000,413.6435818058641,105
2024-09-18 13:48:00.389000,413.656709917924,102
2024-09-18 13:48:00.394000,413.672613755454,14
2024-09-18 13:48:00.512000,413.7107774996501,97
2024-09-18 13:48:00.519000,413.6615972466572,1005
2024-09-18 13:48:00.531000,413.6781695501184,97
2024-09-18 13:48:00.640000,413.65267413603976,10
2024-09-18 13:48:00.678000,413.6858851714929,1001
2024-09-18 13:48:00.681000,413.6928693582241,996
2024-09-18 13:48:00.710000,413.6254521237539,995
2024-09-18 13:48:00.772000,413.6360893259449,104
2024-09-18 13:48:00.902000,413.6433152396193,98
2024-09-18 13:48:00.963000,413.65000658337976,997
2024-09-18 13:48:00.996000,413.62318924279793,999
2024-09-18 13:48:01.038000,413.6960591583425,98
2024-09-18 13:48:01.072000,413.7054958763561,1000
2024-09-18 13:48:01.086000,413.7453218046387,98
2024-09-18 13:48:01.108000,413.721446233876,1003
2024-09-18 13:48:01.175000,413.6990344975066,99
2024-09-18 13:48:01.256000,413.7119893380876,8
2024-09-18 13:48:01.416000,413.70009038756,98
2024-09-18 13:48:01.590000,413.7273713477428,996
2024-09-18 13:48:01.719000,413.7125146372967,1003
2024-09-18 13:48:01.756000,413.7418881932348,95
2024-09-18 13:48:01.761000,413.7124137978821,96
2024-09-18 13:48:01.771000,413.7260438009924,14
2024-09-18 13:48:01.880000,413.702433132997,103
2024-09-18 13:48:02.278000,413.7253524551512,97
2024-09-18 13:48:03.016000,413.72253114798326,9
2024-09-18 13:48:03.018000,413.7028259621443,103
2024-09-18 13:48:03.044000,413.6918054401576,15
2024-09-18 13:48:03.189000,413.7139979535536,95
2024-09-18 13:48:03.241000,413.7007788341889,103
2024-09-18 13:48:03.272000,413.6949079473642,95
2024-09-18 13:48:03.366000,413.703343719873,96
2024-09-18 13:48:03.415000,413.7131863994229,1005
2024-09-18 13:48:03.510000,413.7151296393714,13
2024-09-18 13:48:03.546000,413.7000959409616,1001
2024-09-18 13:48:03.580000,413.68647605035216,99
2024-09-18 13:48:03.683000,413.6896556516114,99
2024-09-18 13:48:03.793000,413.7025328050824,105
2024-09-18 13:48:03.825000,413.6995825524227,6
2024-09-18 13:48:03.832000,413.7026629116178,101
2024-09-18 13:48:03.860000,413.6932670788884,996
2024-09-18 13:48:03.887000,413.7123684367334,11
2024-09-18 13:48:03.935000,413.7187219062429,105
2024-09-18 13:48:03.975000,413.7077232422991,104
2024-09-18 13:48:04.024000,413.736750722194,11
2024-09-18 13:48:04.031000,413.68347744792686,995
2024-09-18 13:48:04.131000,413.7334602008185,997
2024-09-18 13:48:04.147000,413.715850314478,998
2024-09-18 13:48:04.183000,413.6855729143658,10
2024-09-18 13:48:04.201000,413.7055910993113,11
2024-09-18 13:48:04.324000,413.707256629989,12
2024-09-18 13:48:04.335000,413.70525942719325,7
2024-09-18 13:48:04.395000,413.7229050902513,1004
2024-09-18 13:48:04.418000,413.6989684022916,8
2024-09-18 13:48:04.507000,413.7115921377359,6
2024-09-18 13:48:04.687000,413.734370070412,101
2024-09-18 13:48:04.999000,413.6933731759789,7
2024-09-18 13:48:05.059000,413.69161432875023,998
2024-09-18 13:48:05.120000,413.7593046757073,101
2024-09-18 13:48:05.133000,413.7277728161329,999
2024-09-18 13:48:05.197000,413.7551493147935,14
2024-09-18 13:48:05.373000,413.7266958648148,1003
2024-09-18 13:48:05.381000,413.7766247557639,96
2024-09-18 13:48:05.404000,413.7405308648626,97
2024-09-18 13:48:05.444000,413.7847039151012,996
2024-09-18 13:48:05.455000,413.7009541051677,9
2024-09-18 13:48:05.588000,413.7224267118606,15
2024-09-18 13:48:05.694000,413.7464777236371,11
2024-09-18 13:48:05.696000,413.7202426319342,14
2024-09-18 13:48:05.700000,413.7368167379817,8
2024-09-18 13:48:05.734000,413.6996964933036,995
2024-09-18 13:48:05.764000,413.7558538470783,999
2024-09-18 13:48:05.771000,413.7580538761264,998
2024-09-18 13:48:05.780000,413.700157779345,12
2024-09-18 13:48:05.785000,413.7510194075149,1000
2024-09-18 13:48:05.789000,413.7347263075071,103
2024-09-18 13:48:05.814000,413.7132807233892,996
2024-09-18 13:48:05.828000,413.7147157652419,15
2024-09-18 13:48:05.843000,413.69992159926153,103
2024-09-18 13:48:05.895000,413.78792818470566,9
2024-09-18 13:48:05.895000,413.71306596447135,103
2024-09-18 13:48:05.932000,413.75919565014,7
2024-09-18 13:48:05.978000,413.7402564749056,12
2024-09-18 13:48:06.056000,413.8306262721614,103
2024-09-18 13:48:06.122000,413.819625986284,101
2024-09-18 13:48:06.128000,413.8244589366248,13
2024-09-18 13:48:06.156000,413.80621364246826,998
2024-09-18 13:48:06.156000,413.82267705525135,12
2024-09-18 13:48:06.236000,413.8138898051572,15
2024-09-18 13:48:06.265000,413.83948798727175,6
2024-09-18 13:48:06.280000,413.8087802591899,9
2024-09-18 13:48:06.292000,413.8096280608273,103
2024-09-18 13:48:06.306000,413.83069053994905,996
2024-09-18 13:48:06.338000,413.8145317151452,103
2024-09-18 13:48:06.342000,413.85041338138205,95
2024-09-18 13:48:06.391000,413.7971536181891,6
2024-09-18 13:48:06.550000,413.8265786547345,9
2024-09-18 13:48:06.571000,413.8392368601295,11
2024-09-18 13:48:06.574000,413.84372159293423,12
2024-09-18 13:48:06.615000,413.8201156656009,105
2024-09-18 13:48:06.693000,413.8657936605591,99
2024-09-18 13:48:06.735000,413.8044195762025,6
2024-09-18 13:48:06.781000,413.85964607798405,9
2024-09-18 13:48:06.804000,413.81266425989367,12
2024-09-18 13:48:06.830000,413.8085665184833,1001
2024-09-18 13:48:06.834000,413.8156782351912,1004
2024-09-18 13:48:06.915000,413.8054816469083,99
2024-09-18 13:48:07.047000,413.8292175292274,95
2024-09-18 13:48:07.331000,413.8309444014415,1002
2024-09-18 13:48:07.403000,413.831437317398,997
2024-09-18 13:48:07.424000,413.8093128527709,12
2024-09-18 13:48:07.484000,413.8252303626077,104
2024-09-18 13:48:07.571000,413.82742596161535,1002
2024-09-18 13:48:07.763000,413.816096772767,15
2024-09-18 13:48:07.775000,413.81532837775023,10
2024-09-18 13:48:07.911000,413.8204976266909,104
2024-09-18 13:48:07.948000,413.83404513125714,996
2024-09-18 13:48:08.004000,413.8142208956063,103
2024-09-18 13:48:08.035000,413.8463321744023,998
2024-09-18 13:48:08.113000,413.84219233368873,11
2024-09-18 13:48:08.138000,413.81785372935417,9
2024-09-18 13:48:08.156000,413.80511020353606,8
2024-09-18 13:48:08.180000,413.8370480743227,97
2024-09-18 13:48:08.198000,413.8657612545175,996
2024-09-18 13:48:08.215000,413.8208039062844,14
2024-09-18 13:48:08.346000,413.8156987694013,1000
2024-09-18 13:48:08.379000,413.8236606788994,12
2024-09-18 13:48:08.407000,413.82945094448223,13
2024-09-18 13:48:08.428000,413.8034237222223,97
2024-09-18 13:48:08.451000,413.8383613021823,1004
2024-09-18 13:48:08.497000,413.84396708856417,12
2024-09-18 13:48:08.598000,413.8287986226454,995
2024-09-18 13:48:08.610000,413.8494745380137,5
2024-09-18 13:48:08.718000,413.8399363350263,1005
2024-09-18 13:48:08.755000,413.8499128635834,1005
2024-09-18 13:48:08.765000,413.83153669908353,5
2024-09-18 13:48:08.770000,413.8378896677864,9
2024-09-18 13:48:08.805000,413.8210799307964,1004
2024-09-18 13:48:08.808000,413.85110981085694,96
2024-09-18 13:48:08.896000,413.841112068259,1002
2024-09-18 13:48:08.932000,413.8308851451026,100
2024-09-18 13:48:08.951000,413.8007866897529,1005
2024-09-18 13:48:08.951000,413.81288324898645,100
2024-09-18 13:48:08.973000,413.8305307781473,12
2024-09-18 13:48:08.974000,413.8397307716247,1003
2024-09-18 13:48:09.232000,413.8252550219876,14
2024-09-18 13:48:09.862000,413.8239425944087,95
2024-09-18 13:48:10.992000,413.8410531314557,11
2024-09-18 13:48:11.064000,413.8293439582482,105
2024-09-18 13:48:11.072000,413.8369278341674,105
2024-09-18 13:48:11.288000,413.8247226160927,8
2024-09-18 13:48:11.294000,413.857491412995,998
2024-09-18 13:48:11.433000,413.8431253611624,998
2024-09-18 13:48:11.434000,413.8372252897149,1000
2024-09-18 13:48:11.477000,413.84184022590057,104
2024-09-18 13:48:11.494000,413.8446230748431,98
2024-09-18 13:48:11.510000,413.8483649575597,99
2024-09-18 13:48:11.689000,413.8407593013415,997
2024-09-18 13:48:11.689000,413.8272855748689,8
2024-09-18 13:48:11.788000,413.85060721590906,13
2024-09-18 13:48:11.818000,413.8284573305725,96
2024-09-18 13:48:11.829000,413.8410483965531,13
2024-09-18 13:48:11.970000,413.8485276571897,14
2024-09-18 13:48:11.977000,413.8255875713612,9
2024-09-18 13:48:11.994000,413.82891878626685,8
2024-09-18 13:48:12.007000,413.8588713543493,98
2024-09-18 13:48:12.310000,413.8543506102337,13
2024-09-18 13:48:12.328000,413.8916523801029,7
2024-09-18 13:48:12.377000,413.9029674009847,996
2024-09-18 13:48:12.485000,413.89991073182057,996
2024-09-18 13:48:12.510000,413.8611639898082,102
2024-09-18 13:48:12.628000,413.870586359938,1003
2024-09-18 13:48:12.643000,413.86844517975584,97
2024-09-18 13:48:12.767000,413.866541400475,7
2024-09-18 13:48:12.855000,413.8878144360272,1001
2024-09-18 13:48:12.891000,413.8699247711095,998
2024-09-18 13:48:12.892000,413.8810955567412,96
2024-09-18 13:48:13.049000,413.8352616164565,10
2024-09-18 13:48:13.095000,413.83846245906886,15
2024-09-18 13:48:13.187000,413.8873205488421,999
2024-09-18 13:48:13.247000,413.84593299568206,1004
2024-09-18 13:48:13.249000,413.88532703408936,1000
2024-09-18 13:48:13.266000,413.8433916613869,12
2024-09-18 13:48:13.298000,413.87065136199953,1004
2024-09-18 13:48:13.391000,413.8539346568361,11
2024-09-18 13:48:13.403000,413.8743372281074,1005
2024-09-18 13:48:13.447000,413.8669565010853,105
2024-09-18 13:48:13.484000,413.8568429341639,1004
2024-09-18 13:48:13.596000,413.8912702472117,96
2024-09-18 13:48:13.662000,413.8481320524941,102
2024-09-18 13:48:13.666000,413.84883284705154,12
2024-09-18 13:48:13.696000,413.8222944302326,97
2024-09-18 13:48:13.709000,413.8483228518886,101
2024-09-18 13:48:13.720000,413.8547440410129,14
2024-09-18 13:48:13.782000,413.87462454709134,1001
2024-09-18 13:48:13.808000,413.8518181368115,98
2024-09-18 13:48:13.835000,413.8541166345721,9
2024-09-18 13:48:13.985000,413.8445346383748,11
2024-09-18 13:48:13.986000,413.8593915165834,1004
2024-09-18 13:48:13.990000,413.8611966798335,98
2024-09-18 13:48:14.019000,413.8038499851378,1002
2024-09-18 13:48:14.026000,413.8237056434009,103
2024-09-18 13:48:14.154000,413.82076071382,102
2024-09-18 13:48:14.210000,413.830326592428,13
2024-09-18 13:48:14.270000,413.8067527638116,102
2024-09-18 13:48:14.284000,413.8295750236687,96
2024-09-18 13:48:14.324000,413.83587509849866,999
2024-09-18 13:48:14.360000,413.8124814585693,96
2024-09-18 13:48:14.369000,413.8281370794105,995
2024-09-18 13:48:14.411000,413.8130271480677,99
2024-09-18 13:48:14.554000,413.8136859986341,101
2024-09-18 13:48:14.563000,413.8178984880334,95
2024-09-18 13:48:14.602000,413.8344768024248,1001
2024-09-18 13:48:14.687000,413.81877298783536,15
2024-09-18 13:48:14.701000,413.8363960733637,1000
2024-09-18 13:48:14.706000,413.82633700778575,97
2024-09-18 13:48:14.783000,413.81371804369866,10
2024-09-18 13:48:14.793000,413.7914176761,97
2024-09-18 13:48:14.795000,413.8066165664804,103
2024-09-18 13:48:14.827000,413.8179962420468,101
2024-09-18 13:48:14.834000,413.8044147638605,1000
2024-09-18 13:48:14.861000,413.8673861419594,103
2024-09-18 13:48:14.912000,413.8215370223693,1003
2024-09-18 13:48:14.913000,413.83496151191866,997
2024-09-18 13:48:14.919000,413.8471086820948,997
2024-09-18 13:48:14.940000,413.8228585828667,96
2024-09-18 13:48:14.944000,413.8087708674652,1005
2024-09-18 13:48:15.369000,413.8689762656564,8
2024-09-18 13:48:15.468000,413.83559466420905,1002
2024-09-18 13:48:15.550000,413.86485252678136,1004
2024-09-18 13:48:15.787000,413.83970481334205,10
2024-09-18 13:48:16.258000,413.89811000979887,15
2024-09-18 13:48:16.311000,413.9105819979974,8
2024-09-18 13:48:16.322000,413.8603920272752,104
2024-09-18 13:48:16.325000,413.9060836068972,95
2024-09-18 13:48:16.388000,413.9099456845132,101
2024-09-18 13:48:16.431000,413.9023875585256,998
2024-09-18 13:48:16.540000,413.900029303035,98
2024-09-18 13:48:16.578000,413.9123327135047,14
2024-09-18 13:48:16.587000,413.836737487197,96
2024-09-18 13:48:16.715000,413.90399327030485,102
2024-09-18 13:48:16.965000,413.9040391258386,103
2024-09-18 13:48:17.078000,413.9029622438161,995
2024-09-18 13:48:17.102000,413.9115716895208,6
2024-09-18 13:48:17.186000,413.90201196945935,100
2024-09-18 13:48:17.191000,413.9031545993778,995
2024-09-18 13:48:17.239000,413.87909804189326,96
2024-09-18 13:48:17.352000,413.90042386381697,95
2024-09-18 13:48:17.368000,413.88984586837176,103
2024-09-18 13:48:17.573000,413.89707009661424,1003
2024-09-18 13:48:17.595000,413.8895854881837,98
2024-09-18 13:48:17.597000,413.8992954301296,1001
2024-09-18 13:48:17.604000,413.8912386196652,1005
2024-09-18 13:48:17.999000,413.9362444240386,102
2024-09-18 13:48:18.122000,413.87103314886537,102
2024-09-18 13:48:18.474000,413.89408575735695,1004
2024-09-18 13:48:18.495000,413.8987350163186,7
2024-09-18 13:48:18.867000,413.89172037375033,15
2024-09-18 13:48:18.882000,413.87154064482,13
2024-09-18 13:48:19.074000,413.93208121305736,14
2024-09-18 13:48:19.127000,413.8983258324387,1003
2024-09-18 13:48:19.135000,413.91042975598793,1003
2024-09-18 13:48:19.403000,413.9068516928331,97
2024-09-18 13:48:19.547000,413.8968670557791,995
2024-09-18 13:48:19.656000,413.9029817026124,103
2024-09-18 13:48:19.868000,413.89413738628855,103
2024-09-18 13:48:20.081000,413.9255413162662,1005
2024-09-18 13:48:20.122000,413.9269859210832,995
2024-09-18 13:48:20.491000,413.9167706320623,99
2024-09-18 13:48:20.649000,413.9225967191608,1004
2024-09-18 13:48:20.774000,413.9536302546805,1002
2024-09-18 13:48:20.901000,413.9206616289432,14
2024-09-18 13:48:21.011000,413.9250028600473,14
2024-09-18 13:48:21.139000,413.9247564363433,101
2024-09-18 13:48:21.245000,413.9357949133742,6
2024-09-18 13:48:21.302000,413.9230913093562,103
2024-09-18 13:48:21.593000,413.9244481789763,10
2024-09-18 13:48:21.787000,413.91863607402286,995
2024-09-18 13:48:22.039000,413.90774255647335,999
2024-09-18 13:48:22.110000,413.92956295156506,8
2024-09-18 13:48:22.306000,413.9133173415055,101
2024-09-18 13:48:22.325000,413.9331469848783,1002
2024-09-18 13:48:22.344000,413.9360090217564,998
2024-09-18 13:48:22.488000,413.9289371181225,999
2024-09-18 13:48:22.499000,413.9347285152738,7
2024-09-18 13:48:22.587000,413.9197729445119,13
2024-09-18 13:48:22.734000,413.9196703881579,13
2024-09-18 13:48:22.852000,413.9433572886168,102
2024-09-18 13:48:22.972000,413.9278426004306,1005
2024-09-18 13:48:23.008000,413.9338123903198,103
2024-09-18 13:48:23.008000,413.9419851939783,997
2024-09-18 13:48:23.060000,413.8998126948797,1003
2024-09-18 13:48:23.110000,413.9147133086748,7
2024-09-18 13:48:23.146000,413.9493402859882,996
2024-09-18 13:48:23.167000,413.889996754424,101
2024-09-18 13:48:23.172000,413.9072224887223,998
2024-09-18 13:48:23.196000,413.9149974115927,98
2024-09-18 13:48:23.228000,413.8913604373971,995
2024-09-18 13:48:23.285000,413.9168840855703,999
2024-09-18 13:48:23.329000,413.8894566093386,11
2024-09-18 13:48:23.409000,413.9487849076801,997
2024-09-18 13:48:23.417000,413.9537804249731,105
2024-09-18 13:48:23.464000,413.9409721901355,996
2024-09-18 13:48:23.497000,413.89612078649697,5
2024-09-18 13:48:23.497000,413.9041797369962,101
2024-09-18 13:48:23.516000,413.9048961996328,97
2024-09-18 13:48:23.522000,413.90920521124747,105
2024-09-18 13:48:23.540000,413.9079834040068,97
2024-09-18 13:48:23.558000,413.9355227274895,1003
2024-09-18 13:48:23.641000,413.88181916892944,998
2024-09-18 13:48:23.649000,413.9168069679229,15
2024-09-18 13:48:23.658000,413.9521748620924,97
2024-09-18 13:48:23.669000,413.91049433197554,996
2024-09-18 13:48:23.784000,413.90198406629617,11
2024-09-18 13:48:23.845000,413.9003304258514,8
2024-09-18 13:48:23.944000,413.9199603760778,96
2024-09-18 13:48:23.976000,413.9169013768322,95
2024-09-18 13:48:24.107000,413.9419514392913,6
2024-09-18 13:48:24.160000,413.9373489366916,1000
2024-09-18 13:48:24.272000,413.9425417569949,998
2024-09-18 13:48:24.364000,413.9118378431806,1003
2024-09-18 13:48:24.439000,413.90315302817913,8
2024-09-18 13:48:24.736000,413.9145316213997,101
2024-09-18 13:48:25.093000,413.93685707425885,102
2024-09-18 13:48:25.101000,413.95465431121136,100
2024-09-18 13:48:25.140000,413.942516543076,96
2024-09-18 13:48:25.171000,413.97061872214425,103
2024-09-18 13:48:25.275000,413.9499255181514,998
2024-09-18 13:48:25.301000,413.9438677489355,7
2024-09-18 13:48:25.540000,413.9356580865284,97
2024-09-18 13:48:25.747000,413.9430414674365,101
2024-09-18 13:48:25.756000,413.94423528840633,15
2024-09-18 13:48:25.930000,413.9405613792138,1004
2024-09-18 13:48:26.029000,413.87652006304137,995
2024-09-18 13:48:26.074000,413.8577719296845,95
2024-09-18 13:48:26.116000,413.90236052034265,15
2024-09-18 13:48:26.143000,413.8525870153945,1001
2024-09-18 13:48:26.269000,413.8519374059615,1004
2024-09-18 13:48:26.344000,413.8684353481115,1001
2024-09-18 13:48:26.361000,413.8975740757147,1001
2024-09-18 13:48:26.371000,413.9048381729938,997
2024-09-18 13:48:26.382000,413.8450359502282,103
2024-09-18 13:48:26.387000,413.9220005593981,1000
2024-09-18 13:48:26.463000,413.8408502772195,100
2024-09-18 13:48:26.477000,413.8681509741518,997
2024-09-18 13:48:26.487000,413.874463262649,1004
2024-09-18 13:48:26.507000,413.8782637343373,105
2024-09-18 13:48:26.609000,413.8796457585364,1001
2024-09-18 13:48:26.658000,413.8435680616788,6
2024-09-18 13:48:26.670000,413.8285583547776,95
2024-09-18 13:48:26.732000,413.8749757335322,95
2024-09-18 13:48:26.735000,413.8630551905815,105
2024-09-18 13:48:26.782000,413.9328300573623,1002
2024-09-18 13:48:26.824000,413.8548837545835,10
2024-09-18 13:48:26.852000,413.8527472504129,1000
2024-09-18 13:48:26.859000,413.9160684206012,8
2024-09-18 13:48:26.923000,413.9413934741127,105
2024-09-18 13:48:27.073000,413.78742125171306,7
2024-09-18 13:48:27.086000,413.8251455502604,103
2024-09-18 13:48:27.144000,413.8046182704588,998
2024-09-18 13:48:27.175000,413.7795679520109,96
2024-09-18 13:48:27.184000,413.8375623872362,6
2024-09-18 13:48:27.207000,413.80469735944,104
2024-09-18 13:48:27.233000,413.8137326968184,102
2024-09-18 13:48:27.271000,413.8103062628714,15
2024-09-18 13:48:27.273000,413.7997676810082,14
2024-09-18 13:48:27.675000,413.8221537085935,11
2024-09-18 13:48:27.814000,413.8473098287354,13
2024-09-18 13:48:27.826000,413.8139561074184,98
2024-09-18 13:48:27.839000,413.79447786599343,98
2024-09-18 13:48:27.901000,413.8107653114403,7
2024-09-18 13:48:27.994000,413.81693459751983,104
2024-09-18 13:48:28.002000,413.83249025410026,104
2024-09-18 13:48:28.086000,413.8164551222333,95
2024-09-18 13:48:28.089000,413.8092698816898,998
2024-09-18 13:48:28.105000,413.8163526346042,100
2024-09-18 13:48:28.180000,413.803353703446,96
2024-09-18 13:48:28.180000,413.7861511055647,101
2024-09-18 13:48:28.223000,413.8058868251628,997
2024-09-18 13:48:28.246000,413.8214211817864,98
2024-09-18 13:48:28.333000,413.81797030193655,998
2024-09-18 13:48:28.363000,413.788372678657,997
2024-09-18 13:48:28.430000,413.8096833315688,1001
2024-09-18 13:48:28.454000,413.8037382250645,13
2024-09-18 13:48:28.504000,413.7913521804998,8
2024-09-18 13:48:28.561000,413.8070826325527,8
2024-09-18 13:48:28.585000,413.8117598559157,105
2024-09-18 13:48:28.613000,413.8162525396763,6
2024-09-18 13:48:28.669000,413.8106923100422,10
2024-09-18 13:48:28.690000,413.8310907017248,105
2024-09-18 13:48:28.705000,413.8145845897441,97
2024-09-18 13:48:28.755000,413.8016443030628,95
2024-09-18 13:48:28.824000,413.8093078854292,1002
2024-09-18 13:48:28.831000,413.81130782672415,105
2024-09-18 13:48:28.842000,413.8122175097073,6
2024-09-18 13:48:28.857000,413.8180831568866,996
2024-09-18 13:48:28.915000,413.8214733182908,1000
2024-09-18 13:48:29.212000,413.7913058092389,14
2024-09-18 13:48:29.298000,413.7670087612487,995
2024-09-18 13:48:29.416000,413.76110905409575,103
2024-09-18 13:48:29.863000,413.7629051662312,11
2024-09-18 13:48:29.932000,413.7864820371383,103
2024-09-18 13:48:29.962000,413.77068266860863,1002
2024-09-18 13:48:30.032000,413.800172117644,97
2024-09-18 13:48:30.213000,413.7918766070988,15
2024-09-18 13:48:30.373000,413.7969083041886,102
2024-09-18 13:48:30.434000,413.8092069137537,1003
2024-09-18 13:48:30.852000,413.79712207942936,104
2024-09-18 13:48:30.953000,413.7910958211529,14
2024-09-18 13:48:32.018000,413.7874653592584,100
2024-09-18 13:48:32.072000,413.78257595069294,103
2024-09-18 13:48:32.332000,413.7754022171681,997
2024-09-18 13:48:32.347000,413.7830630025616,103
2024-09-18 13:48:32.400000,413.7665318889628,101
2024-09-18 13:48:32.565000,413.7794645224961,100
2024-09-18 13:48:32.623000,413.7826507454732,998
2024-09-18 13:48:32.662000,413.7409569993367,96
2024-09-18 13:48:32.679000,413.7957911310145,1000
2024-09-18 13:48:32.709000,413.785278136287,95
2024-09-18 13:48:32.757000,413.7691461772605,9
2024-09-18 13:48:32.959000,413.7670106358085,1001
2024-09-18 13:48:33.100000,413.7348559492354,1004
2024-09-18 13:48:33.107000,413.7173933583372,1005
2024-09-18 13:48:33.129000,413.70648065442896,14
2024-09-18 13:48:33.135000,413.7208357491847,1005
2024-09-18 13:48:33.151000,413.7413611117734,15
2024-09-18 13:48:33.202000,413.7024388562383,101
2024-09-18 13:48:33.312000,413.6991275406687,104
2024-09-18 13:48:33.387000,413.73102229212697,1005
2024-09-18 13:48:33.421000,413.74570370141214,104
2024-09-18 13:48:33.432000,413.6926222804698,6
2024-09-18 13:48:33.476000,413.7361440074266,995
2024-09-18 13:48:33.520000,413.7147291308428,99
2024-09-18 13:48:33.616000,413.7178564104549,11
2024-09-18 13:48:33.656000,413.71420255766986,15
2024-09-18 13:48:33.848000,413.708667702151,1001
2024-09-18 13:48:33.918000,413.7388356534096,98
2024-09-18 13:48:33.982000,413.70235994619225,6
2024-09-18 13:48:34.035000,413.73949134089486,6
2024-09-18 13:48:34.069000,413.7647481786765,997
2024-09-18 13:48:34.103000,413.75491618609686,13
2024-09-18 13:48:34.108000,413.77622033438,98
2024-09-18 13:48:34.216000,413.75969982342673,100
2024-09-18 13:48:34.218000,413.74620034206094,105
2024-09-18 13:48:34.253000,413.7434406301954,105
2024-09-18 13:48:34.339000,413.7441398164445,998
2024-09-18 13:48:34.342000,413.7380554082554,1005
2024-09-18 13:48:34.352000,413.7679559342285,8
2024-09-18 13:48:34.365000,413.7424442354508,6
2024-09-18 13:48:34.462000,413.7784593215034,7
2024-09-18 13:48:34.534000,413.7463941325905,12
2024-09-18 13:48:34.604000,413.7330272554877,13
2024-09-18 13:48:34.610000,413.72912261380793,102
2024-09-18 13:48:34.618000,413.75075268849776,97
2024-09-18 13:48:34.625000,413.7315784905042,13
2024-09-18 13:48:34.627000,413.7623218440264,5
2024-09-18 13:48:34.631000,413.7388765358502,96
2024-09-18 13:48:34.671000,413.7169662154569,1001
2024-09-18 13:48:34.711000,413.7308666472713,998
2024-09-18 13:48:34.730000,413.74311397767485,998
2024-09-18 13:48:34.757000,413.73572839381967,8
2024-09-18 13:48:34.785000,413.7557009326521,10
2024-09-18 13:48:34.841000,413.7157235923798,15
2024-09-18 13:48:34.882000,413.73330165870544,13
2024-09-18 13:48:34.921000,413.7399497010401,13
2024-09-18 13:48:34.958000,413.7610150116183,995
2024-09-18 13:48:34.966000,413.771745938636,14
2024-09-18 13:48:36.049000,413.8205064715512,11
2024-09-18 13:48:36.175000,413.7981888809704,1001
2024-09-18 13:48:36.187000,413.7687184531672,101
2024-09-18 13:48:36.234000,413.840630812562,99
2024-09-18 13:48:36.297000,413.8364240176178,12
2024-09-18 13:48:36.309000,413.8062389494267,1002
2024-09-18 13:48:36.367000,413.8482701202234,100
2024-09-18 13:48:36.381000,413.8295345440868,97
2024-09-18 13:48:36.476000,413.7757526600672,5
2024-09-18 13:48:36.512000,413.804040332417,6
2024-09-18 13:48:36.571000,413.7853723790629,98
2024-09-18 13:48:36.610000,413.81392727839415,96
2024-09-18 13:48:36.632000,413.7990549141719,6
2024-09-18 13:48:36.648000,413.8409104170908,97
2024-09-18 13:48:36.654000,413.8193975977088,98
2024-09-18 13:48:36.674000,413.8291938628829,95
2024-09-18 13:48:36.741000,413.826051343346,995
2024-09-18 13:48:36.744000,413.8249346150904,1001
2024-09-18 13:48:36.790000,413.8332637496949,95
2024-09-18 13:48:36.904000,413.83652118150906,98
2024-09-18 13:48:36.937000,413.82612525370894,996
2024-09-18 13:48:36.950000,413.820248148896,98
2024-09-18 13:48:36.993000,413.8389248858405,7
2024-09-18 13:48:37.024000,413.8193988851749,13
2024-09-18 13:48:37.056000,413.8336834820091,101
2024-09-18 13:48:37.111000,413.79921912347913,997
2024-09-18 13:48:37.177000,413.7914468321933,1000
2024-09-18 13:48:37.215000,413.80950297520815,95
2024-09-18 13:48:37.270000,413.808689723644,102
2024-09-18 13:48:37.456000,413.7792703807084,14
2024-09-18 13:48:37.566000,413.7993649481418,14
2024-09-18 13:48:37.583000,413.8190161127473,999
2024-09-18 13:48:37.593000,413.7408851448836,105
2024-09-18 13:48:37.596000,413.8162199483311,12
2024-09-18 13:48:37.624000,413.7522657937287,1001
2024-09-18 13:48:37.642000,413.75906845847845,104
2024-09-18 13:48:37.727000,413.8165675197586,103
2024-09-18 13:48:37.837000,413.8288263112104,96
2024-09-18 13:48:37.841000,413.7894480580586,12
2024-09-18 13:48:37.889000,413.82616678355424,996
2024-09-18 13:48:38.082000,413.74885994814525,11
2024-09-18 13:48:38.123000,413.7231922327952,1000
2024-09-18 13:48:38.353000,413.74502949892326,15
2024-09-18 13:48:38.590000,413.7522642707675,104
2024-09-18 13:48:38.613000,413.7368876512807,105
2024-09-18 13:48:38.838000,413.745847693929,95
2024-09-18 13:48:39.014000,413.6980408752754,5
2024-09-18 13:48:39.052000,413.7093483699728,102
2024-09-18 13:48:39.110000,413.720752931915,12
2024-09-18 13:48:39.149000,413.7152330049959,998
2024-09-18 13:48:39.153000,413.7237757217862,99
2024-09-18 13:48:39.204000,413.6744606371443,1002
2024-09-18 13:48:39.215000,413.6873938104968,11
2024-09-18 13:48:39.345000,413.7401309701749,999
2024-09-18 13:48:39.351000,413.7225771940919,11
2024-09-18 13:48:39.388000,413.73364277083147,103
2024-09-18 13:48:39.563000,413.6868922921839,102
2024-09-18 13:48:39.607000,413.68692478019534,1001
2024-09-18 13:48:39.649000,413.7104307440984,97
2024-09-18 13:48:39.662000,413.71316020092286,5
2024-09-18 13:48:39.683000,413.6772448291012,996
2024-09-18 13:48:39.748000,413.7218891145788,997
2024-09-18 13:48:39.749000,413.7265323025301,999
2024-09-18 13:48:39.832000,413.7451725625262,14
2024-09-18 13:48:39.939000,413.6944735249482,98
2024-09-18 13:48:39.967000,413.6705693329435,1000
2024-09-18 13:48:40.020000,413.6805439185466,1004
2024-09-18 13:48:40.029000,413.6799784266248,95
2024-09-18 13:48:40.042000,413.6723889346957,100
2024-09-18 13:48:40.085000,413.7090635621264,12
2024-09-18 13:48:40.141000,413.6930848490193,1002
2024-09-18 13:48:40.244000,413.7596726328714,6
2024-09-18 13:48:40.246000,413.6717319828937,1001
2024-09-18 13:48:40.261000,413.7331268721806,996
2024-09-18 13:48:40.263000,413.7301057581353,1000
2024-09-18 13:48:40.276000,413.6992707667114,105
2024-09-18 13:48:40.285000,413.6998265310871,100
2024-09-18 13:48:40.344000,413.6995907390564,1001
2024-09-18 13:48:40.410000,413.69907410802864,103
2024-09-18 13:48:40.415000,413.6899959798756,96
2024-09-18 13:48:40.504000,413.72374018721246,996
2024-09-18 13:48:40.518000,413.7086035029741,101
2024-09-18 13:48:40.527000,413.6725676981112,13
2024-09-18 13:48:40.530000,413.7000691183193,11
2024-09-18 13:48:40.538000,413.6932719982433,1005
2024-09-18 13:48:40.555000,413.72376131682194,1001
2024-09-18 13:48:40.567000,413.7538913233101,5
2024-09-18 13:48:40.621000,413.6900760386404,15
2024-09-18 13:48:40.732000,413.6860011970572,103
2024-09-18 13:48:40.749000,413.7499456091976,102
2024-09-18 13:48:40.770000,413.6897940472095,1004
2024-09-18 13:48:40.962000,413.6815095988795,996
2024-09-18 13:48:41.042000,413.736352287485,1003
2024-09-18 13:48:41.076000,413.7604384901536,104
2024-09-18 13:48:41.132000,413.7635411690392,101
2024-09-18 13:48:41.257000,413.7565446931196,995
2024-09-18 13:48:41.311000,413.7592114388913,103
2024-09-18 13:48:41.336000,413.7629511919623,10
2024-09-18 13:48:41.455000,413.73845972314666,99
2024-09-18 13:48:41.583000,413.7548185784254,13
2024-09-18 13:48:41.589000,413.76458452648137,998
2024-09-18 13:48:41.605000,413.73817246782414,104
2024-09-18 13:48:41.615000,413.74363754496767,102
2024-09-18 13:48:41.726000,413.7473485256826,97
2024-09-18 13:48:41.767000,413.751735716517,105
2024-09-18 13:48:41.845000,413.7872956333432,6
2024-09-18 13:48:41.931000,413.7585453858508,5
2024-09-18 13:48:41.996000,413.7546302060288,7
2024-09-18 13:48:42.005000,413.81722184710543,997
2024-09-18 13:48:42.046000,413.8000392577342,14
2024-09-18 13:48:42.065000,413.7861196081088,996
2024-09-18 13:48:42.129000,413.86829177150736,97
2024-09-18 13:48:42.174000,413.7870255281573,98
2024-09-18 13:48:42.195000,413.8604561942966,100
2024-09-18 13:48:42.265000,413.8841426229384,7
2024-09-18 13:48:42.293000,413.84309998301467,1001
2024-09-18 13:48:42.296000,413.8551380918621,11
2024-09-18 13:48:42.311000,413.8762014349821,15
2024-09-18 13:48:42.324000,413.7945591469829,104
2024-09-18 13:48:42.330000,413.84595516967846,995
2024-09-18 13:48:42.344000,413.81248559915934,100
2024-09-18 13:48:42.444000,413.8598377125108,8
2024-09-18 13:48:42.457000,413.828622665037,10
2024-09-18 13:48:42.504000,413.8682780517103,1005
2024-09-18 13:48:42.536000,413.8025955127033,1004
2024-09-18 13:48:42.664000,413.8786070769491,996
2024-09-18 13:48:42.751000,413.868804984638,10
2024-09-18 13:48:42.772000,413.7837425869156,8
2024-09-18 13:48:42.787000,413.9013111950728,1000
2024-09-18 13:48:42.811000,413.9051210587586,12
2024-09-18 13:48:42.883000,413.8118728113468,105
2024-09-18 13:48:42.945000,413.8601199708221,1005
2024-09-18 13:48:42.954000,413.8536269982838,102
2024-09-18 13:48:42.969000,413.7955051655446,6
2024-09-18 13:48:42.984000,413.7975187936461,100
2024-09-18 13:48:43.016000,413.8778845815777,6
2024-09-18 13:48:43.144000,413.8958016263128,103
2024-09-18 13:48:43.196000,413.9051865409846,105
2024-09-18 13:48:43.213000,413.8641265544874,1002
2024-09-18 13:48:43.228000,413.87500424647567,9
2024-09-18 13:48:43.258000,413.8746000977348,104
2024-09-18 13:48:43.278000,413.8746718057509,99
2024-09-18 13:48:43.455000,413.9091531752852,10
2024-09-18 13:48:43.457000,413.8600254465825,9
2024-09-18 13:48:43.662000,413.86829071637385,103
2024-09-18 13:48:43.971000,413.90022340348753,9
2024-09-18 13:48:43.981000,413.9198023440221,9
2024-09-18 13:48:43.989000,413.9030577349264,11
2024-09-18 13:48:43.990000,413.8784298421958,11
2024-09-18 13:48:44.011000,413.8535083141014,1003
2024-09-18 13:48:44.120000,413.8543999589353,996
2024-09-18 13:48:44.124000,413.8478359334528,11
2024-09-18 13:48:44.215000,413.8659515688879,98
2024-09-18 13:48:44.251000,413.8457473041712,1005
2024-09-18 13:48:44.288000,413.8565074872931,995
2024-09-18 13:48:44.305000,413.8715884767441,5
2024-09-18 13:48:44.479000,413.85902653877264,1000
2024-09-18 13:48:44.504000,413.860372441005,96
2024-09-18 13:48:44.542000,413.846499292032,13
2024-09-18 13:48:44.544000,413.8355908801786,996
2024-09-18 13:48:44.590000,413.8356858896349,14
2024-09-18 13:48:44.620000,413.8636714837631,13
2024-09-18 13:48:44.635000,413.8393060943384,105
2024-09-18 13:48:44.662000,413.8511725198575,96
2024-09-18 13:48:44.763000,413.83026661397287,995
2024-09-18 13:48:44.849000,413.830823723979,102
2024-09-18 13:48:44.857000,413.8706103772855,8
2024-09-18 13:48:44.871000,413.8530969254917,1004
2024-09-18 13:48:44.902000,413.858530638516,100
2024-09-18 13:48:45.058000,413.9181029766068,100
2024-09-18 13:48:45.069000,413.8859646586551,14
2024-09-18 13:48:45.076000,413.9390334391662,1004
2024-09-18 13:48:45.110000,413.9241175675273,1003
2024-09-18 13:48:45.193000,413.88863674608297,995
2024-09-18 13:48:45.200000,413.92325139877255,997
2024-09-18 13:48:45.219000,413.9155235834564,1000
2024-09-18 13:48:45.236000,413.9083003919663,100
2024-09-18 13:48:45.297000,413.9346977355049,10
2024-09-18 13:48:45.368000,413.90260099938047,14
2024-09-18 13:48:45.375000,413.8944845838914,15
2024-09-18 13:48:45.459000,413.8793075922639,95
2024-09-18 13:48:45.512000,413.88148852344005,95
2024-09-18 13:48:45.544000,413.9173461462407,12
2024-09-18 13:48:45.588000,413.9240479864842,102
2024-09-18 13:48:45.606000,413.91793955268827,1001
2024-09-18 13:48:45.698000,413.892365681219,13
2024-09-18 13:48:45.798000,413.9116658670713,1002
2024-09-18 13:48:45.816000,413.9032070359463,996
2024-09-18 13:48:45.830000,413.9189318413908,9
2024-09-18 13:48:45.850000,413.9335090707463,11
2024-09-18 13:48:45.857000,413.89074993163183,99
2024-09-18 13:48:45.885000,413.89392264428034,1001
2024-09-18 13:48:46.055000,413.90864922686063,996
2024-09-18 13:48:46.064000,413.8956845291104,1005
2024-09-18 13:48:46.110000,413.9310889718523,100
2024-09-18 13:48:46.147000,413.9391935075566,98
2024-09-18 13:48:46.519000,413.8919042285553,995
2024-09-18 13:48:46.536000,413.9080249933781,7
2024-09-18 13:48:46.565000,413.9097566164861,1003
2024-09-18 13:48:46.592000,413.9109358496465,102
2024-09-18 13:48:46.621000,413.8972664698166,100
2024-09-18 13:48:46.731000,413.8957836582546,105
2024-09-18 13:48:46.763000,413.9140057496278,95
2024-09-18 13:48:46.796000,413.9102227632312,104
2024-09-18 13:48:46.825000,413.9280960687758,14
2024-09-18 13:48:46.830000,413.9243757784699,14
2024-09-18 13:48:46.892000,413.9365558557542,1000
2024-09-18 13:48:46.936000,413.9064335724773,1005
2024-09-18 13:48:46.943000,413.8951467429721,13
2024-09-18 13:48:47.073000,413.89932385964414,8
2024-09-18 13:48:47.088000,413.9127085195044,12
2024-09-18 13:48:47.095000,413.945501265543,12
2024-09-18 13:48:47.123000,413.8996550816546,96
2024-09-18 13:48:47.149000,413.9244462909748,1004
2024-09-18 13:48:47.167000,413.9061823346959,995
2024-09-18 13:48:47.176000,413.9427090004014,102
2024-09-18 13:48:47.180000,413.9276309889359,1001
2024-09-18 13:48:47.196000,413.82667371485377,1000
2024-09-18 13:48:47.219000,413.88117664764593,97
2024-09-18 13:48:47.264000,413.92927999707183,996
2024-09-18 13:48:47.278000,413.88003346768113,1004
2024-09-18 13:48:47.286000,413.9215341720602,998
2024-09-18 13:48:47.411000,413.9405955012915,10
2024-09-18 13:48:47.421000,413.9099785001628,100
2024-09-18 13:48:47.533000,413.82814858546095,997
2024-09-18 13:48:47.541000,413.9140357641528,10
2024-09-18 13:48:47.543000,413.83390192681975,13
2024-09-18 13:48:47.559000,413.905007636712,1005
2024-09-18 13:48:47.589000,413.8324950658674,9
2024-09-18 13:48:47.629000,413.8430899606976,998
2024-09-18 13:48:47.672000,413.95035590582967,5
2024-09-18 13:48:47.776000,413.91386436821006,13
2024-09-18 13:48:47.780000,413.8522230683197,5
2024-09-18 13:48:47.887000,413.9112301015269,1003
2024-09-18 13:48:47.891000,413.90977933184746,1004
2024-09-18 13:48:47.900000,413.8186669222711,1000
2024-09-18 13:48:48.101000,413.8351311732355,9
2024-09-18 13:48:48.131000,413.84434301330987,1002
2024-09-18 13:48:48.145000,413.83565119561433,13
2024-09-18 13:48:48.258000,413.80979192751744,9
2024-09-18 13:48:48.311000,413.84996606420606,1001
2024-09-18 13:48:48.396000,413.8284138198735,996
2024-09-18 13:48:48.465000,413.8303110757092,96
2024-09-18 13:48:48.493000,413.7926774682931,8
2024-09-18 13:48:48.527000,413.7830225455388,7
2024-09-18 13:48:48.553000,413.7873040178245,1005
2024-09-18 13:48:48.579000,413.8216030703206,1001
2024-09-18 13:48:48.631000,413.8572781942564,9
2024-09-18 13:48:48.666000,413.841243275493,1000
2024-09-18 13:48:48.710000,413.8192714088769,8
2024-09-18 13:48:48.715000,413.81917042080073,8
2024-09-18 13:48:48.717000,413.8303607985097,11
2024-09-18 13:48:48.724000,413.8269245917954,996
2024-09-18 13:48:48.784000,413.7790783724792,1003
2024-09-18 13:48:48.803000,413.8501585461135,104
2024-09-18 13:48:48.893000,413.7869271713096,99
2024-09-18 13:48:48.995000,413.833603933798,1003
2024-09-18 13:48:49.006000,413.8392931864792,103
2024-09-18 13:48:49.215000,413.8187030532584,100
2024-09-18 13:48:49.571000,413.803688496484,105
2024-09-18 13:48:50.099000,413.8291805355324,997
2024-09-18 13:48:50.223000,413.8492128715378,13
2024-09-18 13:48:50.236000,413.8305821976181,12
2024-09-18 13:48:50.261000,413.8313681331648,100
2024-09-18 13:48:50.332000,413.83523890573497,105
2024-09-18 13:48:50.469000,413.84983662495495,104
2024-09-18 13:48:50.513000,413.8683986799261,103
2024-09-18 13:48:50.605000,413.8510070885304,12
2024-09-18 13:48:50.633000,413.8526707672028,100
2024-09-18 13:48:50.644000,413.8312254715159,104
2024-09-18 13:48:50.726000,413.8174150191068,12
2024-09-18 13:48:50.738000,413.86260668575005,99
2024-09-18 13:48:50.739000,413.8277260694384,98
2024-09-18 13:48:50.757000,413.85042559894754,102
2024-09-18 13:48:50.771000,413.8316312771532,99
2024-09-18 13:48:50.901000,413.8431094799533,5
2024-09-18 13:48:51.395000,413.86948126292464,999
2024-09-18 13:48:51.771000,413.8727069125218,98
2024-09-18 13:48:51.773000,413.84734706090313,997
2024-09-18 13:48:51.836000,413.8340174041818,1005
2024-09-18 13:48:51.845000,413.8658451049395,997
2024-09-18 13:48:51.961000,413.8427460098855,11
2024-09-18 13:48:52.121000,413.8506886806388,99
2024-09-18 13:48:52.218000,413.8528157953048,1001
2024-09-18 13:48:52.313000,413.8750392626693,98
2024-09-18 13:48:52.328000,413.87573374807647,95
2024-09-18 13:48:52.440000,413.8856543765528,998
2024-09-18 13:48:52.733000,413.8730315342678,15
2024-09-18 13:48:52.778000,413.8897247004647,1002
2024-09-18 13:48:52.783000,413.8551078225902,104
2024-09-18 13:48:52.794000,413.8811653105122,1000
2024-09-18 13:48:52.817000,413.87931006268974,103
2024-09-18 13:48:52.821000,413.8855124958424,10
2024-09-18 13:48:52.897000,413.8659645307372,99
2024-09-18 13:48:52.913000,413.8683488642552,13
2024-09-18 13:48:52.965000,413.8663222236232,15
2024-09-18 13:48:52.983000,413.84426550049625,1001
2024-09-18 13:48:53.129000,413.8724190121687,104
2024-09-18 13:48:53.178000,413.89801858709177,102
2024-09-18 13:48:53.184000,413.907476452762,99
2024-09-18 13:48:53.197000,413.9244672045697,1001
2024-09-18 13:48:53.220000,413.8916155044363,1004
2024-09-18 13:48:53.350000,413.9399035994224,104
2024-09-18 13:48:53.429000,413.93641753404427,13
2024-09-18 13:48:53.483000,413.89629808292113,101
2024-09-18 13:48:53.622000,413.904935709132,10
2024-09-18 13:48:53.690000,413.9287794153052,1001
2024-09-18 13:48:53.705000,413.9083079396469,1000
2024-09-18 13:48:53.728000,413.8760241017079,9
2024-09-18 13:48:53.820000,413.9067766408338,1002
2024-09-18 13:48:53.875000,413.8793284166924,13
2024-09-18 13:48:53.904000,413.8933958893696,12
2024-09-18 13:48:53.984000,413.93359750709857,101
2024-09-18 13:48:54.091000,413.8655639479418,10
2024-09-18 13:48:54.141000,413.8936348004119,104
2024-09-18 13:48:54.154000,413.89618632754815,6
2024-09-18 13:48:54.204000,413.867185101077,13
2024-09-18 13:48:54.215000,413.8986074055703,96
2024-09-18 13:48:54.228000,413.90202492197193,11
2024-09-18 13:48:54.277000,413.86748191442575,10
2024-09-18 13:48:54.340000,413.8736475580309,998
2024-09-18 13:48:54.343000,413.874929997932,998
2024-09-18 13:48:54.393000,413.8673332242245,5
2024-09-18 13:48:54.453000,413.90330446006107,998
2024-09-18 13:48:54.490000,413.8279728893996,105
2024-09-18 13:48:54.526000,413.8955169987144,95
2024-09-18 13:48:54.533000,413.8543322867603,104
2024-09-18 13:48:54.608000,413.9073538068648,95
2024-09-18 13:48:54.644000,413.8859056168269,9
2024-09-18 13:48:54.729000,413.86533187577294,97
2024-09-18 13:48:54.779000,413.8659988063247,99
2024-09-18 13:48:54.837000,413.8380841461616,10
2024-09-18 13:48:54.886000,413.8812564239728,1003
2024-09-18 13:48:54.891000,413.8977379855753,13
2024-09-18 13:48:54.902000,413.87083590681857,14
2024-09-18 13:48:54.911000,413.8472705323712,95
2024-09-18 13:48:54.913000,413.8816179784084,8
2024-09-18 13:48:54.932000,413.87810870844174,12
2024-09-18 13:48:55.172000,413.8084616615092,8
2024-09-18 13:48:55.230000,413.7881358456079,101
2024-09-18 13:48:55.299000,413.827766495906,996
2024-09-18 13:48:55.417000,413.8613243792581,100
2024-09-18 13:48:55.441000,413.7850070742072,98
2024-09-18 13:48:55.445000,413.7862409844257,996
2024-09-18 13:48:55.476000,413.7926476001056,100
2024-09-18 13:48:55.513000,413.8073488342594,1001
2024-09-18 13:48:55.538000,413.793171967211,1003
2024-09-18 13:48:55.707000,413.8121616626633,104
2024-09-18 13:48:55.771000,413.80044977106,102
2024-09-18 13:48:55.787000,413.84855105670056,101
2024-09-18 13:48:55.840000,413.81019115578766,8
2024-09-18 13:48:55.876000,413.8435346695792,13
2024-09-18 13:48:55.886000,413.8397561722279,99
2024-09-18 13:48:55.928000,413.79984570134206,98
2024-09-18 13:48:55.946000,413.8016607703832,7
2024-09-18 13:48:55.974000,413.80275115530407,9
2024-09-18 13:48:55.994000,413.79054616252887,1005
2024-09-18 13:48:56.012000,413.81408539523454,100
2024-09-18 13:48:56.021000,413.80083082800166,8
2024-09-18 13:48:56.034000,413.8019360929197,9
2024-09-18 13:48:56.057000,413.8294375696352,98
2024-09-18 13:48:56.093000,413.7802867664958,95
2024-09-18 13:48:56.212000,413.8140945902552,1004
2024-09-18 13:48:56.233000,413.8290959124046,998
2024-09-18 13:48:56.332000,413.8370201032489,100
2024-09-18 13:48:56.350000,413.7978686743433,1005
2024-09-18 13:48:56.364000,413.782791866246,6
2024-09-18 13:48:56.367000,413.81616731665054,12
2024-09-18 13:48:56.439000,413.7959816977699,98
2024-09-18 13:48:56.447000,413.79610367074025,14
2024-09-18 13:48:56.539000,413.7792857921633,1005
2024-09-18 13:48:56.558000,413.8112090379923,1003
2024-09-18 13:48:56.559000,413.81308624117855,12
2024-09-18 13:48:56.577000,413.8353574444545,1004
2024-09-18 13:48:56.583000,413.78197487502393,101
2024-09-18 13:48:56.613000,413.8167670537948,14
2024-09-18 13:48:56.822000,413.83383786254814,996
2024-09-18 13:48:56.866000,413.7724644210252,996
2024-09-18 13:48:56.884000,413.7898313916795,5
2024-09-18 13:48:56.923000,413.78580455027054,998
2024-09-18 13:48:56.928000,413.7809662190065,1000
2024-09-18 13:48:56.942000,413.7811933990884,100
2024-09-18 13:48:56.944000,413.7877477035568,97
2024-09-18 13:48:56.966000,413.8146430580938,103
2024-09-18 13:48:57.117000,413.80363100738697,998
2024-09-18 13:48:57.152000,413.7691110634332,14
2024-09-18 13:48:57.158000,413.7928823504197,102
2024-09-18 13:48:57.193000,413.7609931889343,1004
2024-09-18 13:48:57.291000,413.7966105615158,102
2024-09-18 13:48:57.347000,413.7960250892486,5
2024-09-18 13:48:57.407000,413.7739522293112,1005
2024-09-18 13:48:57.678000,413.7862006441962,999
2024-09-18 13:48:57.721000,413.80852295176993,10
2024-09-18 13:48:57.738000,413.78864164607296,11
2024-09-18 13:48:57.787000,413.77397973765534,98
2024-09-18 13:48:57.798000,413.7737136402279,98
2024-09-18 13:48:57.980000,413.7718176151568,9
2024-09-18 13:48:58.150000,413.78219598922993,101
2024-09-18 13:48:58.246000,413.7859173408071,14
2024-09-18 13:48:58.368000,413.8098777712577,15
2024-09-18 13:48:58.564000,413.8115614221191,97
2024-09-18 13:48:58.673000,413.7770783176199,99
2024-09-18 13:48:58.740000,413.8100763195733,10
2024-09-18 13:48:58.910000,413.8020989639092,102
2024-09-18 13:48:58.976000,413.798126688265,14
2024-09-18 13:48:59.191000,413.8220998636056,1001
2024-09-18 13:48:59.205000,413.7838817133825,98
2024-09-18 13:48:59.373000,413.8033616565108,998
2024-09-18 13:48:59.376000,413.81600712044553,104
2024-09-18 13:48:59.383000,413.760972177461,1000
2024-09-18 13:48:59.406000,413.7739155320685,12
2024-09-18 13:48:59.457000,413.80017617874495,1003
2024-09-18 13:48:59.478000,413.72753666123054,998
2024-09-18 13:48:59.509000,413.7371765738969,100
2024-09-18 13:48:59.520000,413.80739676314784,12
2024-09-18 13:48:59.545000,413.7619053132542,998
2024-09-18 13:48:59.710000,413.7707563261816,1005
2024-09-18 13:48:59.806000,413.7539054873965,96
2024-09-18 13:48:59.868000,413.7702837098348,999
2024-09-18 13:48:59.925000,413.8067293800376,96
2024-09-18 13:48:59.930000,413.7796921018548,104
2024-09-18 13:48:59.975000,413.7335434394469,1000
2024-09-18 13:48:59.982000,413.75656243566976,98
