Timestamp,Price,Size
2024-09-19 10:37:00.021000,419.9020526530066,98
2024-09-19 10:37:00.036000,419.88933268275366,10
2024-09-19 10:37:00.049000,419.90339600194005,996
2024-09-19 10:37:00.052000,419.9186008019747,96
2024-09-19 10:37:00.346000,419.90595101251387,1004
2024-09-19 10:37:00.375000,419.92090281207,15
2024-09-19 10:37:00.428000,419.90829656803817,5
2024-09-19 10:37:00.441000,419.9129184897483,13
2024-09-19 10:37:00.474000,419.89703288980655,102
2024-09-19 10:37:00.492000,419.9406469358784,998
2024-09-19 10:37:00.604000,419.8993385548133,100
2024-09-19 10:37:00.798000,419.9244150433791,1003
2024-09-19 10:37:00.997000,419.9068111763643,15
2024-09-19 10:37:01.146000,419.9077202785336,15
2024-09-19 10:37:01.214000,419.9408926134199,1003
2024-09-19 10:37:01.398000,419.94400649810046,8
2024-09-19 10:37:01.497000,419.9190921105001,11
2024-09-19 10:37:01.781000,419.9028592094454,100
2024-09-19 10:37:01.794000,419.9339101725901,12
2024-09-19 10:37:01.825000,419.9092110558809,9
2024-09-19 10:37:01.879000,419.9239236119339,98
2024-09-19 10:37:02.202000,419.91828605468464,12
2024-09-19 10:37:02.596000,419.9449454388817,98
2024-09-19 10:37:03.114000,419.8946926815328,1004
2024-09-19 10:37:03.137000,419.92508495830464,1002
2024-09-19 10:37:03.389000,419.93121909467175,8
2024-09-19 10:37:03.444000,419.9356647398283,11
2024-09-19 10:37:03.577000,419.9053351731165,996
2024-09-19 10:37:03.589000,419.9223420300534,13
2024-09-19 10:37:03.703000,419.9051397251782,97
2024-09-19 10:37:03.779000,419.9265626598102,8
2024-09-19 10:37:03.859000,419.9300293591306,1003
2024-09-19 10:37:03.922000,419.9058991814063,10
2024-09-19 10:37:03.981000,419.9361399658332,999
2024-09-19 10:37:04.003000,419.913171079416,101
2024-09-19 10:37:04.450000,419.9132414916135,7
2024-09-19 10:37:04.730000,419.9006579851382,7
2024-09-19 10:37:05.010000,419.8900538832257,11
2024-09-19 10:37:05.032000,419.9023069173087,996
2024-09-19 10:37:05.056000,419.90440241155255,1000
2024-09-19 10:37:05.083000,419.89050338696177,101
2024-09-19 10:37:05.133000,419.9004060478899,97
2024-09-19 10:37:05.157000,419.9034786253221,97
2024-09-19 10:37:05.254000,419.89710509280906,101
2024-09-19 10:37:05.300000,419.9235410592176,1000
2024-09-19 10:37:05.396000,419.9169815535647,13
2024-09-19 10:37:05.504000,419.89493273511306,103
2024-09-19 10:37:05.540000,419.89824040255314,99
2024-09-19 10:37:05.554000,419.8902238099188,100
2024-09-19 10:37:05.583000,419.91587244239,11
2024-09-19 10:37:05.588000,419.8869048104884,12
2024-09-19 10:37:05.627000,419.8865640124508,99
2024-09-19 10:37:05.747000,419.8979814010661,12
2024-09-19 10:37:05.757000,419.91180038366446,1005
2024-09-19 10:37:05.780000,419.91056760253065,997
2024-09-19 10:37:05.884000,419.9142219701284,105
2024-09-19 10:37:05.934000,419.89779449340233,101
2024-09-19 10:37:05.949000,419.8935906466384,1001
2024-09-19 10:37:05.957000,419.9196758933296,1002
2024-09-19 10:37:05.997000,419.8867740876287,6
2024-09-19 10:37:06.068000,419.8452064108941,100
2024-09-19 10:37:06.135000,419.89806924405735,105
2024-09-19 10:37:06.295000,419.8858293292313,15
2024-09-19 10:37:06.503000,419.8568013628661,997
2024-09-19 10:37:06.506000,419.8710238758377,1002
2024-09-19 10:37:06.520000,419.84265848898576,13
2024-09-19 10:37:06.532000,419.8430994864876,5
2024-09-19 10:37:06.558000,419.8859855208423,1000
2024-09-19 10:37:06.664000,419.886149752444,998
2024-09-19 10:37:06.720000,419.8291863454744,13
2024-09-19 10:37:06.750000,419.8922384211031,8
2024-09-19 10:37:06.825000,419.8419578777612,101
2024-09-19 10:37:06.840000,419.89024330646834,15
2024-09-19 10:37:06.850000,419.83605732170304,103
2024-09-19 10:37:07.097000,419.82536400591937,98
2024-09-19 10:37:07.101000,419.8456969596941,104
2024-09-19 10:37:07.312000,419.8078506103339,100
2024-09-19 10:37:07.530000,419.84956049941593,96
2024-09-19 10:37:07.583000,419.81269625228015,14
2024-09-19 10:37:07.669000,419.82679073480347,103
2024-09-19 10:37:07.689000,419.83846949139456,14
2024-09-19 10:37:07.824000,419.8197675658789,104
2024-09-19 10:37:07.921000,419.8364673271618,998
2024-09-19 10:37:07.988000,419.8262116883728,15
2024-09-19 10:37:07.993000,419.8345805793029,100
2024-09-19 10:37:08.034000,419.9383672967973,995
2024-09-19 10:37:08.172000,419.94349068186096,1004
2024-09-19 10:37:08.173000,419.8856732320771,1003
2024-09-19 10:37:08.253000,419.91729458287614,101
2024-09-19 10:37:08.276000,419.858440130148,100
2024-09-19 10:37:08.303000,419.8491650232469,1000
2024-09-19 10:37:08.356000,419.92812753123343,1001
2024-09-19 10:37:08.446000,419.8821256475296,997
2024-09-19 10:37:08.455000,419.871678265933,7
2024-09-19 10:37:08.463000,419.9301691887197,997
2024-09-19 10:37:08.563000,419.9222805885181,8
2024-09-19 10:37:08.579000,419.9091103137576,96
2024-09-19 10:37:08.673000,419.9092806921668,11
2024-09-19 10:37:08.730000,419.9437517764309,8
2024-09-19 10:37:08.748000,419.93113847068497,5
2024-09-19 10:37:08.770000,419.9307963285536,104
2024-09-19 10:37:08.806000,419.9256926189969,1000
2024-09-19 10:37:08.871000,419.8686387263253,100
2024-09-19 10:37:08.914000,419.92952082325087,12
2024-09-19 10:37:08.925000,419.93289463736295,1003
2024-09-19 10:37:08.928000,419.8684175938747,997
2024-09-19 10:37:08.970000,419.9368518153868,7
2024-09-19 10:37:08.992000,419.8607101177245,1005
2024-09-19 10:37:09.031000,419.8795846914733,998
2024-09-19 10:37:09.035000,419.9052472662637,10
2024-09-19 10:37:09.091000,419.9001528144231,95
2024-09-19 10:37:09.103000,419.9044775982483,7
2024-09-19 10:37:09.123000,419.8790487436768,1005
2024-09-19 10:37:09.265000,419.92788097551454,997
2024-09-19 10:37:09.293000,419.9204704026877,96
2024-09-19 10:37:09.422000,419.9275373531843,1000
2024-09-19 10:37:09.468000,419.92143221215935,995
2024-09-19 10:37:09.492000,419.92058658581806,101
2024-09-19 10:37:09.516000,419.9058107942451,1003
2024-09-19 10:37:09.521000,419.90808942420745,8
2024-09-19 10:37:09.565000,419.8936968465085,999
2024-09-19 10:37:09.597000,419.860570958396,1001
2024-09-19 10:37:09.642000,419.8874158086752,103
2024-09-19 10:37:09.663000,419.9007482178905,7
2024-09-19 10:37:09.684000,419.92545603363766,1005
2024-09-19 10:37:09.695000,419.8591032435014,11
2024-09-19 10:37:09.733000,419.9152874873109,98
2024-09-19 10:37:09.753000,419.9231687262056,103
2024-09-19 10:37:09.872000,419.8933157758383,9
2024-09-19 10:37:09.877000,419.9036173163363,10
2024-09-19 10:37:09.894000,419.8913748155578,103
2024-09-19 10:37:09.902000,419.8995237234012,8
2024-09-19 10:37:09.902000,419.9196932591896,101
2024-09-19 10:37:09.946000,419.8854013643517,12
2024-09-19 10:37:09.954000,419.8879105480677,11
2024-09-19 10:37:09.958000,419.9037859235971,10
2024-09-19 10:37:10.035000,419.9379761933655,8
2024-09-19 10:37:10.094000,419.908689563387,9
2024-09-19 10:37:10.107000,419.9290632847286,12
2024-09-19 10:37:10.132000,419.89383158570126,1002
2024-09-19 10:37:10.216000,419.8872417064578,95
2024-09-19 10:37:10.233000,419.8728482086729,13
2024-09-19 10:37:10.235000,419.9094936805355,11
2024-09-19 10:37:10.262000,419.9105980085067,99
2024-09-19 10:37:10.308000,419.9306534720075,1001
2024-09-19 10:37:10.371000,419.9188552403688,6
2024-09-19 10:37:10.440000,419.9258724153548,7
2024-09-19 10:37:10.464000,419.8401622027768,1003
2024-09-19 10:37:10.486000,419.9008016017539,95
2024-09-19 10:37:10.496000,419.8512273224956,105
2024-09-19 10:37:10.526000,419.8536157435254,101
2024-09-19 10:37:10.549000,419.9413973027801,995
2024-09-19 10:37:10.565000,419.9134334848039,98
2024-09-19 10:37:10.668000,419.9010866898191,5
2024-09-19 10:37:10.677000,419.9130927808165,96
2024-09-19 10:37:10.682000,419.9231728750174,99
2024-09-19 10:37:10.702000,419.89530587700847,9
2024-09-19 10:37:10.724000,419.9348829211272,1002
2024-09-19 10:37:10.788000,419.9228621450157,95
2024-09-19 10:37:10.800000,419.88249925127775,101
2024-09-19 10:37:10.805000,419.89587885404745,1004
2024-09-19 10:37:10.827000,419.9409366000004,6
2024-09-19 10:37:10.856000,419.90291288722335,998
2024-09-19 10:37:11.007000,419.88473995160496,104
2024-09-19 10:37:11.027000,419.86298218458825,105
2024-09-19 10:37:11.112000,419.8816922139506,100
2024-09-19 10:37:11.114000,419.9107080213111,998
2024-09-19 10:37:11.148000,419.87604690940384,10
2024-09-19 10:37:11.305000,419.8997588461863,995
2024-09-19 10:37:11.321000,419.9130691866788,7
2024-09-19 10:37:11.339000,419.8772385209152,1000
2024-09-19 10:37:11.342000,419.9140799903544,5
2024-09-19 10:37:11.345000,419.888633984922,15
2024-09-19 10:37:11.424000,419.9365587590556,105
2024-09-19 10:37:11.633000,419.9014293887436,102
2024-09-19 10:37:11.642000,419.8883773462755,9
2024-09-19 10:37:11.716000,419.90663387569856,1000
2024-09-19 10:37:11.723000,419.8867727724276,7
2024-09-19 10:37:11.832000,419.8883005960475,97
2024-09-19 10:37:11.926000,419.9176418926804,105
2024-09-19 10:37:12.002000,419.93012421421264,10
2024-09-19 10:37:12.094000,419.9254715951852,1001
2024-09-19 10:37:12.137000,419.9289725031039,1002
2024-09-19 10:37:12.145000,419.9404925535143,97
2024-09-19 10:37:12.181000,419.9003503357942,11
2024-09-19 10:37:12.249000,419.9394325675305,96
2024-09-19 10:37:12.338000,419.91721971619927,1003
2024-09-19 10:37:12.470000,419.9206423207963,995
2024-09-19 10:37:12.502000,419.955993888422,1005
2024-09-19 10:37:12.627000,419.90765634690695,1002
2024-09-19 10:37:12.793000,419.91151469833954,98
2024-09-19 10:37:12.933000,419.9070943975237,15
2024-09-19 10:37:12.967000,419.9408477057407,7
2024-09-19 10:37:13.297000,419.8955857542465,99
2024-09-19 10:37:13.307000,419.93530278058535,8
2024-09-19 10:37:13.509000,419.8927334763671,11
2024-09-19 10:37:13.567000,419.9147555912133,105
2024-09-19 10:37:13.621000,419.89486828946366,13
2024-09-19 10:37:13.710000,419.90184004880905,99
2024-09-19 10:37:13.731000,419.9359233305772,14
2024-09-19 10:37:13.773000,419.8839865008245,13
2024-09-19 10:37:13.834000,419.89401860121103,96
2024-09-19 10:37:13.949000,419.934494528577,1005
2024-09-19 10:37:13.975000,419.90119875438296,998
2024-09-19 10:37:14.037000,419.9044690059782,101
2024-09-19 10:37:14.239000,419.8599363538905,8
2024-09-19 10:37:14.319000,419.8453277897592,1003
2024-09-19 10:37:14.326000,419.83026395016486,8
2024-09-19 10:37:14.452000,419.8613061419285,97
2024-09-19 10:37:14.604000,419.8662710764782,15
2024-09-19 10:37:14.963000,419.8519358619813,1003
2024-09-19 10:37:14.964000,419.8959735767338,97
2024-09-19 10:37:15.016000,419.88341384783575,1004
2024-09-19 10:37:15.121000,419.9443569773798,10
2024-09-19 10:37:15.130000,419.9733718864615,7
2024-09-19 10:37:15.133000,419.9635725383442,102
2024-09-19 10:37:15.154000,419.949581734809,999
2024-09-19 10:37:15.165000,419.93790340979183,999
2024-09-19 10:37:15.277000,419.963743407462,995
2024-09-19 10:37:15.278000,419.8923921008512,103
2024-09-19 10:37:15.284000,419.86264361551895,1000
2024-09-19 10:37:15.344000,419.9592112722649,96
2024-09-19 10:37:15.396000,419.88030223818447,11
2024-09-19 10:37:15.417000,419.9688910810694,1005
2024-09-19 10:37:15.470000,419.97078332157616,1005
2024-09-19 10:37:15.490000,419.9261030748669,998
2024-09-19 10:37:15.500000,419.94548022361806,1004
2024-09-19 10:37:15.532000,419.8855782349664,101
2024-09-19 10:37:15.601000,419.9212961447,14
2024-09-19 10:37:15.652000,419.86799075712935,104
2024-09-19 10:37:15.677000,419.9249092089077,103
2024-09-19 10:37:15.705000,419.939888248543,11
2024-09-19 10:37:15.731000,419.861803238891,1001
2024-09-19 10:37:15.747000,419.9369812012672,10
2024-09-19 10:37:15.800000,419.8663123199829,8
2024-09-19 10:37:15.852000,419.9428164190602,6
2024-09-19 10:37:15.877000,419.9133604097664,8
2024-09-19 10:37:15.884000,419.93491412236375,997
2024-09-19 10:37:15.940000,419.9325856906705,98
2024-09-19 10:37:15.964000,419.9522363804704,105
2024-09-19 10:37:15.965000,419.8429373742842,6
2024-09-19 10:37:15.980000,419.91746387244297,997
2024-09-19 10:37:16.385000,419.96779228292814,1000
2024-09-19 10:37:16.684000,419.9644770484776,998
2024-09-19 10:37:16.712000,419.9347133779912,11
2024-09-19 10:37:16.940000,419.9471991490209,9
2024-09-19 10:37:17.074000,419.9757456033012,95
2024-09-19 10:37:17.298000,420.0099134627573,996
2024-09-19 10:37:17.365000,420.0051791615522,95
2024-09-19 10:37:17.368000,420.0136218972412,96
2024-09-19 10:37:17.510000,419.9773416158272,10
2024-09-19 10:37:17.530000,419.9979213480708,1001
2024-09-19 10:37:17.589000,420.0101411999785,12
2024-09-19 10:37:17.644000,420.0165446400668,1002
2024-09-19 10:37:17.652000,419.98968520459374,15
2024-09-19 10:37:17.664000,419.9683189098311,1002
2024-09-19 10:37:17.720000,419.9875318353208,99
2024-09-19 10:37:17.720000,420.0068213650507,995
2024-09-19 10:37:17.771000,420.01986687302747,6
2024-09-19 10:37:17.792000,419.95604502367695,99
2024-09-19 10:37:17.896000,419.9608349572391,96
2024-09-19 10:37:17.916000,420.0170385664623,1005
2024-09-19 10:37:17.944000,419.9482535219773,1005
2024-09-19 10:37:17.999000,420.00038324601655,999
2024-09-19 10:37:18.012000,420.01304573743823,105
2024-09-19 10:37:18.097000,420.0202305445243,101
2024-09-19 10:37:18.161000,420.0122865997855,103
2024-09-19 10:37:18.189000,420.0100149916484,98
2024-09-19 10:37:18.312000,420.0030178027984,1000
2024-09-19 10:37:18.399000,420.03013355113086,12
2024-09-19 10:37:19.020000,420.0068329547274,101
2024-09-19 10:37:19.057000,419.9911837154759,15
2024-09-19 10:37:19.162000,419.9394994698378,103
2024-09-19 10:37:19.308000,419.9571966677292,105
2024-09-19 10:37:19.621000,419.9814529358305,105
2024-09-19 10:37:19.665000,420.0072121860206,1005
2024-09-19 10:37:19.714000,419.9908545154323,999
2024-09-19 10:37:19.760000,419.92405416226,10
2024-09-19 10:37:19.811000,419.9370857522733,13
2024-09-19 10:37:19.850000,419.935353673336,101
2024-09-19 10:37:19.891000,420.0061633000165,14
2024-09-19 10:37:19.945000,419.99201285617465,100
2024-09-19 10:37:20.276000,419.9197308580059,103
2024-09-19 10:37:20.287000,419.9222041208195,997
2024-09-19 10:37:20.353000,419.9043309704112,11
2024-09-19 10:37:20.537000,419.9202816152162,13
2024-09-19 10:37:20.596000,419.8906054065025,1001
2024-09-19 10:37:20.720000,419.9065340998594,1002
2024-09-19 10:37:20.778000,419.8853369929337,11
2024-09-19 10:37:20.958000,419.897304739336,105
2024-09-19 10:37:21.026000,419.85721633600326,101
2024-09-19 10:37:21.101000,419.8805942642248,9
2024-09-19 10:37:21.182000,419.8600856799027,104
2024-09-19 10:37:21.267000,419.8645012075592,1005
2024-09-19 10:37:21.272000,419.906073514154,95
2024-09-19 10:37:21.382000,419.8544303020418,996
2024-09-19 10:37:21.472000,419.8991679326919,1005
2024-09-19 10:37:21.501000,419.86372632857575,6
2024-09-19 10:37:21.533000,419.8781057375485,8
2024-09-19 10:37:21.575000,419.8691997421352,102
2024-09-19 10:37:21.608000,419.8783874619219,14
2024-09-19 10:37:21.641000,419.8822629086073,15
2024-09-19 10:37:21.659000,419.8940921977657,96
2024-09-19 10:37:21.749000,419.86417849580096,7
2024-09-19 10:37:21.838000,419.90786824463606,6
2024-09-19 10:37:22.311000,419.8534315800659,15
2024-09-19 10:37:22.410000,419.7969896821433,97
2024-09-19 10:37:22.582000,419.81527173654257,105
2024-09-19 10:37:22.663000,419.8583158417221,96
2024-09-19 10:37:23.024000,419.7880843903957,8
2024-09-19 10:37:23.103000,419.7819032287046,97
2024-09-19 10:37:23.200000,419.7763060455642,1000
2024-09-19 10:37:23.247000,419.7798708112476,12
2024-09-19 10:37:23.269000,419.7641041140193,8
2024-09-19 10:37:23.287000,419.7629551818198,6
2024-09-19 10:37:23.439000,419.76069749391417,12
2024-09-19 10:37:23.462000,419.7931879490936,997
2024-09-19 10:37:23.466000,419.76926509973896,999
2024-09-19 10:37:23.536000,419.77824105981097,97
2024-09-19 10:37:23.548000,419.7637734520504,11
2024-09-19 10:37:23.555000,419.7584647317641,1001
2024-09-19 10:37:23.555000,419.7640675341604,999
2024-09-19 10:37:23.571000,419.763370842856,1001
2024-09-19 10:37:23.574000,419.7888344401591,13
2024-09-19 10:37:23.590000,419.7712783847469,14
2024-09-19 10:37:23.647000,419.7715207097365,9
2024-09-19 10:37:23.666000,419.7610826712133,98
2024-09-19 10:37:23.717000,419.7656518541747,15
2024-09-19 10:37:23.781000,419.7662223574053,5
2024-09-19 10:37:23.784000,419.76134047411546,100
2024-09-19 10:37:23.790000,419.7750287574906,1005
2024-09-19 10:37:23.835000,419.7787171901306,96
2024-09-19 10:37:23.864000,419.76516524080864,1004
2024-09-19 10:37:23.910000,419.7897490988955,8
2024-09-19 10:37:23.920000,419.77925632707854,998
2024-09-19 10:37:23.939000,419.77936864982496,995
2024-09-19 10:37:23.996000,419.762136204713,995
2024-09-19 10:37:24.092000,419.7717377053179,1001
2024-09-19 10:37:24.209000,419.8059444413017,13
2024-09-19 10:37:24.252000,419.7689570987172,996
2024-09-19 10:37:24.315000,419.8155915625352,10
2024-09-19 10:37:24.520000,419.7703499480253,1003
2024-09-19 10:37:24.819000,419.7802475788212,995
2024-09-19 10:37:24.851000,419.7820783003079,15
2024-09-19 10:37:24.992000,419.81876357201816,96
2024-09-19 10:37:25.017000,419.7817025961886,997
2024-09-19 10:37:25.100000,419.8254226130951,998
2024-09-19 10:37:25.341000,419.8490547602131,100
2024-09-19 10:37:25.443000,419.783190236326,10
2024-09-19 10:37:25.462000,419.8150516239993,105
2024-09-19 10:37:25.483000,419.7912322066521,996
2024-09-19 10:37:25.528000,419.83945060343297,12
2024-09-19 10:37:25.786000,419.83646351375086,14
2024-09-19 10:37:25.918000,419.8446442047205,10
2024-09-19 10:37:25.956000,419.8095871744867,1005
2024-09-19 10:37:26.145000,419.789699365656,102
2024-09-19 10:37:27.004000,419.75331013117824,99
2024-09-19 10:37:27.032000,419.75952536109946,6
2024-09-19 10:37:27.068000,419.7652937010956,1001
2024-09-19 10:37:27.100000,419.7758272788095,10
2024-09-19 10:37:27.158000,419.7707673568655,12
2024-09-19 10:37:27.479000,419.7710793272861,101
2024-09-19 10:37:27.500000,419.76701262746735,96
2024-09-19 10:37:27.654000,419.7661476916182,11
2024-09-19 10:37:27.740000,419.7544739649601,9
2024-09-19 10:37:27.837000,419.75633810685616,103
2024-09-19 10:37:27.935000,419.77445880749417,10
2024-09-19 10:37:27.976000,419.77467394925503,1001
2024-09-19 10:37:29.059000,419.77058601250513,97
2024-09-19 10:37:29.448000,419.7629990235724,1005
2024-09-19 10:37:29.523000,419.75725973508304,95
2024-09-19 10:37:29.614000,419.7623481400974,105
2024-09-19 10:37:29.691000,419.7846330509385,101
2024-09-19 10:37:29.806000,419.76505565598745,103
2024-09-19 10:37:29.990000,419.790761621278,5
2024-09-19 10:37:30.177000,419.7997727722863,100
2024-09-19 10:37:30.186000,419.7868986033648,102
2024-09-19 10:37:30.208000,419.8149960502144,14
2024-09-19 10:37:30.316000,419.8228936488943,7
2024-09-19 10:37:30.328000,419.80254108933735,12
2024-09-19 10:37:30.413000,419.8112267824314,15
2024-09-19 10:37:30.525000,419.8237400800843,13
2024-09-19 10:37:30.563000,419.8093491278461,5
2024-09-19 10:37:30.774000,419.8036113375869,997
2024-09-19 10:37:30.814000,419.8124131731456,105
2024-09-19 10:37:30.832000,419.7946246297902,99
2024-09-19 10:37:30.881000,419.8083134499069,98
2024-09-19 10:37:30.946000,419.7809500698575,98
2024-09-19 10:37:31.015000,419.7364381256409,997
2024-09-19 10:37:31.062000,419.7368890753018,99
2024-09-19 10:37:31.230000,419.7977411252057,6
2024-09-19 10:37:31.236000,419.7928584843974,15
2024-09-19 10:37:31.380000,419.7207134736662,98
2024-09-19 10:37:31.386000,419.7400708993202,997
2024-09-19 10:37:31.498000,419.7730666019893,13
2024-09-19 10:37:31.561000,419.73714140525175,7
2024-09-19 10:37:31.585000,419.7290520286642,12
2024-09-19 10:37:31.698000,419.7472759279333,996
2024-09-19 10:37:31.708000,419.7972026663399,5
2024-09-19 10:37:31.758000,419.7979112506106,7
2024-09-19 10:37:31.769000,419.7238043605008,996
2024-09-19 10:37:31.819000,419.71135638445696,6
2024-09-19 10:37:31.844000,419.82638894911935,9
2024-09-19 10:37:31.871000,419.7734608511253,1004
2024-09-19 10:37:31.897000,419.7908172998114,5
2024-09-19 10:37:31.902000,419.77895450433823,13
2024-09-19 10:37:31.965000,419.722909328828,1003
2024-09-19 10:37:31.979000,419.7766687030976,998
2024-09-19 10:37:32,419.71561446358567,6
2024-09-19 10:37:32.035000,419.8403036406554,1000
2024-09-19 10:37:32.040000,419.72343606470537,1000
2024-09-19 10:37:32.115000,419.8019433792111,996
2024-09-19 10:37:32.169000,419.818348603662,99
2024-09-19 10:37:32.174000,419.7252004111836,8
2024-09-19 10:37:32.177000,419.7572370975708,96
2024-09-19 10:37:32.251000,419.8186883237374,1000
2024-09-19 10:37:32.265000,419.8209665506972,996
2024-09-19 10:37:32.279000,419.7211192742948,14
2024-09-19 10:37:32.317000,419.72053802183234,12
2024-09-19 10:37:32.328000,419.7632074958764,5
2024-09-19 10:37:32.388000,419.7333365689388,1003
2024-09-19 10:37:32.464000,419.76253357281314,995
2024-09-19 10:37:32.545000,419.77923341739705,995
2024-09-19 10:37:32.641000,419.8303173929894,105
2024-09-19 10:37:32.674000,419.73827979082927,999
2024-09-19 10:37:32.705000,419.83302413650006,1000
2024-09-19 10:37:32.714000,419.73837481205,101
2024-09-19 10:37:32.747000,419.8083422392898,95
2024-09-19 10:37:32.857000,419.7269343984522,103
2024-09-19 10:37:32.908000,419.7446895605392,1003
2024-09-19 10:37:32.920000,419.80332094574095,6
2024-09-19 10:37:32.936000,419.72496688798,11
2024-09-19 10:37:32.944000,419.7370456457954,102
2024-09-19 10:37:32.958000,419.7167412423037,1003
2024-09-19 10:37:32.965000,419.7438891293564,10
2024-09-19 10:37:32.983000,419.8397595151461,103
2024-09-19 10:37:33.049000,419.85882625702345,105
2024-09-19 10:37:33.064000,419.8647981615206,99
2024-09-19 10:37:33.092000,419.8584266751755,100
2024-09-19 10:37:33.134000,419.823415468933,101
2024-09-19 10:37:33.208000,419.84684986263335,6
2024-09-19 10:37:33.275000,419.8644956991496,96
2024-09-19 10:37:33.296000,419.866275482938,6
2024-09-19 10:37:33.310000,419.8517111666256,11
2024-09-19 10:37:33.312000,419.8447430870164,95
2024-09-19 10:37:33.314000,419.8372975820329,11
2024-09-19 10:37:33.342000,419.8644379634273,996
2024-09-19 10:37:33.369000,419.8640871267463,1002
2024-09-19 10:37:33.439000,419.78755837574175,101
2024-09-19 10:37:33.537000,419.8540662358474,13
2024-09-19 10:37:33.563000,419.8668415904,13
2024-09-19 10:37:33.625000,419.847063080045,1000
2024-09-19 10:37:33.633000,419.8341689434764,1000
2024-09-19 10:37:33.668000,419.8550943508809,12
2024-09-19 10:37:33.703000,419.8762459747807,98
2024-09-19 10:37:33.704000,419.867693850136,1002
2024-09-19 10:37:33.809000,419.837248031173,7
2024-09-19 10:37:33.824000,419.88063714419326,999
2024-09-19 10:37:33.835000,419.8592563341557,9
2024-09-19 10:37:33.838000,419.8758696291219,1001
2024-09-19 10:37:33.872000,419.85164205150033,97
2024-09-19 10:37:33.901000,419.8642638409022,996
2024-09-19 10:37:33.925000,419.8797065033537,7
2024-09-19 10:37:33.945000,419.8138121706859,13
2024-09-19 10:37:33.988000,419.8664623551799,1004
2024-09-19 10:37:34.554000,419.78920828575696,105
2024-09-19 10:37:35.343000,419.7999471608502,14
2024-09-19 10:37:36.001000,419.8646132361865,96
2024-09-19 10:37:36.019000,419.7692470140156,7
2024-09-19 10:37:36.037000,419.8056960202583,995
2024-09-19 10:37:36.039000,419.79354270859466,12
2024-09-19 10:37:36.136000,419.7866678982095,10
2024-09-19 10:37:36.154000,419.78871305060017,104
2024-09-19 10:37:36.202000,419.84331553441154,1000
2024-09-19 10:37:36.210000,419.7928458398842,15
2024-09-19 10:37:36.239000,419.78958738489024,7
2024-09-19 10:37:36.339000,419.7931374203094,102
2024-09-19 10:37:36.559000,419.8283225215519,998
2024-09-19 10:37:36.616000,419.7861487342664,11
2024-09-19 10:37:36.708000,419.7954373550305,6
2024-09-19 10:37:36.760000,419.777804569932,103
2024-09-19 10:37:36.768000,419.8448847781779,9
2024-09-19 10:37:36.782000,419.7967865992015,15
2024-09-19 10:37:36.831000,419.8118328851165,95
2024-09-19 10:37:36.886000,419.7725051875525,996
2024-09-19 10:37:36.961000,419.7998947416328,95
2024-09-19 10:37:36.997000,419.8405514834698,97
2024-09-19 10:37:37.014000,419.8134213814023,1000
2024-09-19 10:37:37.092000,419.8203748950927,104
2024-09-19 10:37:37.105000,419.82680759799473,997
2024-09-19 10:37:37.139000,419.85124515968073,101
2024-09-19 10:37:37.175000,419.8309115461362,6
2024-09-19 10:37:37.187000,419.8108681484438,100
2024-09-19 10:37:37.264000,419.7966202309868,1002
2024-09-19 10:37:37.302000,419.8086709229512,999
2024-09-19 10:37:37.555000,419.8008061600741,101
2024-09-19 10:37:37.583000,419.8262407722977,6
2024-09-19 10:37:37.681000,419.8019332939152,11
2024-09-19 10:37:37.699000,419.8353454363945,12
2024-09-19 10:37:37.732000,419.7995474657741,100
2024-09-19 10:37:37.733000,419.7919747634415,1003
2024-09-19 10:37:37.774000,419.82326622642256,98
2024-09-19 10:37:37.948000,419.8348463840203,997
2024-09-19 10:37:38.018000,419.8273484716095,99
2024-09-19 10:37:38.035000,419.9013390637044,9
2024-09-19 10:37:38.043000,419.8702795818451,13
2024-09-19 10:37:38.076000,419.818593236545,6
2024-09-19 10:37:38.109000,419.8841470945216,105
2024-09-19 10:37:38.176000,419.8522759166745,105
2024-09-19 10:37:38.290000,419.8830709112773,1002
2024-09-19 10:37:38.377000,419.8581112910826,13
2024-09-19 10:37:38.451000,419.8228720190818,8
2024-09-19 10:37:38.632000,419.8204857776126,103
2024-09-19 10:37:38.655000,419.8455978728619,7
2024-09-19 10:37:38.767000,419.8228131962792,996
2024-09-19 10:37:38.786000,419.8217459631044,9
2024-09-19 10:37:38.858000,419.8792888900616,1005
2024-09-19 10:37:38.878000,419.8897234661613,10
2024-09-19 10:37:38.939000,419.89134855803167,998
2024-09-19 10:37:39.004000,419.8820760056097,103
2024-09-19 10:37:39.107000,419.8845601794234,13
2024-09-19 10:37:39.123000,419.8970838135767,98
2024-09-19 10:37:39.180000,419.8019563356111,102
2024-09-19 10:37:39.182000,419.80511678100777,101
2024-09-19 10:37:39.208000,419.7776101515336,12
2024-09-19 10:37:39.259000,419.8425642403198,15
2024-09-19 10:37:39.263000,419.8770968853131,998
2024-09-19 10:37:39.275000,419.81754279724703,995
2024-09-19 10:37:39.305000,419.8416129870066,12
2024-09-19 10:37:39.319000,419.8660995245778,95
2024-09-19 10:37:39.325000,419.8840262306643,15
2024-09-19 10:37:39.415000,419.8078353320219,96
2024-09-19 10:37:39.424000,419.8341212372061,5
2024-09-19 10:37:39.442000,419.87038615358176,7
2024-09-19 10:37:39.442000,419.8109861770336,11
2024-09-19 10:37:39.515000,419.8897337399762,1001
2024-09-19 10:37:39.526000,419.7963380690056,1001
2024-09-19 10:37:39.553000,419.828950729632,7
2024-09-19 10:37:39.705000,419.76981337264,999
2024-09-19 10:37:39.724000,419.8953624444358,97
2024-09-19 10:37:39.734000,419.8209821560117,999
2024-09-19 10:37:39.868000,419.8205714537128,1004
2024-09-19 10:37:39.887000,419.9053587151981,1000
2024-09-19 10:37:39.912000,419.864234233753,8
2024-09-19 10:37:39.994000,419.8633058856239,98
2024-09-19 10:37:40.075000,419.9353586284593,103
2024-09-19 10:37:40.142000,419.9263260297498,15
2024-09-19 10:37:40.146000,419.8827037576757,97
2024-09-19 10:37:40.156000,419.9305936707425,12
2024-09-19 10:37:40.162000,419.8820284457929,5
2024-09-19 10:37:40.239000,419.8981522476449,1002
2024-09-19 10:37:40.289000,419.8822078125484,9
2024-09-19 10:37:40.333000,419.8576949413823,100
2024-09-19 10:37:40.394000,419.8811872584009,1001
2024-09-19 10:37:40.417000,419.8497028992715,9
2024-09-19 10:37:40.427000,419.9155655710584,8
2024-09-19 10:37:40.454000,419.9101713628433,103
2024-09-19 10:37:40.459000,419.86775532508295,102
2024-09-19 10:37:40.509000,419.8402602084493,11
2024-09-19 10:37:40.527000,419.8346751745967,11
2024-09-19 10:37:40.547000,419.9386561595728,1003
2024-09-19 10:37:40.580000,419.9342602322974,15
2024-09-19 10:37:40.656000,419.8546225263969,9
2024-09-19 10:37:40.689000,419.8879172931351,99
2024-09-19 10:37:40.697000,419.8835135031209,997
2024-09-19 10:37:40.728000,419.8840576061966,15
2024-09-19 10:37:40.788000,419.9327807472925,8
2024-09-19 10:37:40.837000,419.9226440967058,103
2024-09-19 10:37:40.949000,419.8789103814154,103
2024-09-19 10:37:40.962000,419.8964470799045,10
2024-09-19 10:37:40.970000,419.91863193282,997
2024-09-19 10:37:40.993000,419.8885211635688,11
2024-09-19 10:37:41.127000,419.8301611305406,7
2024-09-19 10:37:41.173000,419.8042715823165,15
2024-09-19 10:37:41.245000,419.85073955872366,11
2024-09-19 10:37:41.308000,419.8682331953875,102
2024-09-19 10:37:41.364000,419.8092126386645,1004
2024-09-19 10:37:41.371000,419.8268812630497,6
2024-09-19 10:37:41.565000,419.8108137096473,98
2024-09-19 10:37:41.624000,419.8260143702561,98
2024-09-19 10:37:41.625000,419.8389911197809,12
2024-09-19 10:37:41.678000,419.82003048721504,1003
2024-09-19 10:37:41.899000,419.7857052491067,105
2024-09-19 10:37:41.924000,419.8379588019406,8
2024-09-19 10:37:41.951000,419.8724954112904,104
2024-09-19 10:37:41.962000,419.86570470001527,995
2024-09-19 10:37:41.973000,419.8257081933179,95
2024-09-19 10:37:42.009000,419.81467363175926,999
2024-09-19 10:37:42.009000,419.7668993614751,97
2024-09-19 10:37:42.020000,419.76591688959854,104
2024-09-19 10:37:42.048000,419.7908407164607,9
2024-09-19 10:37:42.120000,419.8322690116738,8
2024-09-19 10:37:42.179000,419.7685762800865,15
2024-09-19 10:37:42.224000,419.802457023916,102
2024-09-19 10:37:42.226000,419.79950910084045,998
2024-09-19 10:37:42.228000,419.7539626569046,6
2024-09-19 10:37:42.229000,419.8230801385251,1000
2024-09-19 10:37:42.275000,419.8289817288596,6
2024-09-19 10:37:42.292000,419.7677352835513,999
2024-09-19 10:37:42.394000,419.8292803289563,995
2024-09-19 10:37:42.410000,419.8245506897248,14
2024-09-19 10:37:42.445000,419.7801715893668,99
2024-09-19 10:37:42.448000,419.7666454327849,11
2024-09-19 10:37:42.510000,419.8283545948587,10
2024-09-19 10:37:42.564000,419.77380144947927,995
2024-09-19 10:37:42.644000,419.7685671175929,1004
2024-09-19 10:37:42.703000,419.7608480068077,996
2024-09-19 10:37:42.721000,419.7761555998122,100
2024-09-19 10:37:42.763000,419.8061379356106,1004
2024-09-19 10:37:42.775000,419.7922687726624,1004
2024-09-19 10:37:42.784000,419.7991046777732,9
2024-09-19 10:37:42.796000,419.8160695324099,98
2024-09-19 10:37:42.797000,419.75668729705615,15
2024-09-19 10:37:42.895000,419.7686859950056,100
2024-09-19 10:37:43.204000,419.7761352348981,101
2024-09-19 10:37:43.283000,419.7624909342766,1000
2024-09-19 10:37:43.426000,419.7384040411612,105
2024-09-19 10:37:43.495000,419.7524040390807,99
2024-09-19 10:37:43.505000,419.7394742766047,15
2024-09-19 10:37:43.715000,419.7393668934695,97
2024-09-19 10:37:43.771000,419.7330432768486,99
2024-09-19 10:37:43.876000,419.7427623655012,95
2024-09-19 10:37:43.883000,419.7804776889362,15
2024-09-19 10:37:43.887000,419.7757955744579,99
2024-09-19 10:37:43.937000,419.7381880949596,1000
2024-09-19 10:37:43.944000,419.7507103474502,1003
2024-09-19 10:37:43.945000,419.7339912006648,101
2024-09-19 10:37:44.001000,419.7119608941149,7
2024-09-19 10:37:44.098000,419.7286101964344,9
2024-09-19 10:37:44.157000,419.72874146576834,996
2024-09-19 10:37:44.158000,419.7420868370826,8
2024-09-19 10:37:44.391000,419.73125444122894,101
2024-09-19 10:37:44.413000,419.7279672006641,10
2024-09-19 10:37:44.422000,419.73955630106445,101
2024-09-19 10:37:44.532000,419.71221015429006,1005
2024-09-19 10:37:44.771000,419.723597803243,99
2024-09-19 10:37:44.854000,419.7244879071033,7
2024-09-19 10:37:45,419.7567415661141,15
2024-09-19 10:37:45.047000,419.7715394172847,1005
2024-09-19 10:37:45.066000,419.8060508343358,97
2024-09-19 10:37:45.131000,419.7671030667368,96
2024-09-19 10:37:45.163000,419.7788945755572,997
2024-09-19 10:37:45.197000,419.7880754339285,97
2024-09-19 10:37:45.346000,419.7877581105841,1000
2024-09-19 10:37:45.398000,419.7854514076941,1001
2024-09-19 10:37:45.466000,419.734104684094,997
2024-09-19 10:37:45.588000,419.7526450310978,1002
2024-09-19 10:37:45.590000,419.7643194537906,1001
2024-09-19 10:37:45.590000,419.7548630773926,7
2024-09-19 10:37:45.613000,419.771363745886,10
2024-09-19 10:37:45.644000,419.8017182307939,102
2024-09-19 10:37:45.693000,419.80128282127697,996
2024-09-19 10:37:45.721000,419.76797485708767,98
2024-09-19 10:37:45.730000,419.8115531099963,97
2024-09-19 10:37:45.843000,419.76898811473706,95
2024-09-19 10:37:45.861000,419.7957036545055,1005
2024-09-19 10:37:45.896000,419.7440472640943,10
2024-09-19 10:37:45.898000,419.8174625091919,995
2024-09-19 10:37:45.998000,419.774491716057,101
2024-09-19 10:37:46.036000,419.83904256017365,12
2024-09-19 10:37:46.116000,419.835426471296,1001
2024-09-19 10:37:46.144000,419.83983157389366,11
2024-09-19 10:37:46.198000,419.8113175222335,100
2024-09-19 10:37:46.204000,419.8193972628448,1000
2024-09-19 10:37:46.271000,419.844735297406,95
2024-09-19 10:37:46.305000,419.8242803103099,1002
2024-09-19 10:37:46.311000,419.8261888466735,12
2024-09-19 10:37:46.315000,419.83757767274267,14
2024-09-19 10:37:46.330000,419.8451604845148,102
2024-09-19 10:37:46.348000,419.8505273703464,9
2024-09-19 10:37:46.352000,419.835908624434,1005
2024-09-19 10:37:46.487000,419.814672536688,104
2024-09-19 10:37:46.493000,419.836213406751,100
2024-09-19 10:37:46.644000,419.8490446792659,995
2024-09-19 10:37:46.662000,419.8478071317897,9
2024-09-19 10:37:46.698000,419.81536232047023,99
2024-09-19 10:37:46.763000,419.83368376151935,15
2024-09-19 10:37:46.844000,419.8377216210951,9
2024-09-19 10:37:46.862000,419.8410751997677,15
2024-09-19 10:37:46.892000,419.8500466473737,997
2024-09-19 10:37:46.915000,419.8102412137227,15
2024-09-19 10:37:47.006000,419.8263268071694,10
2024-09-19 10:37:47.022000,419.825658450963,996
2024-09-19 10:37:47.047000,419.88468693507394,13
2024-09-19 10:37:47.051000,419.8159734640456,1004
2024-09-19 10:37:47.061000,419.8428909676541,996
2024-09-19 10:37:47.063000,419.79904038302703,6
2024-09-19 10:37:47.130000,419.8302506697928,1003
2024-09-19 10:37:47.173000,419.856830417358,99
2024-09-19 10:37:47.189000,419.86401102347776,99
2024-09-19 10:37:47.193000,419.834264268434,15
2024-09-19 10:37:47.198000,419.8389072061797,999
2024-09-19 10:37:47.223000,419.8597045478166,102
2024-09-19 10:37:47.258000,419.8750041655215,1000
2024-09-19 10:37:47.282000,419.84806388928536,6
2024-09-19 10:37:47.570000,419.8626822884258,998
2024-09-19 10:37:47.640000,419.8503246433273,1005
2024-09-19 10:37:47.717000,419.79909851764353,5
2024-09-19 10:37:47.783000,419.84992519736295,14
2024-09-19 10:37:47.807000,419.835817027651,95
2024-09-19 10:37:47.875000,419.84259628706025,1001
2024-09-19 10:37:47.889000,419.8306530196227,99
2024-09-19 10:37:47.947000,419.8199284814453,1002
2024-09-19 10:37:47.954000,419.8641808029697,97
2024-09-19 10:37:47.979000,419.85738926521,10
2024-09-19 10:37:47.995000,419.8790784546616,9
2024-09-19 10:37:48.076000,419.9338837981574,12
2024-09-19 10:37:48.079000,419.866989114537,99
2024-09-19 10:37:48.097000,419.9135775692419,104
2024-09-19 10:37:48.127000,419.91092209610696,10
2024-09-19 10:37:48.175000,419.9386796726877,995
2024-09-19 10:37:48.226000,419.89021360299387,997
2024-09-19 10:37:48.232000,419.884598085597,5
2024-09-19 10:37:48.239000,419.938708285504,14
2024-09-19 10:37:48.257000,419.95591865981567,5
2024-09-19 10:37:48.372000,419.8754979264206,13
2024-09-19 10:37:48.415000,419.8879947175938,1005
2024-09-19 10:37:48.471000,419.8849109411656,13
2024-09-19 10:37:48.479000,419.9177303084097,1005
2024-09-19 10:37:48.530000,419.92376612032064,103
2024-09-19 10:37:48.554000,419.94393752480585,14
2024-09-19 10:37:48.555000,419.9190129947861,999
2024-09-19 10:37:48.603000,419.9012120794745,999
2024-09-19 10:37:48.694000,419.8920934205351,1004
2024-09-19 10:37:48.696000,419.9676686760337,11
2024-09-19 10:37:48.699000,419.9268204701668,1000
2024-09-19 10:37:48.712000,419.9240520717565,7
2024-09-19 10:37:48.746000,419.8885553866914,1000
2024-09-19 10:37:48.821000,419.9465864817816,105
2024-09-19 10:37:48.850000,419.93428300925655,1003
2024-09-19 10:37:48.855000,419.932323437313,101
2024-09-19 10:37:48.856000,419.913155302279,1002
2024-09-19 10:37:48.879000,419.8740917898312,997
2024-09-19 10:37:48.989000,419.9084576728619,998
2024-09-19 10:37:49.171000,419.8982703826473,9
2024-09-19 10:37:49.333000,419.89334646781424,996
2024-09-19 10:37:49.339000,419.9265051778454,13
2024-09-19 10:37:49.383000,419.92897335029846,1003
2024-09-19 10:37:49.427000,419.8879176301338,98
2024-09-19 10:37:49.449000,419.8926404314402,13
2024-09-19 10:37:49.479000,419.9218347495743,103
2024-09-19 10:37:49.655000,419.9447933003215,13
2024-09-19 10:37:49.789000,419.93593513712807,12
2024-09-19 10:37:49.901000,419.92840670393866,102
2024-09-19 10:37:49.907000,419.91277282047673,104
2024-09-19 10:37:49.929000,419.9387979243326,1004
2024-09-19 10:37:49.988000,419.94892015870704,96
2024-09-19 10:37:50.133000,419.9170026203812,99
2024-09-19 10:37:50.219000,419.8863504755736,104
2024-09-19 10:37:50.529000,419.8864722098913,101
2024-09-19 10:37:50.782000,419.9108448529638,100
2024-09-19 10:37:51.096000,420.04374123846816,99
2024-09-19 10:37:51.141000,419.93924151146814,96
2024-09-19 10:37:51.160000,419.9807965063094,104
2024-09-19 10:37:51.196000,419.9820119661567,1003
2024-09-19 10:37:51.301000,419.9666363061252,14
2024-09-19 10:37:51.409000,419.9981026299927,7
2024-09-19 10:37:51.477000,419.91601420536784,7
2024-09-19 10:37:51.493000,419.98246940592855,1005
2024-09-19 10:37:51.500000,419.97516543543696,1005
2024-09-19 10:37:51.581000,419.9791259528104,95
2024-09-19 10:37:51.592000,419.9699824181278,95
2024-09-19 10:37:51.683000,420.0302097062422,10
2024-09-19 10:37:51.716000,419.95287787701415,103
2024-09-19 10:37:51.735000,419.9774930399249,1002
2024-09-19 10:37:51.750000,419.9134701252019,996
2024-09-19 10:37:51.813000,419.9745824405268,7
2024-09-19 10:37:51.861000,419.97106513014114,99
2024-09-19 10:37:51.879000,420.02054785695776,10
2024-09-19 10:37:51.889000,419.9854877591306,1005
2024-09-19 10:37:51.927000,419.97861121013386,10
2024-09-19 10:37:51.953000,419.98137698109866,997
2024-09-19 10:37:51.953000,419.9634233911453,997
2024-09-19 10:37:51.990000,419.9708507706966,7
2024-09-19 10:37:52.122000,420.0223505035374,104
2024-09-19 10:37:52.223000,420.0215679993387,97
2024-09-19 10:37:52.356000,420.0157991560904,998
2024-09-19 10:37:52.441000,420.00875759843575,12
2024-09-19 10:37:52.645000,420.0316291957965,10
2024-09-19 10:37:53.051000,419.9863561562293,98
2024-09-19 10:37:53.052000,419.94399204129707,14
2024-09-19 10:37:53.065000,420.0248691591749,999
2024-09-19 10:37:53.070000,420.0049830402078,8
2024-09-19 10:37:53.128000,419.9592400356298,7
2024-09-19 10:37:53.154000,419.9532895002087,98
2024-09-19 10:37:53.160000,419.98348324815134,99
2024-09-19 10:37:53.175000,419.99988925048217,997
2024-09-19 10:37:53.290000,419.9594901166792,105
2024-09-19 10:37:53.330000,419.9520087823529,8
2024-09-19 10:37:53.340000,419.9440295249517,1003
2024-09-19 10:37:53.359000,419.9768810105346,7
2024-09-19 10:37:53.442000,420.0137091290152,96
2024-09-19 10:37:53.465000,419.96384133378666,6
2024-09-19 10:37:53.498000,419.9751760822143,96
2024-09-19 10:37:53.582000,420.0090195157414,9
2024-09-19 10:37:53.584000,420.001501492704,8
2024-09-19 10:37:53.615000,419.94812815867823,95
2024-09-19 10:37:53.625000,419.9579070637605,11
2024-09-19 10:37:53.646000,419.9421293244964,1002
2024-09-19 10:37:53.681000,419.9688528466246,12
2024-09-19 10:37:53.688000,420.0026070533261,95
2024-09-19 10:37:53.708000,419.9921341083882,99
2024-09-19 10:37:53.954000,419.98075609296734,99
2024-09-19 10:37:53.955000,420.0206413393942,997
2024-09-19 10:37:53.969000,419.9933162795493,6
2024-09-19 10:37:53.984000,419.9578335752407,104
2024-09-19 10:37:53.997000,420.01914568749487,6
2024-09-19 10:37:54.016000,419.9116042753286,14
2024-09-19 10:37:54.055000,419.9329822378543,8
2024-09-19 10:37:54.159000,419.9703102628009,102
2024-09-19 10:37:54.163000,419.96126286445815,105
2024-09-19 10:37:54.286000,419.9966005740117,105
2024-09-19 10:37:54.315000,419.9694811815152,11
2024-09-19 10:37:54.335000,419.9228596247039,8
2024-09-19 10:37:54.380000,419.9369186395703,10
2024-09-19 10:37:54.419000,419.9543546698234,102
2024-09-19 10:37:54.460000,419.9280858531061,1003
2024-09-19 10:37:54.463000,419.9399169383678,11
2024-09-19 10:37:54.617000,419.9373389987042,14
2024-09-19 10:37:54.696000,419.9449838117855,13
2024-09-19 10:37:54.815000,419.9286441551864,1000
2024-09-19 10:37:54.824000,419.9254631170201,100
2024-09-19 10:37:54.899000,419.9234217562481,9
2024-09-19 10:37:54.964000,419.93538828067017,1003
2024-09-19 10:37:54.990000,419.9028706752759,995
2024-09-19 10:37:55.060000,420.00218584639134,14
2024-09-19 10:37:55.079000,419.9727975961977,101
2024-09-19 10:37:55.173000,419.975635683303,95
2024-09-19 10:37:55.274000,419.9960079504674,11
2024-09-19 10:37:55.309000,419.9482476587641,14
2024-09-19 10:37:55.377000,419.9660162772673,8
2024-09-19 10:37:55.754000,419.97246705083086,104
2024-09-19 10:37:55.792000,419.9975832384961,995
2024-09-19 10:37:55.797000,419.9940469228904,105
2024-09-19 10:37:55.892000,419.996464112776,104
2024-09-19 10:37:56.428000,419.9544961266225,95
2024-09-19 10:37:57.049000,419.9556689970398,998
2024-09-19 10:37:57.090000,419.9666068811244,5
2024-09-19 10:37:57.155000,419.9468384055432,998
2024-09-19 10:37:57.366000,419.9475359996925,5
2024-09-19 10:37:57.614000,419.9464339796773,14
2024-09-19 10:37:57.705000,419.9656475736091,997
2024-09-19 10:37:57.738000,419.9659578409492,997
2024-09-19 10:37:57.828000,419.95781906918126,97
2024-09-19 10:37:57.833000,419.9539593462336,11
2024-09-19 10:37:58.126000,419.979805876917,995
2024-09-19 10:37:58.299000,419.9454615613424,13
2024-09-19 10:37:58.299000,419.971989415364,15
2024-09-19 10:37:58.417000,419.9816033879984,999
2024-09-19 10:37:58.490000,419.9485100997058,996
2024-09-19 10:37:58.491000,419.965001327756,7
2024-09-19 10:37:58.496000,419.9845848440479,100
2024-09-19 10:37:58.807000,419.97874008425583,15
2024-09-19 10:37:58.831000,419.9657388088336,100
2024-09-19 10:37:58.916000,419.98533332408914,8
2024-09-19 10:37:59.030000,420.0209281090162,8
2024-09-19 10:37:59.095000,420.0045692796235,1000
2024-09-19 10:37:59.106000,420.0014655880427,12
2024-09-19 10:37:59.120000,420.0133110388113,102
2024-09-19 10:37:59.148000,420.0307149887161,1004
2024-09-19 10:37:59.166000,419.9558005521595,9
2024-09-19 10:37:59.181000,419.9472066597645,98
2024-09-19 10:37:59.184000,420.0171783249532,101
2024-09-19 10:37:59.196000,420.0328500526279,996
2024-09-19 10:37:59.199000,419.9747583788923,11
2024-09-19 10:37:59.208000,420.0138159274064,14
2024-09-19 10:37:59.249000,420.0163290379972,100
2024-09-19 10:37:59.266000,420.0443787134888,104
2024-09-19 10:37:59.387000,420.024667300576,9
2024-09-19 10:37:59.401000,419.9456901008034,96
2024-09-19 10:37:59.410000,419.9479997296685,995
2024-09-19 10:37:59.429000,419.9806767109585,99
2024-09-19 10:37:59.455000,420.0161378170992,102
2024-09-19 10:37:59.461000,420.0196767849116,99
2024-09-19 10:37:59.461000,420.0244051971331,5
2024-09-19 10:37:59.478000,419.9756820652679,104
2024-09-19 10:37:59.510000,420.0025919629854,95
2024-09-19 10:37:59.563000,419.97639751934713,104
2024-09-19 10:37:59.566000,420.0279788654897,100
2024-09-19 10:37:59.567000,420.0230989018347,1004
2024-09-19 10:37:59.640000,419.9685822466592,6
2024-09-19 10:37:59.737000,419.979255895908,8
2024-09-19 10:37:59.750000,419.93779908462704,98
2024-09-19 10:37:59.982000,419.9867846383098,15
