Timestamp,Price,Size
2024-09-18 10:35:00.147000,412.0330890484059,998
2024-09-18 10:35:00.198000,412.0557250524016,95
2024-09-18 10:35:00.365000,412.0372264988935,104
2024-09-18 10:35:00.374000,412.04451254580704,5
2024-09-18 10:35:00.543000,412.0478846288906,97
2024-09-18 10:35:00.568000,412.04695344142544,1000
2024-09-18 10:35:00.587000,412.0330365725427,103
2024-09-18 10:35:00.717000,412.03042777163233,1004
2024-09-18 10:35:00.720000,412.0388471077546,8
2024-09-18 10:35:00.791000,412.0370673621409,8
2024-09-18 10:35:01.035000,412.025524588152,6
2024-09-18 10:35:01.134000,412.039676066253,12
2024-09-18 10:35:01.383000,412.0547477621215,105
2024-09-18 10:35:01.439000,412.01420361604335,7
2024-09-18 10:35:01.447000,412.0548556070097,104
2024-09-18 10:35:01.474000,412.042114920328,96
2024-09-18 10:35:01.510000,412.032648132296,103
2024-09-18 10:35:01.583000,412.0182891593749,5
2024-09-18 10:35:01.611000,412.0191157629622,99
2024-09-18 10:35:01.657000,412.0381920577735,103
2024-09-18 10:35:01.784000,412.0153411928416,103
2024-09-18 10:35:01.977000,412.0153275989133,98
2024-09-18 10:35:02.016000,412.1430513968253,9
2024-09-18 10:35:02.029000,412.09225696029387,999
2024-09-18 10:35:02.068000,412.13053629551,11
2024-09-18 10:35:02.088000,412.0581921511953,7
2024-09-18 10:35:02.098000,412.0645011668108,1004
2024-09-18 10:35:02.123000,412.1448488482304,102
2024-09-18 10:35:02.156000,412.0281066546785,13
2024-09-18 10:35:02.172000,412.11693673091895,6
2024-09-18 10:35:02.177000,412.1240057168982,99
2024-09-18 10:35:02.220000,412.0408428821128,6
2024-09-18 10:35:02.277000,412.0525846954056,6
2024-09-18 10:35:02.300000,412.1220009271676,6
2024-09-18 10:35:02.312000,412.1104436266911,10
2024-09-18 10:35:02.353000,412.055148388733,13
2024-09-18 10:35:02.361000,412.0513710371194,13
2024-09-18 10:35:02.365000,412.0334629747359,1004
2024-09-18 10:35:02.396000,412.0668848048457,998
2024-09-18 10:35:02.427000,412.04349574036496,5
2024-09-18 10:35:02.541000,412.1433671137976,15
2024-09-18 10:35:02.650000,412.0430216895284,101
2024-09-18 10:35:02.653000,412.0424195748159,102
2024-09-18 10:35:02.690000,412.1179929419194,995
2024-09-18 10:35:02.761000,412.0617471995899,10
2024-09-18 10:35:02.825000,412.05983213742496,11
2024-09-18 10:35:02.851000,412.0321134552754,101
2024-09-18 10:35:02.914000,412.12674152319,8
2024-09-18 10:35:02.964000,412.13592190663,5
2024-09-18 10:35:02.995000,412.06649149331713,999
2024-09-18 10:35:03.003000,412.2096664293652,1000
2024-09-18 10:35:03.046000,412.1213879275954,1001
2024-09-18 10:35:03.048000,412.1742865371229,10
2024-09-18 10:35:03.100000,412.22384939973097,7
2024-09-18 10:35:03.268000,412.1254822483484,11
2024-09-18 10:35:03.297000,412.0981367950748,105
2024-09-18 10:35:03.313000,412.1564331475336,6
2024-09-18 10:35:03.408000,412.1014127492799,1000
2024-09-18 10:35:03.424000,412.1139176496186,95
2024-09-18 10:35:03.448000,412.2273140373513,996
2024-09-18 10:35:03.553000,412.2363229652175,11
2024-09-18 10:35:03.598000,412.2492203995537,1004
2024-09-18 10:35:03.627000,412.11469594794266,98
2024-09-18 10:35:03.636000,412.23797561241554,103
2024-09-18 10:35:03.671000,412.20643124020376,1003
2024-09-18 10:35:03.776000,412.1660003793079,100
2024-09-18 10:35:03.829000,412.1958005408431,999
2024-09-18 10:35:03.906000,412.1491341768206,96
2024-09-18 10:35:04.007000,412.2387488218831,105
2024-09-18 10:35:04.040000,412.2414157536447,102
2024-09-18 10:35:04.053000,412.23100335423504,104
2024-09-18 10:35:04.065000,412.2655015591371,1005
2024-09-18 10:35:04.085000,412.25788071329777,105
2024-09-18 10:35:04.141000,412.2416178820632,100
2024-09-18 10:35:04.146000,412.243082875745,102
2024-09-18 10:35:04.170000,412.266579355832,1000
2024-09-18 10:35:04.188000,412.2338504718117,1001
2024-09-18 10:35:04.212000,412.2768414178554,999
2024-09-18 10:35:04.237000,412.2632426056819,11
2024-09-18 10:35:04.304000,412.2562791893005,14
2024-09-18 10:35:04.427000,412.2437009966881,102
2024-09-18 10:35:04.439000,412.2798813809952,9
2024-09-18 10:35:04.452000,412.27176749093775,15
2024-09-18 10:35:04.486000,412.2639680135149,7
2024-09-18 10:35:04.570000,412.274653997113,101
2024-09-18 10:35:04.588000,412.25361035302006,1002
2024-09-18 10:35:04.615000,412.2524915878672,9
2024-09-18 10:35:04.642000,412.2441325844127,10
2024-09-18 10:35:04.653000,412.2604919147767,997
2024-09-18 10:35:04.666000,412.2521598027744,996
2024-09-18 10:35:04.697000,412.24648468721387,11
2024-09-18 10:35:04.699000,412.27667683376416,10
2024-09-18 10:35:04.712000,412.2748932409454,997
2024-09-18 10:35:04.886000,412.2552291506897,12
2024-09-18 10:35:04.901000,412.2937700221488,999
2024-09-18 10:35:04.963000,412.27227905403953,1003
2024-09-18 10:35:04.999000,412.2481227861418,100
2024-09-18 10:35:05.039000,412.2194268297216,995
2024-09-18 10:35:05.060000,412.1735310594247,10
2024-09-18 10:35:05.068000,412.1687037843416,98
2024-09-18 10:35:05.118000,412.1963886749753,6
2024-09-18 10:35:05.130000,412.171541242568,12
2024-09-18 10:35:05.180000,412.2077807073409,5
2024-09-18 10:35:05.256000,412.175044981742,1005
2024-09-18 10:35:05.280000,412.2111187147232,6
2024-09-18 10:35:05.323000,412.1608222961143,14
2024-09-18 10:35:05.363000,412.1652447754772,1000
2024-09-18 10:35:05.446000,412.183705519432,8
2024-09-18 10:35:05.472000,412.1932414469695,995
2024-09-18 10:35:05.517000,412.1704977395852,1005
2024-09-18 10:35:05.531000,412.1503971280782,997
2024-09-18 10:35:05.559000,412.1435140236847,99
2024-09-18 10:35:05.675000,412.1451087555441,100
2024-09-18 10:35:05.685000,412.183892247986,8
2024-09-18 10:35:05.720000,412.1902638106871,95
2024-09-18 10:35:05.745000,412.1808724282797,999
2024-09-18 10:35:05.793000,412.1787469156534,11
2024-09-18 10:35:05.886000,412.15420069234193,8
2024-09-18 10:35:05.896000,412.2218820169459,104
2024-09-18 10:35:05.934000,412.15758221353184,100
2024-09-18 10:35:05.996000,412.1634689617949,95
2024-09-18 10:35:06.158000,412.16084211598337,1003
2024-09-18 10:35:06.176000,412.16796160993465,1002
2024-09-18 10:35:06.388000,412.14591198273865,103
2024-09-18 10:35:06.722000,412.1447421884558,96
2024-09-18 10:35:07.333000,412.1911569600179,998
2024-09-18 10:35:07.393000,412.24772063377617,103
2024-09-18 10:35:07.450000,412.203789088028,14
2024-09-18 10:35:07.605000,412.23856512820487,101
2024-09-18 10:35:07.713000,412.2107317114493,1003
2024-09-18 10:35:07.729000,412.2257497595448,1000
2024-09-18 10:35:07.819000,412.2263754079335,104
2024-09-18 10:35:07.924000,412.18123905766913,97
2024-09-18 10:35:07.931000,412.2302614510064,11
2024-09-18 10:35:07.942000,412.2123959121774,97
2024-09-18 10:35:08.055000,412.2283925434497,99
2024-09-18 10:35:08.108000,412.25462412332,102
2024-09-18 10:35:08.175000,412.2110643300806,96
2024-09-18 10:35:08.205000,412.2730951956001,99
2024-09-18 10:35:08.237000,412.2713980209387,996
2024-09-18 10:35:08.243000,412.2511360708307,999
2024-09-18 10:35:08.250000,412.26668633741406,996
2024-09-18 10:35:08.319000,412.2394860195273,7
2024-09-18 10:35:08.400000,412.2582352084052,5
2024-09-18 10:35:08.409000,412.2234706471544,99
2024-09-18 10:35:08.422000,412.2581277043497,102
2024-09-18 10:35:08.441000,412.2768080698518,6
2024-09-18 10:35:08.449000,412.2244778931138,102
2024-09-18 10:35:08.526000,412.22065584929777,8
2024-09-18 10:35:08.544000,412.233939637744,15
2024-09-18 10:35:08.618000,412.2391330383455,97
2024-09-18 10:35:08.639000,412.2421232132021,10
2024-09-18 10:35:08.684000,412.2133692529572,97
2024-09-18 10:35:08.748000,412.2703281108568,7
2024-09-18 10:35:08.827000,412.2559237218504,97
2024-09-18 10:35:08.859000,412.25649751797584,997
2024-09-18 10:35:09.031000,412.2513343156601,98
2024-09-18 10:35:09.069000,412.2295292256929,95
2024-09-18 10:35:09.081000,412.2413010763246,999
2024-09-18 10:35:09.083000,412.2698670143891,5
2024-09-18 10:35:09.097000,412.2314949283149,1001
2024-09-18 10:35:09.126000,412.210479585985,99
2024-09-18 10:35:09.131000,412.24298636006216,7
2024-09-18 10:35:09.145000,412.2487056589488,12
2024-09-18 10:35:09.206000,412.2408389202479,1003
2024-09-18 10:35:09.474000,412.2557050566545,102
2024-09-18 10:35:09.505000,412.2358368194348,98
2024-09-18 10:35:09.557000,412.2654480368559,9
2024-09-18 10:35:09.621000,412.2141272682366,97
2024-09-18 10:35:09.638000,412.2087669103916,5
2024-09-18 10:35:09.687000,412.2347657404316,996
2024-09-18 10:35:09.688000,412.2175689373146,98
2024-09-18 10:35:09.720000,412.2530823519143,10
2024-09-18 10:35:09.745000,412.2544112680179,7
2024-09-18 10:35:09.824000,412.2665375071824,100
2024-09-18 10:35:09.874000,412.2522581488789,95
2024-09-18 10:35:09.918000,412.2643679201186,103
2024-09-18 10:35:09.919000,412.2586236346564,1000
2024-09-18 10:35:09.925000,412.2100766346368,102
2024-09-18 10:35:09.934000,412.23678552596175,1004
2024-09-18 10:35:09.984000,412.2323410278153,5
2024-09-18 10:35:10.050000,412.230059283554,10
2024-09-18 10:35:10.121000,412.2196573901208,95
2024-09-18 10:35:10.298000,412.2452929202935,100
2024-09-18 10:35:10.432000,412.2354229097166,5
2024-09-18 10:35:10.673000,412.2299993372792,1003
2024-09-18 10:35:10.717000,412.24910810855386,999
2024-09-18 10:35:11.058000,412.2295741462116,996
2024-09-18 10:35:11.102000,412.2341442316375,98
2024-09-18 10:35:11.452000,412.2200011074496,999
2024-09-18 10:35:11.643000,412.2403492169105,8
2024-09-18 10:35:11.644000,412.233214059473,1005
2024-09-18 10:35:11.708000,412.2502960804992,5
2024-09-18 10:35:11.961000,412.2222120559412,1000
2024-09-18 10:35:12.094000,412.2791820986298,96
2024-09-18 10:35:12.630000,412.24158911240346,8
2024-09-18 10:35:12.894000,412.2892623237187,998
2024-09-18 10:35:13.073000,412.2743349197976,105
2024-09-18 10:35:13.358000,412.2752055730492,102
2024-09-18 10:35:14.068000,412.259982352868,15
2024-09-18 10:35:14.833000,412.2745909192507,98
2024-09-18 10:35:15.652000,412.2753964449711,995
2024-09-18 10:35:15.699000,412.2701714103689,1003
2024-09-18 10:35:15.737000,412.2810774215381,15
2024-09-18 10:35:15.777000,412.2909536099872,1002
2024-09-18 10:35:15.779000,412.2811525514072,102
2024-09-18 10:35:15.784000,412.281887293365,11
2024-09-18 10:35:15.835000,412.2757132034271,98
2024-09-18 10:35:15.864000,412.2773555173968,99
2024-09-18 10:35:15.987000,412.2651775406578,96
2024-09-18 10:35:16.013000,412.29309377948886,9
2024-09-18 10:35:16.073000,412.2319127049126,101
2024-09-18 10:35:16.096000,412.249708806626,105
2024-09-18 10:35:16.107000,412.2160952872666,995
2024-09-18 10:35:16.113000,412.2420674065929,999
2024-09-18 10:35:16.141000,412.2447010329105,996
2024-09-18 10:35:16.236000,412.2300742184465,100
2024-09-18 10:35:16.279000,412.2384714456547,995
2024-09-18 10:35:16.450000,412.2394951677185,1001
2024-09-18 10:35:16.487000,412.2062944106248,9
2024-09-18 10:35:16.505000,412.2725016366198,1004
2024-09-18 10:35:16.521000,412.24315123402187,11
2024-09-18 10:35:16.556000,412.2470430368468,96
2024-09-18 10:35:16.590000,412.2868688320263,99
2024-09-18 10:35:16.606000,412.2537463073537,999
2024-09-18 10:35:16.806000,412.2755791839159,14
2024-09-18 10:35:16.824000,412.2407822944759,1001
2024-09-18 10:35:16.833000,412.25472710003424,1005
2024-09-18 10:35:16.833000,412.22641473249104,99
2024-09-18 10:35:16.869000,412.2055885100816,104
2024-09-18 10:35:16.897000,412.2383469415909,13
2024-09-18 10:35:16.909000,412.2547885880084,1005
2024-09-18 10:35:16.922000,412.2176691649322,1000
2024-09-18 10:35:17.005000,412.2444535653077,101
2024-09-18 10:35:17.057000,412.2222844926785,1001
2024-09-18 10:35:17.066000,412.2264733642055,997
2024-09-18 10:35:17.108000,412.22813239225854,103
2024-09-18 10:35:17.132000,412.2226984441226,103
2024-09-18 10:35:17.238000,412.2064580631363,996
2024-09-18 10:35:17.276000,412.2062184962453,1003
2024-09-18 10:35:17.316000,412.2293396195214,102
2024-09-18 10:35:17.320000,412.22090923953607,11
2024-09-18 10:35:17.339000,412.2283655528143,101
2024-09-18 10:35:17.383000,412.2406977577969,5
2024-09-18 10:35:17.420000,412.2258120568925,1000
2024-09-18 10:35:17.435000,412.25288598605175,6
2024-09-18 10:35:17.470000,412.2401953586337,95
2024-09-18 10:35:17.472000,412.2252919365732,104
2024-09-18 10:35:17.506000,412.2055920466902,999
2024-09-18 10:35:17.526000,412.2217416722494,13
2024-09-18 10:35:17.559000,412.200155482041,96
2024-09-18 10:35:17.566000,412.2127779830778,104
2024-09-18 10:35:17.796000,412.23189171562495,10
2024-09-18 10:35:17.809000,412.1961304569992,995
2024-09-18 10:35:17.829000,412.19368652773306,998
2024-09-18 10:35:17.843000,412.22774739927286,12
2024-09-18 10:35:17.884000,412.2217408507781,98
2024-09-18 10:35:17.902000,412.2258792327428,999
2024-09-18 10:35:17.976000,412.22813651333365,8
2024-09-18 10:35:18.029000,412.2286554617671,998
2024-09-18 10:35:18.060000,412.23176989403686,95
2024-09-18 10:35:18.163000,412.2333975784072,997
2024-09-18 10:35:18.205000,412.2308060235054,1004
2024-09-18 10:35:18.319000,412.22459904455206,99
2024-09-18 10:35:18.355000,412.2249036302948,6
2024-09-18 10:35:18.690000,412.22021982915385,96
2024-09-18 10:35:18.757000,412.2102163045364,995
2024-09-18 10:35:18.874000,412.21898486261,98
2024-09-18 10:35:18.882000,412.23037346793416,1005
2024-09-18 10:35:18.906000,412.2133376566245,105
2024-09-18 10:35:18.937000,412.2248376295996,9
2024-09-18 10:35:18.957000,412.2250827695202,6
2024-09-18 10:35:18.985000,412.2227973645159,996
2024-09-18 10:35:19.326000,412.1735781186951,995
2024-09-18 10:35:19.395000,412.18382943016616,997
2024-09-18 10:35:19.416000,412.1692556713169,1000
2024-09-18 10:35:19.436000,412.17789718294017,96
2024-09-18 10:35:19.450000,412.20456872342857,13
2024-09-18 10:35:19.743000,412.2045128529617,14
2024-09-18 10:35:19.833000,412.1730335899091,15
2024-09-18 10:35:19.849000,412.1869379834715,103
2024-09-18 10:35:19.869000,412.1523608909524,12
2024-09-18 10:35:19.909000,412.2076763632374,11
2024-09-18 10:35:19.998000,412.1847803197558,996
2024-09-18 10:35:20.014000,412.1130843646562,995
2024-09-18 10:35:20.027000,412.106023502327,96
2024-09-18 10:35:20.034000,412.0735679228826,14
2024-09-18 10:35:20.109000,412.0622734966105,11
2024-09-18 10:35:20.124000,412.0866812039013,7
2024-09-18 10:35:20.130000,412.0928399487597,997
2024-09-18 10:35:20.155000,412.08769897493954,999
2024-09-18 10:35:20.185000,412.1089415681821,11
2024-09-18 10:35:20.314000,412.0687589847754,1005
2024-09-18 10:35:20.317000,412.1124884181311,12
2024-09-18 10:35:20.366000,412.0751258498384,998
2024-09-18 10:35:20.396000,412.1047869953165,14
2024-09-18 10:35:20.402000,412.08014724001305,1005
2024-09-18 10:35:20.422000,412.0606635964359,1000
2024-09-18 10:35:20.450000,412.1185965216181,1004
2024-09-18 10:35:20.511000,412.1083718696951,1001
2024-09-18 10:35:20.544000,412.08375889234645,100
2024-09-18 10:35:20.558000,412.06984082487566,996
2024-09-18 10:35:20.627000,412.0846805088872,97
2024-09-18 10:35:20.640000,412.0936739434236,98
2024-09-18 10:35:20.647000,412.1127143157312,999
2024-09-18 10:35:20.655000,412.1325405918974,10
2024-09-18 10:35:20.704000,412.0908028848273,95
2024-09-18 10:35:20.777000,412.0890311506087,97
2024-09-18 10:35:20.851000,412.1088180505503,998
2024-09-18 10:35:20.864000,412.1083676576675,1001
2024-09-18 10:35:20.928000,412.1013780285277,1004
2024-09-18 10:35:20.946000,412.06373232178936,96
2024-09-18 10:35:20.966000,412.0961498695304,6
2024-09-18 10:35:20.968000,412.1068408634533,998
2024-09-18 10:35:21.058000,412.0531636414378,15
2024-09-18 10:35:21.102000,412.0360036270481,103
2024-09-18 10:35:21.110000,412.0507747051393,11
2024-09-18 10:35:21.150000,412.0467003072287,101
2024-09-18 10:35:21.223000,412.07256616011273,10
2024-09-18 10:35:21.284000,412.0360131652461,996
2024-09-18 10:35:21.366000,412.0766328395501,1001
2024-09-18 10:35:21.465000,412.0704709192681,1000
2024-09-18 10:35:21.466000,412.0850708191307,99
2024-09-18 10:35:21.467000,412.0569886392123,1001
2024-09-18 10:35:21.797000,412.0611162294898,997
2024-09-18 10:35:21.806000,412.0839264544962,11
2024-09-18 10:35:21.910000,412.0930440259444,95
2024-09-18 10:35:21.975000,412.0584776806166,997
2024-09-18 10:35:21.977000,412.0552779169807,95
2024-09-18 10:35:21.979000,412.0633262274426,1003
2024-09-18 10:35:22.236000,412.0773925053656,14
2024-09-18 10:35:22.287000,412.1059750795207,1000
2024-09-18 10:35:22.313000,412.0726115111953,14
2024-09-18 10:35:22.371000,412.1057384640183,15
2024-09-18 10:35:22.374000,412.0970506600176,98
2024-09-18 10:35:22.586000,412.09424645708856,5
2024-09-18 10:35:22.737000,412.1188327061896,1005
2024-09-18 10:35:23.116000,412.1391899249807,997
2024-09-18 10:35:23.173000,412.14697645881625,105
2024-09-18 10:35:23.212000,412.1357599352972,15
2024-09-18 10:35:23.295000,412.11980473226726,13
2024-09-18 10:35:23.350000,412.13597306831815,105
2024-09-18 10:35:23.386000,412.1264556134664,101
2024-09-18 10:35:23.423000,412.1182865068614,1000
2024-09-18 10:35:23.479000,412.12866570399694,8
2024-09-18 10:35:23.482000,412.14340110406937,104
2024-09-18 10:35:23.519000,412.1123530770438,96
2024-09-18 10:35:23.557000,412.1203020018815,97
2024-09-18 10:35:23.617000,412.1401192333405,998
2024-09-18 10:35:23.807000,412.11575653349024,996
2024-09-18 10:35:23.854000,412.13875264118445,96
2024-09-18 10:35:23.909000,412.1140016077187,105
2024-09-18 10:35:23.967000,412.13761213040925,995
2024-09-18 10:35:23.971000,412.1170723726786,1005
2024-09-18 10:35:24.005000,412.14620120345927,1001
2024-09-18 10:35:24.020000,412.075574143809,6
2024-09-18 10:35:24.021000,412.0654644985368,103
2024-09-18 10:35:24.055000,412.1125382061071,1003
2024-09-18 10:35:24.073000,412.1391390662586,1003
2024-09-18 10:35:24.124000,412.0855796244246,103
2024-09-18 10:35:24.138000,412.15138888220775,100
2024-09-18 10:35:24.182000,412.1024610420324,11
2024-09-18 10:35:24.211000,412.1533524742813,10
2024-09-18 10:35:24.212000,412.1488223434493,995
2024-09-18 10:35:24.216000,412.1001012143527,99
2024-09-18 10:35:24.226000,412.1205753013482,99
2024-09-18 10:35:24.238000,412.12751680556886,1001
2024-09-18 10:35:24.248000,412.0583593613045,95
2024-09-18 10:35:24.256000,412.1253128710205,103
2024-09-18 10:35:24.305000,412.08657004167793,5
2024-09-18 10:35:24.337000,412.0802334282384,14
2024-09-18 10:35:24.369000,412.0533499876744,103
2024-09-18 10:35:24.386000,412.1249541268503,97
2024-09-18 10:35:24.513000,412.0784469062767,1003
2024-09-18 10:35:24.615000,412.1001693157281,5
2024-09-18 10:35:24.691000,412.0956080126068,6
2024-09-18 10:35:24.695000,412.1553327705684,996
2024-09-18 10:35:24.751000,412.06808452310656,100
2024-09-18 10:35:24.755000,412.1074761145002,1001
2024-09-18 10:35:24.848000,412.129894657237,100
2024-09-18 10:35:24.898000,412.1257781739537,6
2024-09-18 10:35:24.902000,412.1161040204851,995
2024-09-18 10:35:24.928000,412.1223777548493,100
2024-09-18 10:35:24.955000,412.127426143848,1001
2024-09-18 10:35:25.045000,412.0977893419805,100
2024-09-18 10:35:25.264000,412.0886769515077,104
2024-09-18 10:35:25.495000,412.1006712625624,95
2024-09-18 10:35:25.828000,412.0848828265288,7
2024-09-18 10:35:26.063000,412.0973213724567,999
2024-09-18 10:35:26.158000,412.0714138268996,104
2024-09-18 10:35:26.190000,412.1021591416852,102
2024-09-18 10:35:26.228000,412.102780789336,100
2024-09-18 10:35:26.315000,412.0974307569373,5
2024-09-18 10:35:26.319000,412.1129764347264,101
2024-09-18 10:35:26.399000,412.09077611628425,1001
2024-09-18 10:35:26.533000,412.1122816817527,1001
2024-09-18 10:35:26.611000,412.105576465901,6
2024-09-18 10:35:26.675000,412.0873254700986,1005
2024-09-18 10:35:26.730000,412.11491555867485,1004
2024-09-18 10:35:26.745000,412.0759505403991,1001
2024-09-18 10:35:26.761000,412.1036129576688,1001
2024-09-18 10:35:26.779000,412.08080713374295,997
2024-09-18 10:35:26.894000,412.0983409171691,8
2024-09-18 10:35:26.930000,412.0975091117395,102
2024-09-18 10:35:26.945000,412.0970842096678,95
2024-09-18 10:35:26.957000,412.1152323718386,96
2024-09-18 10:35:26.964000,412.0987364789031,10
2024-09-18 10:35:27.069000,412.0499003404804,13
2024-09-18 10:35:27.119000,412.0638759379708,95
2024-09-18 10:35:27.453000,412.0684352665135,10
2024-09-18 10:35:27.571000,412.0702303754644,102
2024-09-18 10:35:27.690000,412.05464378443554,11
2024-09-18 10:35:27.955000,412.0524462524168,101
2024-09-18 10:35:28.180000,412.0583113483972,1000
2024-09-18 10:35:28.769000,412.0510932036789,102
2024-09-18 10:35:28.925000,412.0499735004579,96
2024-09-18 10:35:28.946000,412.06026522788807,100
2024-09-18 10:35:29.089000,412.0125965621412,1004
2024-09-18 10:35:29.126000,412.04380550002384,102
2024-09-18 10:35:29.132000,411.9996126461407,999
2024-09-18 10:35:29.145000,411.99479728486426,5
2024-09-18 10:35:29.156000,412.00514646443145,999
2024-09-18 10:35:29.190000,412.0167613267882,14
2024-09-18 10:35:29.205000,412.04120452502303,10
2024-09-18 10:35:29.303000,412.01389714857777,95
2024-09-18 10:35:29.332000,412.0256077378239,1002
2024-09-18 10:35:29.374000,411.994487856617,12
2024-09-18 10:35:29.489000,412.01905110445057,100
2024-09-18 10:35:29.573000,411.99636990578927,104
2024-09-18 10:35:29.609000,412.0141991191082,1002
2024-09-18 10:35:29.637000,412.0339807742018,102
2024-09-18 10:35:29.665000,412.0134184832581,997
2024-09-18 10:35:29.710000,412.0007529249901,1000
2024-09-18 10:35:29.732000,412.0293680479199,9
2024-09-18 10:35:29.771000,412.02663316807946,1002
2024-09-18 10:35:29.891000,412.0021767144293,1004
2024-09-18 10:35:29.917000,412.0324823355808,996
2024-09-18 10:35:29.949000,411.9966488877555,104
2024-09-18 10:35:29.959000,412.0367365243272,96
2024-09-18 10:35:30.031000,411.9911491646455,99
2024-09-18 10:35:30.071000,411.9123737330042,105
2024-09-18 10:35:30.118000,411.969812610594,11
2024-09-18 10:35:30.124000,411.9002838327543,12
2024-09-18 10:35:30.126000,411.95905179872926,99
2024-09-18 10:35:30.239000,411.9658736460928,11
2024-09-18 10:35:30.271000,411.8939780804933,102
2024-09-18 10:35:30.271000,411.8939402002915,6
2024-09-18 10:35:30.385000,411.9198435084865,100
2024-09-18 10:35:30.405000,411.9928986129893,10
2024-09-18 10:35:30.437000,411.9525522802466,8
2024-09-18 10:35:30.446000,411.95812675187096,1001
2024-09-18 10:35:30.465000,411.9498228515503,1005
2024-09-18 10:35:30.525000,411.97845509805217,6
2024-09-18 10:35:30.630000,411.9379975365891,6
2024-09-18 10:35:30.698000,411.9261373589122,1001
2024-09-18 10:35:30.798000,411.9791514449624,12
2024-09-18 10:35:30.964000,411.9639841773831,995
2024-09-18 10:35:31.044000,411.9492335131052,99
2024-09-18 10:35:31.053000,411.9969652896009,7
2024-09-18 10:35:31.073000,411.93769367310654,98
2024-09-18 10:35:31.163000,411.9205482645964,97
2024-09-18 10:35:31.214000,411.9269507933352,102
2024-09-18 10:35:31.240000,411.98919181256633,1005
2024-09-18 10:35:31.292000,411.94777135927,7
2024-09-18 10:35:31.294000,411.9414160384271,96
2024-09-18 10:35:31.304000,411.9440967214285,99
2024-09-18 10:35:31.354000,411.9683961977108,1003
2024-09-18 10:35:31.359000,411.9324692317722,1001
2024-09-18 10:35:31.361000,411.9939998271523,995
2024-09-18 10:35:31.384000,411.9743021939175,6
2024-09-18 10:35:31.452000,411.95544971903166,96
2024-09-18 10:35:31.463000,412.0146881839504,9
2024-09-18 10:35:31.467000,411.9000321307405,95
2024-09-18 10:35:31.543000,411.93032587256096,996
2024-09-18 10:35:31.640000,412.0129725412555,1000
2024-09-18 10:35:31.720000,411.96735028432784,1003
2024-09-18 10:35:31.723000,411.9703806697636,105
2024-09-18 10:35:31.741000,411.9788893426995,1002
2024-09-18 10:35:31.743000,411.8987689584046,8
2024-09-18 10:35:31.831000,411.9633855123433,998
2024-09-18 10:35:31.914000,411.9534221529695,9
2024-09-18 10:35:32.036000,411.9577336134548,104
2024-09-18 10:35:32.112000,411.969988945488,104
2024-09-18 10:35:32.161000,411.9036199539418,103
2024-09-18 10:35:32.241000,411.9839721385253,1003
2024-09-18 10:35:32.408000,411.9283379301543,9
2024-09-18 10:35:32.494000,411.9044304332237,998
2024-09-18 10:35:32.498000,411.9683400663634,101
2024-09-18 10:35:32.588000,411.9593469724928,8
2024-09-18 10:35:32.594000,411.9635408743715,5
2024-09-18 10:35:32.632000,411.95661696362185,995
2024-09-18 10:35:32.651000,411.98538559238347,999
2024-09-18 10:35:32.674000,411.9824112210832,98
2024-09-18 10:35:32.700000,411.9348724023879,14
2024-09-18 10:35:32.802000,411.9414215314628,8
2024-09-18 10:35:33.002000,411.80158741330064,5
2024-09-18 10:35:33.113000,411.8749831869583,100
2024-09-18 10:35:33.116000,411.8833405599015,97
2024-09-18 10:35:33.118000,411.8355932098658,1004
2024-09-18 10:35:33.153000,411.81685991071873,102
2024-09-18 10:35:33.172000,411.8488981986417,7
2024-09-18 10:35:33.203000,411.8747825160207,15
2024-09-18 10:35:33.332000,411.8625363600858,10
2024-09-18 10:35:33.345000,411.8375510423687,7
2024-09-18 10:35:33.361000,411.8738809556639,11
2024-09-18 10:35:33.417000,411.85809653355767,97
2024-09-18 10:35:33.465000,411.88274378947625,10
2024-09-18 10:35:33.635000,411.8842622070969,12
2024-09-18 10:35:33.651000,411.857949631507,5
2024-09-18 10:35:33.889000,411.8800959200101,96
2024-09-18 10:35:33.894000,411.8317441342873,103
2024-09-18 10:35:33.923000,411.8410877765693,999
2024-09-18 10:35:33.924000,411.7984540187179,996
2024-09-18 10:35:34.054000,411.810398425999,97
2024-09-18 10:35:34.260000,411.8152235481172,11
2024-09-18 10:35:34.456000,411.8107217557189,6
2024-09-18 10:35:35.078000,411.7779699555346,1004
2024-09-18 10:35:35.162000,411.8167396678442,995
2024-09-18 10:35:35.232000,411.7828401871004,999
2024-09-18 10:35:35.371000,411.8098603445424,1000
2024-09-18 10:35:35.409000,411.7957315048665,1001
2024-09-18 10:35:35.417000,411.7837262142872,95
2024-09-18 10:35:35.421000,411.7834544956247,97
2024-09-18 10:35:35.431000,411.8576546634737,996
2024-09-18 10:35:35.482000,411.7997827486858,97
2024-09-18 10:35:35.540000,411.83115691426656,100
2024-09-18 10:35:35.630000,411.7953384088893,1001
2024-09-18 10:35:35.683000,411.7882633621962,99
2024-09-18 10:35:35.725000,411.81117991835794,104
2024-09-18 10:35:35.726000,411.7815539632,1005
2024-09-18 10:35:35.728000,411.8477452446284,1004
2024-09-18 10:35:35.758000,411.838866517908,998
2024-09-18 10:35:35.835000,411.7896303847629,95
2024-09-18 10:35:35.859000,411.8330088834392,96
2024-09-18 10:35:35.865000,411.78566090726696,996
2024-09-18 10:35:35.865000,411.8384355041432,97
2024-09-18 10:35:35.896000,411.8555854477444,102
2024-09-18 10:35:36.021000,411.9533335697751,104
2024-09-18 10:35:36.025000,411.97756534043566,1004
2024-09-18 10:35:36.044000,411.8818178071089,1000
2024-09-18 10:35:36.056000,411.9401149387247,9
2024-09-18 10:35:36.075000,411.9401981700487,13
2024-09-18 10:35:36.179000,411.93823937962986,13
2024-09-18 10:35:36.237000,411.8730064192823,996
2024-09-18 10:35:36.278000,411.9121444718379,95
2024-09-18 10:35:36.316000,411.9402143347576,1001
2024-09-18 10:35:36.325000,411.96342325622976,12
2024-09-18 10:35:36.328000,411.91547663255625,999
2024-09-18 10:35:36.330000,411.9262659765225,11
2024-09-18 10:35:36.349000,411.8804771720108,1002
2024-09-18 10:35:36.383000,411.9326636310796,1003
2024-09-18 10:35:36.419000,411.9222967088015,8
2024-09-18 10:35:36.460000,411.9271059148333,12
2024-09-18 10:35:36.462000,411.9367791630771,11
2024-09-18 10:35:36.499000,411.9294727038245,97
2024-09-18 10:35:36.514000,411.9238294913264,8
2024-09-18 10:35:36.685000,411.9334280698465,999
2024-09-18 10:35:36.694000,411.9236440194845,103
2024-09-18 10:35:36.767000,411.87753445204015,1004
2024-09-18 10:35:36.822000,411.94974528448665,997
2024-09-18 10:35:36.914000,411.950897219523,104
2024-09-18 10:35:37.052000,411.9150641247216,1003
2024-09-18 10:35:37.116000,411.8826787177901,105
2024-09-18 10:35:37.222000,411.8862479450773,97
2024-09-18 10:35:37.281000,411.8802610349922,13
2024-09-18 10:35:37.281000,411.8854856102154,7
2024-09-18 10:35:37.339000,411.8904848374867,13
2024-09-18 10:35:37.343000,411.8896741385071,100
2024-09-18 10:35:37.379000,411.9107905081095,1002
2024-09-18 10:35:37.393000,411.8876542842904,997
2024-09-18 10:35:37.434000,411.909640795464,1003
2024-09-18 10:35:37.461000,411.8958061585131,997
2024-09-18 10:35:37.489000,411.8941934097347,1002
2024-09-18 10:35:37.523000,411.9183087644327,101
2024-09-18 10:35:37.540000,411.9284166842813,15
2024-09-18 10:35:37.551000,411.9266235987312,15
2024-09-18 10:35:37.646000,411.87810208536047,1000
2024-09-18 10:35:37.701000,411.91667185445607,998
2024-09-18 10:35:37.760000,411.90339953805073,15
2024-09-18 10:35:37.829000,411.91723410226047,13
2024-09-18 10:35:37.864000,411.8828064330201,1001
2024-09-18 10:35:37.911000,411.9172104359116,9
2024-09-18 10:35:37.958000,411.92406137085527,12
2024-09-18 10:35:37.990000,411.8921140328902,997
2024-09-18 10:35:38.173000,411.8817199717607,1005
2024-09-18 10:35:38.440000,411.9018416033439,103
2024-09-18 10:35:38.490000,411.88625494066144,1004
2024-09-18 10:35:38.509000,411.90686758107137,1003
2024-09-18 10:35:38.729000,411.8944479805575,103
2024-09-18 10:35:39.074000,411.8985121647182,103
2024-09-18 10:35:39.075000,411.9358735398384,105
2024-09-18 10:35:39.122000,411.94601528800433,10
2024-09-18 10:35:39.168000,411.9350394668255,999
2024-09-18 10:35:39.221000,411.92832190899776,1000
2024-09-18 10:35:39.317000,411.9226287372905,998
2024-09-18 10:35:39.329000,411.94149489337536,9
2024-09-18 10:35:39.342000,411.93846168896863,10
2024-09-18 10:35:39.376000,411.9104045261018,1000
2024-09-18 10:35:39.494000,411.937245635645,1003
2024-09-18 10:35:39.515000,411.9322133698443,8
2024-09-18 10:35:39.557000,411.92523021982856,997
2024-09-18 10:35:39.623000,411.9226558074151,1001
2024-09-18 10:35:39.676000,411.9450062614978,997
2024-09-18 10:35:39.720000,411.91403519159513,1003
2024-09-18 10:35:39.764000,411.9187430800245,11
2024-09-18 10:35:39.778000,411.9569307575961,999
2024-09-18 10:35:39.797000,411.904872001028,1003
2024-09-18 10:35:39.813000,411.9343368908161,997
2024-09-18 10:35:39.843000,411.8977212148328,1000
2024-09-18 10:35:39.870000,411.9208978562948,95
2024-09-18 10:35:39.873000,411.9213193776436,996
2024-09-18 10:35:40,411.9459489015312,997
2024-09-18 10:35:40.038000,411.9219625907255,1000
2024-09-18 10:35:40.041000,411.9362424830372,9
2024-09-18 10:35:40.089000,411.91737194210685,5
2024-09-18 10:35:40.098000,411.88717924646426,98
2024-09-18 10:35:40.120000,411.9310964314733,97
2024-09-18 10:35:40.140000,411.828198696488,995
2024-09-18 10:35:40.227000,411.8716438522768,1000
2024-09-18 10:35:40.267000,411.870701627799,1001
2024-09-18 10:35:40.296000,411.8351245780351,6
2024-09-18 10:35:40.400000,411.9270893993608,103
2024-09-18 10:35:40.460000,411.9358440264192,104
2024-09-18 10:35:40.583000,411.8692797567644,996
2024-09-18 10:35:40.605000,411.9389393466003,1003
2024-09-18 10:35:40.666000,411.917963371437,995
2024-09-18 10:35:40.726000,411.92173178514247,10
2024-09-18 10:35:40.748000,411.8155434355032,1001
2024-09-18 10:35:40.879000,411.89317082607073,10
2024-09-18 10:35:40.914000,411.9143201797358,99
2024-09-18 10:35:40.928000,411.9108424728333,1001
2024-09-18 10:35:40.958000,411.8536948123074,102
2024-09-18 10:35:41.021000,411.7951716855232,14
2024-09-18 10:35:41.381000,411.7898401284205,10
2024-09-18 10:35:41.456000,411.8206698026871,13
2024-09-18 10:35:41.496000,411.7998503304792,14
2024-09-18 10:35:41.874000,411.8082513660059,995
2024-09-18 10:35:42.076000,411.81648223412174,1003
2024-09-18 10:35:42.121000,411.8002105275532,104
2024-09-18 10:35:42.170000,411.8064089108081,997
2024-09-18 10:35:42.235000,411.82987930210896,6
2024-09-18 10:35:42.372000,411.8030059869817,7
2024-09-18 10:35:42.491000,411.82395487350055,101
2024-09-18 10:35:42.502000,411.8112521343464,95
2024-09-18 10:35:42.590000,411.7784632131891,997
2024-09-18 10:35:42.602000,411.790033297657,100
2024-09-18 10:35:42.728000,411.7953727027408,997
2024-09-18 10:35:42.767000,411.8210976505113,999
2024-09-18 10:35:42.770000,411.8150524834157,995
2024-09-18 10:35:42.823000,411.8288465952968,13
2024-09-18 10:35:43.027000,411.7559359748104,1001
2024-09-18 10:35:43.042000,411.7442179013228,102
2024-09-18 10:35:43.084000,411.7543702526903,104
2024-09-18 10:35:43.166000,411.76764961078544,95
2024-09-18 10:35:43.240000,411.75957102566514,97
2024-09-18 10:35:43.272000,411.8264304147378,998
2024-09-18 10:35:43.276000,411.78650038990406,105
2024-09-18 10:35:43.317000,411.7694538507888,95
2024-09-18 10:35:43.351000,411.765839191268,998
2024-09-18 10:35:43.403000,411.8000402291898,997
2024-09-18 10:35:43.450000,411.7650367170664,996
2024-09-18 10:35:43.553000,411.7307020495648,105
2024-09-18 10:35:43.558000,411.7745045007618,15
2024-09-18 10:35:43.767000,411.7589720038984,99
2024-09-18 10:35:43.819000,411.7831693797807,9
2024-09-18 10:35:43.837000,411.7907890688828,104
2024-09-18 10:35:43.841000,411.7748471119529,10
2024-09-18 10:35:43.884000,411.7900630292331,99
2024-09-18 10:35:43.968000,411.76070260878015,98
2024-09-18 10:35:43.982000,411.77907161417966,97
2024-09-18 10:35:43.999000,411.77118344078553,1001
2024-09-18 10:35:44.018000,411.7964488678039,12
2024-09-18 10:35:44.034000,411.7476725025113,102
2024-09-18 10:35:44.157000,411.7379451482977,1002
2024-09-18 10:35:44.157000,411.7749110312021,7
2024-09-18 10:35:44.162000,411.7321140238662,995
2024-09-18 10:35:44.177000,411.7633160813722,100
2024-09-18 10:35:44.197000,411.7673229571321,995
2024-09-18 10:35:44.222000,411.7818633513971,97
2024-09-18 10:35:44.271000,411.7563180367985,14
2024-09-18 10:35:44.385000,411.7327171151266,105
2024-09-18 10:35:44.398000,411.7342094488324,99
2024-09-18 10:35:44.432000,411.72440992944473,99
2024-09-18 10:35:44.440000,411.7868989757628,103
2024-09-18 10:35:44.476000,411.72675927260553,1003
2024-09-18 10:35:44.569000,411.7302930649914,98
2024-09-18 10:35:44.918000,411.7334263785455,10
2024-09-18 10:35:44.934000,411.7883978224922,6
2024-09-18 10:35:44.992000,411.715678792533,998
2024-09-18 10:35:45.004000,411.7257645199651,997
2024-09-18 10:35:45.060000,411.66079896974406,1002
2024-09-18 10:35:45.139000,411.7331802928947,6
2024-09-18 10:35:45.144000,411.6642972668415,1000
2024-09-18 10:35:45.177000,411.7414867236326,99
2024-09-18 10:35:45.199000,411.7077511321394,15
2024-09-18 10:35:45.199000,411.7124794320538,9
2024-09-18 10:35:45.262000,411.6428478685541,14
2024-09-18 10:35:45.264000,411.7395466760184,1002
2024-09-18 10:35:45.265000,411.6556804126658,1004
2024-09-18 10:35:45.305000,411.7330590814489,998
2024-09-18 10:35:45.360000,411.6503773211171,999
2024-09-18 10:35:45.361000,411.6776797874492,10
2024-09-18 10:35:45.464000,411.6700677987615,1002
2024-09-18 10:35:45.530000,411.6723622705516,995
2024-09-18 10:35:45.544000,411.6389918338283,5
2024-09-18 10:35:45.591000,411.6830835991264,102
2024-09-18 10:35:45.641000,411.72119516469496,996
2024-09-18 10:35:45.770000,411.6660639236248,10
2024-09-18 10:35:45.780000,411.6889321462672,9
2024-09-18 10:35:45.785000,411.66389234437673,1000
2024-09-18 10:35:45.815000,411.6356560596992,8
2024-09-18 10:35:45.847000,411.73678445893626,996
2024-09-18 10:35:45.870000,411.6818726010169,8
2024-09-18 10:35:45.901000,411.6839252543999,995
2024-09-18 10:35:45.934000,411.6806581459639,7
2024-09-18 10:35:45.978000,411.6566323516319,103
2024-09-18 10:35:46.021000,411.6969482606139,6
2024-09-18 10:35:46.028000,411.70167820914975,98
2024-09-18 10:35:46.222000,411.7173876867498,1001
2024-09-18 10:35:46.263000,411.6218001490184,5
2024-09-18 10:35:46.265000,411.6894489804098,998
2024-09-18 10:35:46.277000,411.67420152022345,100
2024-09-18 10:35:46.309000,411.67047474253127,7
2024-09-18 10:35:46.314000,411.6330074718689,104
2024-09-18 10:35:46.329000,411.6957843863216,101
2024-09-18 10:35:46.339000,411.67796329693147,103
2024-09-18 10:35:46.365000,411.68576003775416,1000
2024-09-18 10:35:46.418000,411.69500294325206,96
2024-09-18 10:35:46.420000,411.634365394378,103
2024-09-18 10:35:46.458000,411.675318736496,15
2024-09-18 10:35:46.518000,411.7036539814135,9
2024-09-18 10:35:46.590000,411.68622504830535,14
2024-09-18 10:35:46.630000,411.6712743943681,5
2024-09-18 10:35:46.694000,411.7353402666194,104
2024-09-18 10:35:46.748000,411.6776779837341,1000
2024-09-18 10:35:46.801000,411.701971359812,101
2024-09-18 10:35:46.863000,411.658864688588,1002
2024-09-18 10:35:46.878000,411.6182282747088,1003
2024-09-18 10:35:46.888000,411.71054184986673,1002
2024-09-18 10:35:46.912000,411.6513901111701,97
2024-09-18 10:35:46.921000,411.6903792113372,101
2024-09-18 10:35:47.048000,411.7830679609627,1004
2024-09-18 10:35:47.052000,411.7545077301011,1000
2024-09-18 10:35:47.122000,411.7619860333393,6
2024-09-18 10:35:47.161000,411.7660684145673,5
2024-09-18 10:35:47.167000,411.7648414739968,105
2024-09-18 10:35:47.206000,411.753173680178,95
2024-09-18 10:35:47.231000,411.7732434019409,98
2024-09-18 10:35:47.272000,411.75998005916784,1004
2024-09-18 10:35:47.309000,411.76828578697416,997
2024-09-18 10:35:47.332000,411.7812990034159,1003
2024-09-18 10:35:47.342000,411.8179055983328,102
2024-09-18 10:35:47.377000,411.7590282995143,8
2024-09-18 10:35:47.383000,411.81777331497307,99
2024-09-18 10:35:47.392000,411.7923062219765,15
2024-09-18 10:35:47.417000,411.7888348634196,8
2024-09-18 10:35:47.420000,411.74172899454186,6
2024-09-18 10:35:47.477000,411.79249847213526,96
2024-09-18 10:35:47.493000,411.7803247497114,995
2024-09-18 10:35:47.494000,411.7342578192042,1005
2024-09-18 10:35:47.610000,411.74134773435264,96
2024-09-18 10:35:47.616000,411.7402505467503,999
2024-09-18 10:35:47.642000,411.7770417917868,10
2024-09-18 10:35:47.644000,411.7385341999896,101
2024-09-18 10:35:47.684000,411.7748534948821,11
2024-09-18 10:35:47.733000,411.74986269751327,103
2024-09-18 10:35:47.765000,411.7806544715641,13
2024-09-18 10:35:47.773000,411.7604782607029,7
2024-09-18 10:35:47.783000,411.7434339765921,1003
2024-09-18 10:35:47.836000,411.7885610663095,14
2024-09-18 10:35:47.990000,411.7889069923719,8
2024-09-18 10:35:48.047000,411.8053306377726,1003
2024-09-18 10:35:48.058000,411.77731842391125,10
2024-09-18 10:35:48.084000,411.7540295296952,996
2024-09-18 10:35:48.096000,411.7814840348213,995
2024-09-18 10:35:48.102000,411.7916727684521,7
2024-09-18 10:35:48.142000,411.7638160992382,14
2024-09-18 10:35:48.225000,411.74567920064027,8
2024-09-18 10:35:48.260000,411.75097024289136,98
2024-09-18 10:35:48.308000,411.7726676672165,11
2024-09-18 10:35:48.329000,411.7831170730585,12
2024-09-18 10:35:48.351000,411.7641359332985,6
2024-09-18 10:35:48.497000,411.7818921429712,1000
2024-09-18 10:35:48.604000,411.77341688346337,98
2024-09-18 10:35:48.685000,411.78990754264726,13
2024-09-18 10:35:48.711000,411.74581917716273,99
2024-09-18 10:35:48.747000,411.770872548862,1004
2024-09-18 10:35:48.850000,411.7608601619676,1000
2024-09-18 10:35:48.946000,411.7744878958151,10
2024-09-18 10:35:48.957000,411.79322550482567,14
2024-09-18 10:35:49.028000,411.74695364114586,7
2024-09-18 10:35:49.047000,411.7125844055944,6
2024-09-18 10:35:49.104000,411.7573153206004,98
2024-09-18 10:35:49.277000,411.7200432188088,96
2024-09-18 10:35:49.327000,411.7005326549992,104
2024-09-18 10:35:49.426000,411.67628926228537,97
2024-09-18 10:35:49.605000,411.74876087221287,996
2024-09-18 10:35:49.643000,411.7216145999646,102
2024-09-18 10:35:49.715000,411.7289394686693,997
2024-09-18 10:35:49.728000,411.7468924190033,97
2024-09-18 10:35:50.021000,411.6804616015899,8
2024-09-18 10:35:50.131000,411.6700364517865,1000
2024-09-18 10:35:50.133000,411.6936651676619,1002
2024-09-18 10:35:50.158000,411.67567666175336,11
2024-09-18 10:35:50.217000,411.6903923598777,102
2024-09-18 10:35:50.285000,411.6738093476867,10
2024-09-18 10:35:50.310000,411.6646292955751,103
2024-09-18 10:35:50.380000,411.6796761503554,11
2024-09-18 10:35:50.388000,411.6833770660704,103
2024-09-18 10:35:50.494000,411.6750424462323,8
2024-09-18 10:35:50.523000,411.6956537715416,1001
2024-09-18 10:35:50.561000,411.6716126809003,10
2024-09-18 10:35:50.573000,411.6890702641577,97
2024-09-18 10:35:50.596000,411.68019247992487,1004
2024-09-18 10:35:50.652000,411.6795207806856,995
2024-09-18 10:35:50.787000,411.6664451364255,97
2024-09-18 10:35:50.792000,411.6748546091201,10
2024-09-18 10:35:50.803000,411.67733765194777,13
2024-09-18 10:35:50.856000,411.6731333284667,996
2024-09-18 10:35:50.871000,411.6815413661279,7
2024-09-18 10:35:50.923000,411.6733639942926,8
2024-09-18 10:35:51.023000,411.59694822461313,13
2024-09-18 10:35:51.102000,411.6614846976426,101
2024-09-18 10:35:51.115000,411.5961442179537,1004
2024-09-18 10:35:51.135000,411.65665552390186,8
2024-09-18 10:35:51.231000,411.5989875111017,1000
2024-09-18 10:35:51.242000,411.6123980146976,1001
2024-09-18 10:35:51.264000,411.5999632910793,1003
2024-09-18 10:35:51.290000,411.66360571465066,995
2024-09-18 10:35:51.325000,411.6059442341322,5
2024-09-18 10:35:51.338000,411.5966313337033,1003
2024-09-18 10:35:51.344000,411.66012076646047,97
2024-09-18 10:35:51.354000,411.6637526190773,10
2024-09-18 10:35:51.446000,411.6120762865327,998
2024-09-18 10:35:51.489000,411.58540190796646,999
2024-09-18 10:35:51.493000,411.6097835631402,102
2024-09-18 10:35:51.495000,411.6525205127769,12
2024-09-18 10:35:51.498000,411.5989423568704,996
2024-09-18 10:35:51.514000,411.66732052083415,997
2024-09-18 10:35:51.528000,411.6713146895558,999
2024-09-18 10:35:51.580000,411.62128620025294,9
2024-09-18 10:35:51.702000,411.5947830612075,8
2024-09-18 10:35:51.712000,411.6703866392812,7
2024-09-18 10:35:51.764000,411.6147977505481,10
2024-09-18 10:35:51.843000,411.5999310117052,95
2024-09-18 10:35:51.845000,411.5926539594729,97
2024-09-18 10:35:51.855000,411.5946679431295,100
2024-09-18 10:35:51.860000,411.59560460996494,10
2024-09-18 10:35:52.061000,411.57879653338966,995
2024-09-18 10:35:52.081000,411.5953167747129,104
2024-09-18 10:35:52.169000,411.6001299968804,1004
2024-09-18 10:35:52.436000,411.6043180697944,6
2024-09-18 10:35:52.616000,411.58218659986585,98
2024-09-18 10:35:53.490000,411.566362245707,95
2024-09-18 10:35:53.945000,411.5650164582917,11
2024-09-18 10:35:54.009000,411.5718074430694,1005
2024-09-18 10:35:54.021000,411.5704632050364,7
2024-09-18 10:35:54.122000,411.5644056146409,12
2024-09-18 10:35:54.269000,411.5595709049677,100
2024-09-18 10:35:54.315000,411.5581027156904,95
2024-09-18 10:35:54.333000,411.548678224716,997
2024-09-18 10:35:54.355000,411.57692678407926,102
2024-09-18 10:35:54.417000,411.5667293680328,95
2024-09-18 10:35:54.617000,411.571839247381,1000
2024-09-18 10:35:54.629000,411.54284376100026,7
2024-09-18 10:35:54.639000,411.5915085761642,98
2024-09-18 10:35:54.676000,411.5712867809449,14
2024-09-18 10:35:54.685000,411.5558901577316,103
2024-09-18 10:35:54.789000,411.5849601859725,12
2024-09-18 10:35:54.850000,411.5665680431428,14
2024-09-18 10:35:54.920000,411.5461851567581,102
2024-09-18 10:35:54.945000,411.5760405375989,5
2024-09-18 10:35:54.980000,411.5671236350694,104
2024-09-18 10:35:55.027000,411.5336720441565,96
2024-09-18 10:35:55.034000,411.5475401467911,97
2024-09-18 10:35:55.055000,411.5755028358916,997
2024-09-18 10:35:55.072000,411.5296674278516,995
2024-09-18 10:35:55.078000,411.5358614233244,102
2024-09-18 10:35:55.137000,411.5431598586424,998
2024-09-18 10:35:55.186000,411.5539083439253,6
2024-09-18 10:35:55.232000,411.50773098272856,103
2024-09-18 10:35:55.308000,411.5255334909075,8
2024-09-18 10:35:55.345000,411.5052941252211,95
2024-09-18 10:35:55.582000,411.5844437616658,14
2024-09-18 10:35:55.611000,411.6003407961282,995
2024-09-18 10:35:55.675000,411.5205979029572,97
2024-09-18 10:35:55.705000,411.5206476238408,99
2024-09-18 10:35:55.873000,411.5348660384146,6
2024-09-18 10:35:55.918000,411.5785380984947,7
2024-09-18 10:35:55.946000,411.5417041280981,7
2024-09-18 10:35:55.949000,411.5367281866225,15
2024-09-18 10:35:55.959000,411.5364620319236,999
2024-09-18 10:35:55.960000,411.5722100306739,95
2024-09-18 10:35:55.972000,411.5364043946222,14
2024-09-18 10:35:56.110000,411.5827586432149,1001
2024-09-18 10:35:56.116000,411.5884182416722,15
2024-09-18 10:35:56.130000,411.56730009112925,102
2024-09-18 10:35:56.162000,411.55617433993535,10
2024-09-18 10:35:56.226000,411.5998338203782,996
2024-09-18 10:35:56.244000,411.5860193529811,13
2024-09-18 10:35:56.343000,411.58206869142856,10
2024-09-18 10:35:56.440000,411.57502630308335,7
2024-09-18 10:35:56.533000,411.5730618838732,14
2024-09-18 10:35:56.559000,411.58801370946,997
2024-09-18 10:35:56.565000,411.5572358610673,1000
2024-09-18 10:35:56.646000,411.58722939500007,12
2024-09-18 10:35:56.693000,411.54857984465474,12
2024-09-18 10:35:56.762000,411.5945309406348,995
2024-09-18 10:35:56.816000,411.5837728096903,105
2024-09-18 10:35:56.903000,411.5818287749512,100
2024-09-18 10:35:57.017000,411.62287503418537,14
2024-09-18 10:35:57.069000,411.5912598846021,998
2024-09-18 10:35:57.095000,411.61079055807136,14
2024-09-18 10:35:57.300000,411.60659331666704,1001
2024-09-18 10:35:57.302000,411.6169413826891,10
2024-09-18 10:35:57.565000,411.6284328708142,1001
2024-09-18 10:35:57.693000,411.5903036253558,14
2024-09-18 10:35:57.697000,411.6091228677752,996
2024-09-18 10:35:57.733000,411.6144187455956,5
2024-09-18 10:35:57.837000,411.60188275329614,995
2024-09-18 10:35:58.029000,411.61982422596304,96
2024-09-18 10:35:58.111000,411.61284447869485,9
2024-09-18 10:35:58.156000,411.6100687429354,999
2024-09-18 10:35:58.223000,411.60291924958943,96
2024-09-18 10:35:58.258000,411.6289304772398,13
2024-09-18 10:35:58.291000,411.6490611482212,1000
2024-09-18 10:35:58.427000,411.6208108648351,1001
2024-09-18 10:35:58.522000,411.6131229163588,100
2024-09-18 10:35:58.635000,411.6137073857467,1000
2024-09-18 10:35:58.713000,411.6055742876567,5
2024-09-18 10:35:58.730000,411.6353392140017,5
2024-09-18 10:35:58.734000,411.60673951990975,96
2024-09-18 10:35:58.811000,411.6101695907712,1001
2024-09-18 10:35:58.961000,411.6172326447838,103
2024-09-18 10:35:59.078000,411.6705404117654,98
2024-09-18 10:35:59.380000,411.6350110791128,105
2024-09-18 10:35:59.463000,411.6723688109081,999
2024-09-18 10:35:59.550000,411.6541155861538,999
2024-09-18 10:35:59.824000,411.63500868516405,997
2024-09-18 10:35:59.828000,411.649528452499,105
