Timestamp,Price,Size
2024-09-20 09:51:00.042000,422.5457151304656,5
2024-09-20 09:51:00.065000,422.57078045068897,995
2024-09-20 09:51:00.118000,422.5214446056258,6
2024-09-20 09:51:00.121000,422.5386927861051,1000
2024-09-20 09:51:00.136000,422.4903030615434,14
2024-09-20 09:51:00.154000,422.5406416728053,9
2024-09-20 09:51:00.168000,422.4911569493744,1003
2024-09-20 09:51:00.258000,422.5555171041876,11
2024-09-20 09:51:00.267000,422.5410204775813,12
2024-09-20 09:51:00.299000,422.49547758416367,96
2024-09-20 09:51:00.331000,422.4917520885585,997
2024-09-20 09:51:00.342000,422.5932639898507,7
2024-09-20 09:51:00.367000,422.52091673555947,103
2024-09-20 09:51:00.427000,422.4883387826475,11
2024-09-20 09:51:00.458000,422.566968081725,98
2024-09-20 09:51:00.470000,422.5673117686613,104
2024-09-20 09:51:00.537000,422.5487880986474,997
2024-09-20 09:51:00.574000,422.5006274738789,1003
2024-09-20 09:51:00.580000,422.50137256420425,105
2024-09-20 09:51:00.626000,422.56086495654586,1005
2024-09-20 09:51:00.682000,422.56859772537786,9
2024-09-20 09:51:00.698000,422.5002208587442,10
2024-09-20 09:51:00.701000,422.5392387216924,96
2024-09-20 09:51:00.724000,422.5259398672096,12
2024-09-20 09:51:00.746000,422.5865946301526,14
2024-09-20 09:51:00.810000,422.5180671092805,102
2024-09-20 09:51:00.817000,422.4808077125262,9
2024-09-20 09:51:00.921000,422.47428370336274,1005
2024-09-20 09:51:00.993000,422.4807722369695,95
2024-09-20 09:51:01.019000,422.4436856585077,1001
2024-09-20 09:51:01.049000,422.49903855521904,997
2024-09-20 09:51:01.122000,422.4677953593786,102
2024-09-20 09:51:01.577000,422.4552173491298,95
2024-09-20 09:51:01.689000,422.4314671211427,105
2024-09-20 09:51:01.737000,422.49037540508,95
2024-09-20 09:51:01.744000,422.5018295942013,100
2024-09-20 09:51:01.956000,422.4750409905639,997
2024-09-20 09:51:01.987000,422.4656160732428,95
2024-09-20 09:51:02.020000,422.392992459607,101
2024-09-20 09:51:02.039000,422.3813103400767,999
2024-09-20 09:51:02.046000,422.3639656455732,15
2024-09-20 09:51:02.349000,422.3894594904378,97
2024-09-20 09:51:02.364000,422.3945321378244,10
2024-09-20 09:51:02.759000,422.41517382427656,1001
2024-09-20 09:51:02.784000,422.38638286361225,102
2024-09-20 09:51:02.863000,422.36133452532965,7
2024-09-20 09:51:02.915000,422.4317339962732,995
2024-09-20 09:51:03.049000,422.3688991179243,1003
2024-09-20 09:51:03.116000,422.3788569981608,1001
2024-09-20 09:51:03.725000,422.35023788670793,9
2024-09-20 09:51:03.910000,422.38559585994113,997
2024-09-20 09:51:03.999000,422.3643469121444,1003
2024-09-20 09:51:04.007000,422.3466903683952,105
2024-09-20 09:51:04.062000,422.34813155459966,997
2024-09-20 09:51:04.118000,422.3482770358354,5
2024-09-20 09:51:04.161000,422.321707307731,105
2024-09-20 09:51:04.300000,422.3489208761592,101
2024-09-20 09:51:04.331000,422.3242030688822,10
2024-09-20 09:51:04.437000,422.3473561275468,98
2024-09-20 09:51:04.503000,422.35476194828334,12
2024-09-20 09:51:04.544000,422.3314152889697,7
2024-09-20 09:51:04.592000,422.3387902235068,8
2024-09-20 09:51:04.601000,422.34585509356856,8
2024-09-20 09:51:04.630000,422.35272485971,12
2024-09-20 09:51:04.652000,422.350737859796,997
2024-09-20 09:51:04.694000,422.3493525941748,9
2024-09-20 09:51:04.697000,422.35488153619417,102
2024-09-20 09:51:04.746000,422.3292374862632,100
2024-09-20 09:51:04.795000,422.3454430570281,1001
2024-09-20 09:51:04.817000,422.3598005416418,98
2024-09-20 09:51:04.895000,422.3294877726531,996
2024-09-20 09:51:04.984000,422.3474127385033,104
2024-09-20 09:51:05.196000,422.4034837860612,97
2024-09-20 09:51:05.228000,422.3798987039655,10
2024-09-20 09:51:05.328000,422.3876142520826,1001
2024-09-20 09:51:05.370000,422.4066917331919,1004
2024-09-20 09:51:05.433000,422.4086808904861,9
2024-09-20 09:51:05.525000,422.3807633221445,998
2024-09-20 09:51:05.630000,422.37744911563215,8
2024-09-20 09:51:05.696000,422.3995947938566,100
2024-09-20 09:51:06.026000,422.4357002267869,7
2024-09-20 09:51:06.139000,422.39974137358377,1004
2024-09-20 09:51:06.194000,422.4333650094176,1002
2024-09-20 09:51:06.513000,422.4033039821799,105
2024-09-20 09:51:06.682000,422.4070211778326,996
2024-09-20 09:51:06.725000,422.4023053995282,1005
2024-09-20 09:51:06.856000,422.4204669732046,96
2024-09-20 09:51:07.005000,422.431007613852,97
2024-09-20 09:51:07.080000,422.44771096485846,97
2024-09-20 09:51:07.125000,422.4257534526601,100
2024-09-20 09:51:07.223000,422.4460835848042,11
2024-09-20 09:51:07.290000,422.4513500694392,6
2024-09-20 09:51:07.550000,422.4298765687404,9
2024-09-20 09:51:07.623000,422.44361160555326,102
2024-09-20 09:51:07.674000,422.4415917579844,14
2024-09-20 09:51:07.773000,422.4289866734512,102
2024-09-20 09:51:07.822000,422.4533200285844,103
2024-09-20 09:51:08.039000,422.44323904169664,12
2024-09-20 09:51:08.219000,422.4195153271904,12
2024-09-20 09:51:08.302000,422.4247747433238,998
2024-09-20 09:51:08.351000,422.3806615887032,97
2024-09-20 09:51:08.364000,422.42668171068,14
2024-09-20 09:51:08.372000,422.4575342375476,11
2024-09-20 09:51:08.383000,422.4037797806025,14
2024-09-20 09:51:08.392000,422.44889411272896,104
2024-09-20 09:51:08.426000,422.43778749921887,103
2024-09-20 09:51:08.469000,422.4416637863145,998
2024-09-20 09:51:08.559000,422.4413504337234,7
2024-09-20 09:51:08.650000,422.438546627532,995
2024-09-20 09:51:08.655000,422.4028719834188,11
2024-09-20 09:51:08.695000,422.43123287854206,5
2024-09-20 09:51:08.730000,422.3996811178126,101
2024-09-20 09:51:08.795000,422.4225834161616,1001
2024-09-20 09:51:08.851000,422.38014398912816,1001
2024-09-20 09:51:08.907000,422.3963121703681,95
2024-09-20 09:51:08.995000,422.42777447828496,9
2024-09-20 09:51:09.016000,422.4732427463015,1004
2024-09-20 09:51:09.030000,422.4672457787231,1003
2024-09-20 09:51:09.066000,422.3838423160488,105
2024-09-20 09:51:09.145000,422.40263244018047,105
2024-09-20 09:51:09.150000,422.4532261197757,7
2024-09-20 09:51:09.151000,422.4266716201225,5
2024-09-20 09:51:09.167000,422.44867319610216,15
2024-09-20 09:51:09.216000,422.4593089003688,1004
2024-09-20 09:51:09.254000,422.4324360626259,1005
2024-09-20 09:51:09.302000,422.3888263117877,5
2024-09-20 09:51:09.414000,422.4357824893567,104
2024-09-20 09:51:09.422000,422.4380523158016,104
2024-09-20 09:51:09.431000,422.4602754611572,13
2024-09-20 09:51:09.503000,422.3900800995064,104
2024-09-20 09:51:09.509000,422.4105811913372,1003
2024-09-20 09:51:09.637000,422.4114086032728,9
2024-09-20 09:51:09.649000,422.457022365582,1003
2024-09-20 09:51:09.696000,422.3861097099961,1005
2024-09-20 09:51:09.705000,422.4459230354044,997
2024-09-20 09:51:09.783000,422.41591690439486,1003
2024-09-20 09:51:09.914000,422.47246632829854,998
2024-09-20 09:51:09.982000,422.39288298981074,13
2024-09-20 09:51:10.007000,422.4401927002356,105
2024-09-20 09:51:10.013000,422.4385181349356,95
2024-09-20 09:51:10.014000,422.4311592991636,10
2024-09-20 09:51:10.067000,422.4115540697696,997
2024-09-20 09:51:10.078000,422.4208718671167,101
2024-09-20 09:51:10.078000,422.4029983011014,998
2024-09-20 09:51:10.100000,422.4098067197216,12
2024-09-20 09:51:10.142000,422.4274046458496,1000
2024-09-20 09:51:10.149000,422.4142872828668,14
2024-09-20 09:51:10.271000,422.4173804625336,11
2024-09-20 09:51:10.281000,422.3980402359312,997
2024-09-20 09:51:10.340000,422.395950535144,995
2024-09-20 09:51:10.367000,422.4412859154342,14
2024-09-20 09:51:10.377000,422.4329732540276,101
2024-09-20 09:51:10.576000,422.41350030375406,5
2024-09-20 09:51:10.591000,422.40073860926526,98
2024-09-20 09:51:10.616000,422.42130268691375,10
2024-09-20 09:51:10.645000,422.4121505925655,101
2024-09-20 09:51:10.674000,422.4005061824376,100
2024-09-20 09:51:10.745000,422.3952228469915,1001
2024-09-20 09:51:10.813000,422.397065344676,995
2024-09-20 09:51:10.859000,422.4203777042528,103
2024-09-20 09:51:10.880000,422.4234941114429,6
2024-09-20 09:51:10.886000,422.4149541734618,1001
2024-09-20 09:51:10.934000,422.39366921262496,1002
2024-09-20 09:51:10.949000,422.4092660928373,15
2024-09-20 09:51:11.080000,422.3933981537576,997
2024-09-20 09:51:11.114000,422.3949432664784,1002
2024-09-20 09:51:11.187000,422.3918666596913,102
2024-09-20 09:51:11.192000,422.38154424017785,15
2024-09-20 09:51:11.209000,422.3825882268525,997
2024-09-20 09:51:11.220000,422.4079051797862,15
2024-09-20 09:51:11.263000,422.38534276289664,14
2024-09-20 09:51:11.271000,422.40495060536296,11
2024-09-20 09:51:11.302000,422.3768956602733,996
2024-09-20 09:51:11.382000,422.3777732073937,102
2024-09-20 09:51:11.395000,422.3877618904951,1002
2024-09-20 09:51:11.482000,422.3962096835791,14
2024-09-20 09:51:11.514000,422.4026124718197,999
2024-09-20 09:51:11.602000,422.3892185528674,10
2024-09-20 09:51:11.656000,422.3942447061922,7
2024-09-20 09:51:11.818000,422.4038464166379,995
2024-09-20 09:51:11.943000,422.3942563846833,1000
2024-09-20 09:51:11.998000,422.3863610031029,15
2024-09-20 09:51:12.046000,422.3727274325251,995
2024-09-20 09:51:12.070000,422.3756267884816,103
2024-09-20 09:51:12.151000,422.3506313429152,103
2024-09-20 09:51:12.315000,422.363406608665,99
2024-09-20 09:51:12.414000,422.3552312406461,999
2024-09-20 09:51:12.888000,422.3592825284247,101
2024-09-20 09:51:13.019000,422.3975616290224,998
2024-09-20 09:51:13.041000,422.4137268328062,100
2024-09-20 09:51:13.043000,422.3641587346319,104
2024-09-20 09:51:13.056000,422.4311419284345,997
2024-09-20 09:51:13.059000,422.3751572884065,1001
2024-09-20 09:51:13.073000,422.3639181036869,1004
2024-09-20 09:51:13.105000,422.3410689898036,15
2024-09-20 09:51:13.127000,422.36671103814433,97
2024-09-20 09:51:13.134000,422.4197406266182,97
2024-09-20 09:51:13.154000,422.3652521136053,1005
2024-09-20 09:51:13.172000,422.379967375041,1001
2024-09-20 09:51:13.210000,422.3756483033476,996
2024-09-20 09:51:13.353000,422.3644839217214,996
2024-09-20 09:51:13.487000,422.3779810060835,96
2024-09-20 09:51:13.554000,422.3614793783244,99
2024-09-20 09:51:13.566000,422.3840185799264,9
2024-09-20 09:51:13.591000,422.3847599821442,995
2024-09-20 09:51:13.632000,422.3993378561289,5
2024-09-20 09:51:13.659000,422.4041201992198,101
2024-09-20 09:51:13.691000,422.3908955972608,103
2024-09-20 09:51:13.740000,422.42045495670914,996
2024-09-20 09:51:13.750000,422.38768425379374,96
2024-09-20 09:51:13.843000,422.3693640920162,1003
2024-09-20 09:51:13.856000,422.3996437243241,10
2024-09-20 09:51:13.867000,422.3670780558792,99
2024-09-20 09:51:13.887000,422.4166817301364,101
2024-09-20 09:51:13.936000,422.3824685749856,98
2024-09-20 09:51:14.002000,422.4155058834555,96
2024-09-20 09:51:14.040000,422.373679929621,11
2024-09-20 09:51:14.057000,422.3942218548033,1005
2024-09-20 09:51:14.125000,422.37653119234056,99
2024-09-20 09:51:14.264000,422.33241337522935,96
2024-09-20 09:51:14.285000,422.3955742560361,1004
2024-09-20 09:51:14.543000,422.4127619825126,13
2024-09-20 09:51:14.548000,422.374904866602,13
2024-09-20 09:51:14.602000,422.3659665763464,1001
2024-09-20 09:51:14.717000,422.42084059603104,12
2024-09-20 09:51:14.730000,422.400257977789,1003
2024-09-20 09:51:14.785000,422.4130586148206,1003
2024-09-20 09:51:14.828000,422.3894128090161,999
2024-09-20 09:51:14.836000,422.40425806188375,100
2024-09-20 09:51:14.837000,422.407769619441,1003
2024-09-20 09:51:14.924000,422.41459555703074,8
2024-09-20 09:51:14.926000,422.3917025971216,995
2024-09-20 09:51:14.943000,422.3912264942774,1000
2024-09-20 09:51:14.946000,422.3611195385613,102
2024-09-20 09:51:15.324000,422.341884180153,10
2024-09-20 09:51:15.532000,422.3422617077634,12
2024-09-20 09:51:15.538000,422.3447049252202,14
2024-09-20 09:51:15.669000,422.34343728663725,12
2024-09-20 09:51:15.730000,422.33478948332464,99
2024-09-20 09:51:15.821000,422.3278536772596,999
2024-09-20 09:51:15.845000,422.32227424988815,15
2024-09-20 09:51:15.853000,422.3492110842878,9
2024-09-20 09:51:15.963000,422.3597325205582,8
2024-09-20 09:51:15.966000,422.33761536189314,96
2024-09-20 09:51:16.031000,422.3225416119065,1001
2024-09-20 09:51:16.032000,422.39984254474433,5
2024-09-20 09:51:16.152000,422.345214809031,14
2024-09-20 09:51:16.181000,422.3727634807822,15
2024-09-20 09:51:16.190000,422.3987980824604,998
2024-09-20 09:51:16.274000,422.35102636368936,98
2024-09-20 09:51:16.283000,422.4119406104064,10
2024-09-20 09:51:16.321000,422.4025787269712,104
2024-09-20 09:51:16.341000,422.3853984623367,99
2024-09-20 09:51:16.361000,422.3258439555699,10
2024-09-20 09:51:16.379000,422.3738879313231,6
2024-09-20 09:51:16.528000,422.3398297874489,999
2024-09-20 09:51:16.544000,422.3881676978574,14
2024-09-20 09:51:16.556000,422.39475308002113,15
2024-09-20 09:51:16.576000,422.3838568628445,98
2024-09-20 09:51:16.627000,422.3368104392268,104
2024-09-20 09:51:16.634000,422.36305127184494,10
2024-09-20 09:51:16.826000,422.34490666150094,9
2024-09-20 09:51:16.830000,422.35933476233066,11
2024-09-20 09:51:16.943000,422.3320052369274,104
2024-09-20 09:51:17.118000,422.3136790353833,999
2024-09-20 09:51:17.167000,422.3389820714828,10
2024-09-20 09:51:17.684000,422.31133759297074,96
2024-09-20 09:51:17.750000,422.3181190118084,100
2024-09-20 09:51:17.844000,422.3182123046558,14
2024-09-20 09:51:18.010000,422.3259991596145,996
2024-09-20 09:51:18.087000,422.3333736365558,98
2024-09-20 09:51:18.087000,422.3450641555434,998
2024-09-20 09:51:18.160000,422.2811405403655,9
2024-09-20 09:51:18.213000,422.3145362377671,10
2024-09-20 09:51:18.240000,422.2918926250457,5
2024-09-20 09:51:18.308000,422.3069366533615,15
2024-09-20 09:51:18.332000,422.3503312990961,9
2024-09-20 09:51:18.422000,422.3329861263445,95
2024-09-20 09:51:18.442000,422.2879498928188,14
2024-09-20 09:51:18.461000,422.3314558998162,10
2024-09-20 09:51:18.475000,422.24969291395416,97
2024-09-20 09:51:18.533000,422.301439293971,98
2024-09-20 09:51:18.536000,422.3339143774317,999
2024-09-20 09:51:18.552000,422.3307157302351,12
2024-09-20 09:51:18.584000,422.33628891640745,1004
2024-09-20 09:51:18.606000,422.2851728951841,14
2024-09-20 09:51:18.629000,422.3663995388386,6
2024-09-20 09:51:18.681000,422.33836498357886,8
2024-09-20 09:51:18.699000,422.3540750384492,7
2024-09-20 09:51:18.715000,422.3031599991663,11
2024-09-20 09:51:18.719000,422.3168711693772,103
2024-09-20 09:51:18.741000,422.3361499985559,100
2024-09-20 09:51:18.761000,422.26575145465125,103
2024-09-20 09:51:18.810000,422.3280497366027,11
2024-09-20 09:51:18.851000,422.3043290069454,8
2024-09-20 09:51:18.938000,422.3346787524855,999
2024-09-20 09:51:18.981000,422.3187489542785,101
2024-09-20 09:51:19.044000,422.2961498276991,96
2024-09-20 09:51:19.174000,422.3163699165147,1003
2024-09-20 09:51:19.226000,422.2918593193515,103
2024-09-20 09:51:19.541000,422.26481751386336,998
2024-09-20 09:51:19.567000,422.2603897880912,98
2024-09-20 09:51:19.659000,422.30198685031934,998
2024-09-20 09:51:19.691000,422.2555089690599,12
2024-09-20 09:51:19.819000,422.2741415374143,996
2024-09-20 09:51:19.969000,422.2530295075569,1003
2024-09-20 09:51:19.980000,422.3312838356063,96
2024-09-20 09:51:19.992000,422.2899820718583,1000
2024-09-20 09:51:20.018000,422.34117592586426,1001
2024-09-20 09:51:20.821000,422.3473775244474,1003
2024-09-20 09:51:20.903000,422.3690041235133,100
2024-09-20 09:51:20.960000,422.3448505433524,105
2024-09-20 09:51:21.135000,422.3438176543005,97
2024-09-20 09:51:21.198000,422.35037485307896,99
2024-09-20 09:51:21.242000,422.3439195506049,98
2024-09-20 09:51:21.405000,422.353900601193,998
2024-09-20 09:51:21.466000,422.3483894412696,1003
2024-09-20 09:51:21.494000,422.3240552587304,13
2024-09-20 09:51:21.533000,422.33918095403,6
2024-09-20 09:51:21.535000,422.3311185983901,1003
2024-09-20 09:51:21.699000,422.35172793600566,999
2024-09-20 09:51:21.761000,422.32170420097344,995
2024-09-20 09:51:21.900000,422.3639149205624,101
2024-09-20 09:51:21.978000,422.3574214522487,1003
2024-09-20 09:51:22.080000,422.4308978942293,998
2024-09-20 09:51:22.113000,422.3974406261872,1002
2024-09-20 09:51:22.126000,422.46006836614055,96
2024-09-20 09:51:22.224000,422.4444753204084,999
2024-09-20 09:51:22.231000,422.44617018250966,13
2024-09-20 09:51:22.267000,422.4286782713066,8
2024-09-20 09:51:22.316000,422.3981843970259,98
2024-09-20 09:51:22.455000,422.37532228589833,998
2024-09-20 09:51:22.480000,422.4045856363347,96
2024-09-20 09:51:22.515000,422.4109393697857,12
2024-09-20 09:51:22.717000,422.4431801330946,997
2024-09-20 09:51:22.747000,422.425970731622,8
2024-09-20 09:51:22.786000,422.3806511876399,96
2024-09-20 09:51:22.825000,422.3592330851784,98
2024-09-20 09:51:22.925000,422.36591607105777,96
2024-09-20 09:51:22.936000,422.46729585345486,101
2024-09-20 09:51:23.042000,422.4320925259161,1000
2024-09-20 09:51:23.056000,422.4110755537567,999
2024-09-20 09:51:23.140000,422.4377381123052,11
2024-09-20 09:51:23.141000,422.3763232958439,6
2024-09-20 09:51:23.159000,422.4218020463538,101
2024-09-20 09:51:23.179000,422.40333269900566,10
2024-09-20 09:51:23.184000,422.42048158550506,998
2024-09-20 09:51:23.191000,422.4137874256148,996
2024-09-20 09:51:23.195000,422.38658626342266,102
2024-09-20 09:51:23.246000,422.4203634534531,1004
2024-09-20 09:51:23.374000,422.4358810530743,11
2024-09-20 09:51:23.435000,422.384188910995,1000
2024-09-20 09:51:23.445000,422.4298261983816,996
2024-09-20 09:51:23.488000,422.4224766205047,15
2024-09-20 09:51:23.530000,422.4307515524039,105
2024-09-20 09:51:23.566000,422.419311715117,997
2024-09-20 09:51:23.599000,422.449560015894,8
2024-09-20 09:51:23.619000,422.40364180409216,998
2024-09-20 09:51:23.647000,422.4188101791098,999
2024-09-20 09:51:23.659000,422.416731925773,996
2024-09-20 09:51:23.679000,422.4389112340303,99
2024-09-20 09:51:23.704000,422.3959157108234,1002
2024-09-20 09:51:23.715000,422.389148233336,1002
2024-09-20 09:51:23.762000,422.4233648842542,11
2024-09-20 09:51:23.763000,422.44628854350873,1001
2024-09-20 09:51:23.864000,422.4044498393046,12
2024-09-20 09:51:23.875000,422.403707914241,998
2024-09-20 09:51:23.913000,422.4278570986944,9
2024-09-20 09:51:23.980000,422.43178270621365,1005
2024-09-20 09:51:24.098000,422.4692659243803,8
2024-09-20 09:51:24.255000,422.4386038250759,1004
2024-09-20 09:51:24.366000,422.44533044044425,96
2024-09-20 09:51:24.408000,422.4560842496165,15
2024-09-20 09:51:24.633000,422.4357680441514,12
2024-09-20 09:51:24.713000,422.4377274413528,1002
2024-09-20 09:51:24.734000,422.4424297158945,1002
2024-09-20 09:51:24.871000,422.4483636268324,995
2024-09-20 09:51:25.030000,422.4417883677589,95
2024-09-20 09:51:25.086000,422.4904572996104,5
2024-09-20 09:51:25.150000,422.51303887764,7
2024-09-20 09:51:25.249000,422.4631116057549,995
2024-09-20 09:51:25.255000,422.466783467371,13
2024-09-20 09:51:25.268000,422.4688673977981,11
2024-09-20 09:51:25.283000,422.4457816896089,997
2024-09-20 09:51:25.313000,422.4955230340751,99
2024-09-20 09:51:25.335000,422.4714894628136,8
2024-09-20 09:51:25.344000,422.5003593507399,14
2024-09-20 09:51:25.470000,422.4880101664584,999
2024-09-20 09:51:25.513000,422.5019402446953,995
2024-09-20 09:51:25.542000,422.5153323306287,997
2024-09-20 09:51:25.567000,422.5125957706963,104
2024-09-20 09:51:25.638000,422.49377899599466,995
2024-09-20 09:51:25.661000,422.47914459001424,6
2024-09-20 09:51:25.677000,422.5288511580986,97
2024-09-20 09:51:25.678000,422.5382749191224,98
2024-09-20 09:51:25.707000,422.4897526294061,7
2024-09-20 09:51:25.721000,422.48412713564574,11
2024-09-20 09:51:25.730000,422.4805138298207,996
2024-09-20 09:51:25.741000,422.4991255468896,1004
2024-09-20 09:51:25.751000,422.46677486881566,9
2024-09-20 09:51:25.855000,422.50641691964097,104
2024-09-20 09:51:25.900000,422.4790482710951,96
2024-09-20 09:51:26.086000,422.4410208728973,999
2024-09-20 09:51:26.137000,422.454445008582,13
2024-09-20 09:51:26.213000,422.4946782271927,102
2024-09-20 09:51:26.251000,422.4688518646412,101
2024-09-20 09:51:26.257000,422.4619503420367,9
2024-09-20 09:51:26.260000,422.4561202047919,997
2024-09-20 09:51:26.300000,422.4352483756816,99
2024-09-20 09:51:26.357000,422.4598809783428,12
2024-09-20 09:51:26.410000,422.4712217674515,1001
2024-09-20 09:51:26.460000,422.5089470031453,99
2024-09-20 09:51:26.463000,422.4789171576759,96
2024-09-20 09:51:26.512000,422.5154678099741,98
2024-09-20 09:51:26.527000,422.4353272161027,100
2024-09-20 09:51:26.552000,422.4508301242943,996
2024-09-20 09:51:26.695000,422.4711644399016,10
2024-09-20 09:51:26.912000,422.46274001031696,97
2024-09-20 09:51:26.990000,422.4368792919128,9
2024-09-20 09:51:26.996000,422.4995965040159,999
2024-09-20 09:51:27.121000,422.4654271136709,999
2024-09-20 09:51:27.124000,422.458153566318,1001
2024-09-20 09:51:27.143000,422.4529251346539,12
2024-09-20 09:51:27.148000,422.4368002067606,14
2024-09-20 09:51:27.150000,422.4666106788527,14
2024-09-20 09:51:27.181000,422.4458791650744,95
2024-09-20 09:51:27.206000,422.4541755886998,6
2024-09-20 09:51:27.302000,422.4431053850624,104
2024-09-20 09:51:27.374000,422.4589563118169,1005
2024-09-20 09:51:27.425000,422.4654624889016,97
2024-09-20 09:51:27.481000,422.42506914652296,1004
2024-09-20 09:51:27.644000,422.456764049262,12
2024-09-20 09:51:27.682000,422.45664428077646,998
2024-09-20 09:51:27.693000,422.4523905436206,1003
2024-09-20 09:51:27.803000,422.4441691842629,1003
2024-09-20 09:51:27.811000,422.4397661300812,7
2024-09-20 09:51:27.814000,422.4451643109111,101
2024-09-20 09:51:27.839000,422.4565273659897,1002
2024-09-20 09:51:27.847000,422.4521531450063,14
2024-09-20 09:51:27.954000,422.4433721463709,1003
2024-09-20 09:51:28.017000,422.4548630223762,996
2024-09-20 09:51:28.173000,422.4909703414929,15
2024-09-20 09:51:28.375000,422.49775409370193,98
2024-09-20 09:51:28.460000,422.45728688464015,9
2024-09-20 09:51:28.463000,422.5007591950216,5
2024-09-20 09:51:28.472000,422.45058798197886,103
2024-09-20 09:51:28.518000,422.4831360964648,1000
2024-09-20 09:51:28.531000,422.4824761555734,1001
2024-09-20 09:51:28.590000,422.4472362684677,1005
2024-09-20 09:51:28.591000,422.4500762616144,999
2024-09-20 09:51:28.686000,422.4458963066167,999
2024-09-20 09:51:28.698000,422.4437787394564,15
2024-09-20 09:51:28.749000,422.43194206934953,104
2024-09-20 09:51:28.750000,422.4729112531642,997
2024-09-20 09:51:28.788000,422.44427049732167,14
2024-09-20 09:51:28.929000,422.4576532228141,995
2024-09-20 09:51:29.024000,422.4593295223822,1000
2024-09-20 09:51:29.048000,422.47060660208666,105
2024-09-20 09:51:29.068000,422.4562884076989,1004
2024-09-20 09:51:29.390000,422.4401528104719,15
2024-09-20 09:51:29.421000,422.4614079043211,1002
2024-09-20 09:51:29.500000,422.477793698342,101
2024-09-20 09:51:29.558000,422.4767027742218,998
2024-09-20 09:51:29.582000,422.4252788386209,996
2024-09-20 09:51:29.591000,422.48164182930986,9
2024-09-20 09:51:29.592000,422.4586999966716,98
2024-09-20 09:51:29.720000,422.4455446596575,9
2024-09-20 09:51:29.723000,422.4728459282866,102
2024-09-20 09:51:29.735000,422.4440334826336,99
2024-09-20 09:51:29.776000,422.4795834282587,997
2024-09-20 09:51:29.902000,422.4409647773309,1001
2024-09-20 09:51:29.906000,422.4394553914984,100
2024-09-20 09:51:29.973000,422.43302964878376,997
2024-09-20 09:51:30.088000,422.34707975358185,1001
2024-09-20 09:51:30.104000,422.4021926543538,999
2024-09-20 09:51:30.166000,422.3733254413344,1000
2024-09-20 09:51:30.292000,422.439166972337,1000
2024-09-20 09:51:30.345000,422.3598457466856,998
2024-09-20 09:51:30.366000,422.3560694414539,996
2024-09-20 09:51:30.482000,422.3753543125678,996
2024-09-20 09:51:30.587000,422.4023825748324,15
2024-09-20 09:51:30.607000,422.34238524715073,103
2024-09-20 09:51:30.624000,422.36191605616176,1002
2024-09-20 09:51:30.794000,422.380598477877,1002
2024-09-20 09:51:30.888000,422.3837877908426,6
2024-09-20 09:51:30.894000,422.3850273701023,6
2024-09-20 09:51:30.904000,422.3889632837613,1004
2024-09-20 09:51:30.914000,422.3458315397418,98
2024-09-20 09:51:30.949000,422.4376600029601,100
2024-09-20 09:51:30.955000,422.4280096398841,97
2024-09-20 09:51:30.979000,422.3419759665522,14
2024-09-20 09:51:31.139000,422.33374481742607,998
2024-09-20 09:51:31.228000,422.3515549717704,997
2024-09-20 09:51:31.352000,422.3259540560542,97
2024-09-20 09:51:31.377000,422.3296291810765,999
2024-09-20 09:51:31.423000,422.3403958720421,8
2024-09-20 09:51:31.802000,422.3323433015118,12
2024-09-20 09:51:32.037000,422.4430350893485,105
2024-09-20 09:51:32.072000,422.4301558246257,11
2024-09-20 09:51:32.077000,422.4305738537312,95
2024-09-20 09:51:32.129000,422.4015119440984,999
2024-09-20 09:51:32.249000,422.4660357099141,14
2024-09-20 09:51:32.255000,422.4304404593041,1004
2024-09-20 09:51:32.272000,422.4644811406031,1004
2024-09-20 09:51:32.305000,422.4719453093062,1004
2024-09-20 09:51:32.357000,422.39340196620464,105
2024-09-20 09:51:32.398000,422.3742525305336,98
2024-09-20 09:51:32.444000,422.4329788913707,1002
2024-09-20 09:51:32.452000,422.4318229348107,1001
2024-09-20 09:51:32.463000,422.3519625033525,998
2024-09-20 09:51:32.477000,422.453277546568,1000
2024-09-20 09:51:32.486000,422.3885740799427,103
2024-09-20 09:51:32.515000,422.4726784110953,98
2024-09-20 09:51:32.542000,422.4528114248519,15
2024-09-20 09:51:32.691000,422.4681182947411,1003
2024-09-20 09:51:32.711000,422.4313511934549,102
2024-09-20 09:51:32.774000,422.420778040032,1001
2024-09-20 09:51:32.856000,422.4729203467771,11
2024-09-20 09:51:32.946000,422.4629642095822,95
2024-09-20 09:51:32.971000,422.4608096319893,1002
2024-09-20 09:51:32.974000,422.4293764118063,104
2024-09-20 09:51:33.421000,422.4087214747126,1000
2024-09-20 09:51:33.432000,422.42672623821534,99
2024-09-20 09:51:33.454000,422.4226092490208,99
2024-09-20 09:51:33.517000,422.40998521165056,100
2024-09-20 09:51:33.615000,422.39159807329577,103
2024-09-20 09:51:33.669000,422.4097928463043,999
2024-09-20 09:51:33.760000,422.4079023423496,999
2024-09-20 09:51:34.002000,422.42125798206615,998
2024-09-20 09:51:34.019000,422.4183371876471,1005
2024-09-20 09:51:34.026000,422.3853163301806,105
2024-09-20 09:51:34.057000,422.4394069128224,15
2024-09-20 09:51:34.129000,422.3851815007449,1004
2024-09-20 09:51:34.171000,422.37196394741767,7
2024-09-20 09:51:34.273000,422.4217510211132,9
2024-09-20 09:51:34.356000,422.3773857571166,997
2024-09-20 09:51:34.420000,422.4098043039194,97
2024-09-20 09:51:34.440000,422.4081623571328,999
2024-09-20 09:51:34.460000,422.4142796647051,11
2024-09-20 09:51:34.542000,422.3906171415263,12
2024-09-20 09:51:34.561000,422.40614622234426,1003
2024-09-20 09:51:34.572000,422.4236688354284,1003
2024-09-20 09:51:34.647000,422.4016121817927,104
2024-09-20 09:51:34.715000,422.3807503078097,12
2024-09-20 09:51:34.758000,422.41421433390383,105
2024-09-20 09:51:34.778000,422.412623888429,5
2024-09-20 09:51:34.804000,422.3905922494688,12
2024-09-20 09:51:34.816000,422.39646165281306,99
2024-09-20 09:51:34.838000,422.4017693685804,999
2024-09-20 09:51:34.843000,422.3807652061165,1003
2024-09-20 09:51:34.954000,422.3722557421276,1001
2024-09-20 09:51:35.155000,422.40440307937496,1002
2024-09-20 09:51:35.237000,422.42708501525584,1003
2024-09-20 09:51:35.240000,422.4474110299564,9
2024-09-20 09:51:35.250000,422.4332924475788,1005
2024-09-20 09:51:35.294000,422.4367403320913,999
2024-09-20 09:51:35.352000,422.443233527862,11
2024-09-20 09:51:35.393000,422.4208954188217,995
2024-09-20 09:51:35.436000,422.4311700335461,8
2024-09-20 09:51:35.439000,422.44552234490527,10
2024-09-20 09:51:35.458000,422.4474237474932,14
2024-09-20 09:51:35.462000,422.44536460038574,97
2024-09-20 09:51:35.534000,422.44458769854384,999
2024-09-20 09:51:35.536000,422.3988438291245,997
2024-09-20 09:51:35.539000,422.4295302028956,7
2024-09-20 09:51:35.599000,422.44586409508577,1000
2024-09-20 09:51:35.605000,422.4205518715576,1003
2024-09-20 09:51:35.707000,422.4200939460598,97
2024-09-20 09:51:35.820000,422.4301583360253,97
2024-09-20 09:51:35.828000,422.42634462528656,996
2024-09-20 09:51:35.830000,422.441061100734,5
2024-09-20 09:51:35.848000,422.42432630328096,100
2024-09-20 09:51:35.857000,422.4295872838794,1003
2024-09-20 09:51:35.862000,422.4083068883765,100
2024-09-20 09:51:35.874000,422.4365212582576,1001
2024-09-20 09:51:35.924000,422.43675699681535,1003
2024-09-20 09:51:35.953000,422.420885372974,96
2024-09-20 09:51:35.970000,422.4351486896952,98
2024-09-20 09:51:36.014000,422.4260281327544,102
2024-09-20 09:51:36.112000,422.3696962958525,997
2024-09-20 09:51:36.144000,422.4208543866304,104
2024-09-20 09:51:36.169000,422.4326004287341,1003
2024-09-20 09:51:36.174000,422.44566441380096,7
2024-09-20 09:51:36.249000,422.4201800821996,1004
2024-09-20 09:51:36.251000,422.3719543187012,1002
2024-09-20 09:51:36.280000,422.4491088430291,998
2024-09-20 09:51:36.289000,422.3636415323464,105
2024-09-20 09:51:36.322000,422.4078021309032,103
2024-09-20 09:51:36.334000,422.35666196970334,999
2024-09-20 09:51:36.400000,422.4160688664054,97
2024-09-20 09:51:36.468000,422.4484000981553,15
2024-09-20 09:51:36.517000,422.3687657858208,1002
2024-09-20 09:51:36.526000,422.4286032280848,8
2024-09-20 09:51:36.541000,422.4162812097328,104
2024-09-20 09:51:36.551000,422.4290360782563,998
2024-09-20 09:51:36.772000,422.3432360674367,1004
2024-09-20 09:51:36.782000,422.3327085216232,1005
2024-09-20 09:51:36.816000,422.3940948236144,1004
2024-09-20 09:51:36.819000,422.3442198366523,1005
2024-09-20 09:51:36.841000,422.3377014661268,97
2024-09-20 09:51:36.846000,422.3818096817303,1004
2024-09-20 09:51:36.896000,422.4153614495312,1003
2024-09-20 09:51:36.928000,422.3469088147144,999
2024-09-20 09:51:37.053000,422.32046543065655,95
2024-09-20 09:51:37.245000,422.2639992092695,104
2024-09-20 09:51:37.349000,422.30486338802007,1002
2024-09-20 09:51:37.387000,422.3243031188546,13
2024-09-20 09:51:37.488000,422.30888165279134,1000
2024-09-20 09:51:37.570000,422.3209751343577,96
2024-09-20 09:51:37.629000,422.2952363660166,96
2024-09-20 09:51:37.657000,422.2615690666614,1004
2024-09-20 09:51:37.857000,422.258621673181,997
2024-09-20 09:51:37.913000,422.2738221955738,97
2024-09-20 09:51:37.930000,422.3172963362641,1003
2024-09-20 09:51:37.957000,422.3039405317381,12
2024-09-20 09:51:37.972000,422.30911392380665,97
2024-09-20 09:51:37.976000,422.2756789432965,105
2024-09-20 09:51:38.005000,422.2409347897007,99
2024-09-20 09:51:38.209000,422.2444659091048,12
2024-09-20 09:51:38.538000,422.2351793070528,5
2024-09-20 09:51:38.629000,422.2037995507765,11
2024-09-20 09:51:38.753000,422.2184586842949,102
2024-09-20 09:51:38.951000,422.229964081784,15
2024-09-20 09:51:39.009000,422.2276314739676,10
2024-09-20 09:51:39.024000,422.2264468962841,998
2024-09-20 09:51:39.207000,422.2307453506287,1005
2024-09-20 09:51:39.371000,422.2199024330764,6
2024-09-20 09:51:39.902000,422.2377146520155,95
2024-09-20 09:51:40.068000,422.24396907318953,15
2024-09-20 09:51:40.090000,422.1999367495048,11
2024-09-20 09:51:40.129000,422.18991843832,998
2024-09-20 09:51:40.157000,422.2020651128324,10
2024-09-20 09:51:40.214000,422.2216151114027,1001
2024-09-20 09:51:40.256000,422.2051111231424,101
2024-09-20 09:51:40.261000,422.209326434506,15
2024-09-20 09:51:40.317000,422.2067969216674,999
2024-09-20 09:51:40.357000,422.2126171534429,97
2024-09-20 09:51:40.384000,422.22958917441406,999
2024-09-20 09:51:40.385000,422.200421321761,1004
2024-09-20 09:51:40.399000,422.2361828352401,103
2024-09-20 09:51:40.435000,422.2144412011681,1004
2024-09-20 09:51:40.508000,422.211204974544,101
2024-09-20 09:51:40.514000,422.22439612740646,12
2024-09-20 09:51:40.613000,422.2572983578821,98
2024-09-20 09:51:40.726000,422.187834525629,998
2024-09-20 09:51:40.746000,422.1986673013728,102
2024-09-20 09:51:40.758000,422.2168498914042,1005
2024-09-20 09:51:40.780000,422.23696296468296,12
2024-09-20 09:51:40.804000,422.2326351668696,101
2024-09-20 09:51:40.846000,422.2024486058228,1004
2024-09-20 09:51:40.869000,422.1944546256786,104
2024-09-20 09:51:40.869000,422.1835317540102,1003
2024-09-20 09:51:40.870000,422.1937070756144,6
2024-09-20 09:51:40.878000,422.225046638974,1005
2024-09-20 09:51:40.889000,422.26339564395306,11
2024-09-20 09:51:40.992000,422.1964223924911,105
2024-09-20 09:51:41.001000,422.25651779263353,102
2024-09-20 09:51:41.003000,422.26344234019547,1004
2024-09-20 09:51:41.216000,422.2662688507579,998
2024-09-20 09:51:41.221000,422.2605906636364,995
2024-09-20 09:51:41.311000,422.2826936530173,996
2024-09-20 09:51:41.356000,422.2631129218688,998
2024-09-20 09:51:41.464000,422.24548112273885,12
2024-09-20 09:51:41.468000,422.2621331559198,5
2024-09-20 09:51:41.504000,422.2454699357602,11
2024-09-20 09:51:41.564000,422.2545142981335,6
2024-09-20 09:51:41.648000,422.2585992195165,98
2024-09-20 09:51:41.812000,422.2601812300091,12
2024-09-20 09:51:41.952000,422.2844203473955,98
2024-09-20 09:51:41.987000,422.251283709816,996
2024-09-20 09:51:42.117000,422.2314948419432,1001
2024-09-20 09:51:42.215000,422.2408961290092,1004
2024-09-20 09:51:42.477000,422.2416495855723,995
2024-09-20 09:51:42.517000,422.233058927486,9
2024-09-20 09:51:42.612000,422.2395510124278,13
2024-09-20 09:51:42.952000,422.2252949588124,100
2024-09-20 09:51:42.984000,422.2384838729077,1005
2024-09-20 09:51:43.027000,422.2424944473559,1002
2024-09-20 09:51:43.285000,422.2233455015341,13
2024-09-20 09:51:44.026000,422.2405011753126,98
2024-09-20 09:51:44.033000,422.251056807538,999
2024-09-20 09:51:44.038000,422.209999396716,1001
2024-09-20 09:51:44.088000,422.2623016697286,9
2024-09-20 09:51:44.093000,422.2297663311526,1004
2024-09-20 09:51:44.130000,422.2609038676257,996
2024-09-20 09:51:44.157000,422.2089066653213,999
2024-09-20 09:51:44.220000,422.2184536216972,104
2024-09-20 09:51:44.224000,422.2529708302372,95
2024-09-20 09:51:44.261000,422.2180044445472,95
2024-09-20 09:51:44.319000,422.25311195316,5
2024-09-20 09:51:44.321000,422.22093649400347,96
2024-09-20 09:51:44.359000,422.2619866078395,10
2024-09-20 09:51:44.363000,422.2197157236028,102
2024-09-20 09:51:44.450000,422.2202065363059,1001
2024-09-20 09:51:44.453000,422.2600133521253,1005
2024-09-20 09:51:44.502000,422.259781409303,103
2024-09-20 09:51:44.510000,422.2105302081032,104
2024-09-20 09:51:44.562000,422.2431605632194,15
2024-09-20 09:51:44.569000,422.22702246308967,5
2024-09-20 09:51:44.576000,422.2598489598347,104
2024-09-20 09:51:44.664000,422.23231629094016,1001
2024-09-20 09:51:44.715000,422.2632614968896,12
2024-09-20 09:51:44.751000,422.2136211383518,13
2024-09-20 09:51:44.787000,422.1960390010837,1000
2024-09-20 09:51:44.790000,422.22151740084433,13
2024-09-20 09:51:44.866000,422.2212244357563,1002
2024-09-20 09:51:44.913000,422.2190156862611,8
2024-09-20 09:51:44.937000,422.2148441538791,997
2024-09-20 09:51:45.004000,422.11376570800303,1001
2024-09-20 09:51:45.059000,422.19315862186886,995
2024-09-20 09:51:45.063000,422.2801668816898,10
2024-09-20 09:51:45.068000,422.2844223287567,998
2024-09-20 09:51:45.081000,422.13959967012937,99
2024-09-20 09:51:45.104000,422.2909538839115,10
2024-09-20 09:51:45.112000,422.1677951444861,1001
2024-09-20 09:51:45.148000,422.22642650591615,103
2024-09-20 09:51:45.183000,422.2790736890452,103
2024-09-20 09:51:45.210000,422.1933910034456,10
2024-09-20 09:51:45.226000,422.28052708061375,1004
2024-09-20 09:51:45.228000,422.1185471906077,8
2024-09-20 09:51:45.235000,422.1373425593699,104
2024-09-20 09:51:45.302000,422.24174573986494,14
2024-09-20 09:51:45.307000,422.172404235988,7
2024-09-20 09:51:45.312000,422.153772813477,15
2024-09-20 09:51:45.323000,422.23921312378405,995
2024-09-20 09:51:45.466000,422.13688856474096,96
2024-09-20 09:51:45.467000,422.11780369507886,1004
2024-09-20 09:51:45.485000,422.20804320837647,997
2024-09-20 09:51:45.495000,422.1795019711088,9
2024-09-20 09:51:45.515000,422.1070371941353,1001
2024-09-20 09:51:45.558000,422.1372540921359,1003
2024-09-20 09:51:45.609000,422.1410180650515,103
2024-09-20 09:51:45.721000,422.13521474692845,100
2024-09-20 09:51:45.779000,422.23620631250895,97
2024-09-20 09:51:45.900000,422.16727212936775,104
2024-09-20 09:51:45.912000,422.1288201834528,100
2024-09-20 09:51:45.943000,422.17824003881526,97
2024-09-20 09:51:45.977000,422.11990340156814,8
2024-09-20 09:51:46.010000,422.1148715088073,96
2024-09-20 09:51:46.040000,422.079812026127,10
2024-09-20 09:51:46.223000,422.14692192861344,102
2024-09-20 09:51:46.458000,422.09942510948974,12
2024-09-20 09:51:46.582000,422.13517631011945,8
2024-09-20 09:51:46.605000,422.0979450347231,97
2024-09-20 09:51:46.666000,422.082370377755,9
2024-09-20 09:51:46.930000,422.1308037518666,13
2024-09-20 09:51:46.940000,422.1008357548956,9
2024-09-20 09:51:47.065000,422.0494650945811,9
2024-09-20 09:51:47.166000,422.0456160124618,996
2024-09-20 09:51:47.178000,422.04148530149575,10
2024-09-20 09:51:47.247000,421.9830493453349,997
2024-09-20 09:51:47.260000,422.0304864576904,1003
2024-09-20 09:51:47.285000,422.0563641625061,1004
2024-09-20 09:51:47.305000,422.0220278388117,999
2024-09-20 09:51:47.311000,422.0825921542105,995
2024-09-20 09:51:47.334000,422.0291015101548,9
2024-09-20 09:51:47.354000,422.0115093526762,98
2024-09-20 09:51:47.415000,422.05538643109145,997
2024-09-20 09:51:47.449000,422.0471160021616,100
2024-09-20 09:51:47.522000,421.97956239452304,1005
2024-09-20 09:51:47.536000,421.9803294461632,9
2024-09-20 09:51:47.561000,422.044021059308,999
2024-09-20 09:51:47.563000,422.0185036679633,8
2024-09-20 09:51:47.601000,422.0755512629752,104
2024-09-20 09:51:47.645000,421.99555643707686,98
2024-09-20 09:51:47.647000,422.024479728916,11
2024-09-20 09:51:47.744000,422.023751625792,6
2024-09-20 09:51:47.774000,421.96977865647096,1002
2024-09-20 09:51:47.783000,422.0236780260537,96
2024-09-20 09:51:47.821000,422.0193513436394,100
2024-09-20 09:51:47.863000,421.99499793516736,101
2024-09-20 09:51:47.917000,421.98026449185954,7
2024-09-20 09:51:48.024000,421.9801251834214,996
2024-09-20 09:51:48.069000,421.93075627181247,11
2024-09-20 09:51:48.265000,421.944230635495,1003
2024-09-20 09:51:48.329000,421.9430815787352,100
2024-09-20 09:51:48.373000,421.9645435288497,96
2024-09-20 09:51:48.536000,421.9408774791536,6
2024-09-20 09:51:48.611000,421.9318793193035,14
2024-09-20 09:51:48.739000,421.9601045320799,5
2024-09-20 09:51:49.137000,421.9366502722132,96
2024-09-20 09:51:49.203000,421.9237280700658,102
2024-09-20 09:51:49.206000,421.91974760741584,102
2024-09-20 09:51:49.230000,421.91666349401055,104
2024-09-20 09:51:49.230000,421.91979942574864,1000
2024-09-20 09:51:49.307000,421.9985332130433,101
2024-09-20 09:51:49.480000,421.9610802313019,999
2024-09-20 09:51:49.504000,421.9323365533604,1003
2024-09-20 09:51:49.523000,421.9370371363553,995
2024-09-20 09:51:49.528000,421.9400416664592,999
2024-09-20 09:51:49.562000,421.9841410465645,6
2024-09-20 09:51:49.586000,421.9093453621892,13
2024-09-20 09:51:49.726000,421.9167062797839,1004
2024-09-20 09:51:49.781000,421.9292356882036,98
2024-09-20 09:51:49.833000,421.9252924923505,14
2024-09-20 09:51:49.859000,421.9950999232384,1005
2024-09-20 09:51:49.869000,421.93410168823823,11
2024-09-20 09:51:49.871000,421.9604547716483,9
2024-09-20 09:51:49.930000,421.9330487438571,8
2024-09-20 09:51:49.958000,421.91258748125335,996
2024-09-20 09:51:50.037000,421.9398716682771,105
2024-09-20 09:51:50.140000,421.9598140338813,7
2024-09-20 09:51:50.265000,421.9536459371215,998
2024-09-20 09:51:50.308000,421.8967264612989,995
2024-09-20 09:51:50.359000,421.9305770194935,1004
2024-09-20 09:51:50.378000,421.9583420985147,1002
2024-09-20 09:51:50.450000,421.9446238846912,1005
2024-09-20 09:51:50.507000,421.9162251396245,12
2024-09-20 09:51:50.515000,421.9347259490369,1004
2024-09-20 09:51:50.620000,421.94317203875823,97
2024-09-20 09:51:50.651000,421.9229221047338,10
2024-09-20 09:51:50.707000,421.93651242698127,11
2024-09-20 09:51:50.723000,421.9398908921866,97
2024-09-20 09:51:50.736000,421.93409877626345,97
2024-09-20 09:51:50.787000,421.9496581297282,105
2024-09-20 09:51:50.915000,421.9288134272091,96
2024-09-20 09:51:50.920000,421.9534644643285,103
2024-09-20 09:51:50.960000,421.9262344172385,1000
2024-09-20 09:51:51.042000,421.9217788525907,15
2024-09-20 09:51:51.049000,421.90936027536753,100
2024-09-20 09:51:51.081000,421.9149796357066,6
2024-09-20 09:51:51.175000,421.8666441073708,6
2024-09-20 09:51:51.253000,421.8898600800653,1000
2024-09-20 09:51:51.278000,421.8770015962807,98
2024-09-20 09:51:51.296000,421.8798910425217,1003
2024-09-20 09:51:51.451000,421.90650233484206,9
2024-09-20 09:51:51.455000,421.8931251498536,1002
2024-09-20 09:51:51.465000,421.897743788664,10
2024-09-20 09:51:51.486000,421.8876721449718,6
2024-09-20 09:51:51.546000,421.8914682397518,15
2024-09-20 09:51:51.548000,421.8838697170083,10
2024-09-20 09:51:51.549000,421.878406510681,1003
2024-09-20 09:51:51.549000,421.8967655297287,12
2024-09-20 09:51:51.550000,421.90824789537777,998
2024-09-20 09:51:51.591000,421.9093588805529,996
2024-09-20 09:51:51.650000,421.8914351715606,8
2024-09-20 09:51:51.689000,421.94142429783983,98
2024-09-20 09:51:51.726000,421.9079865580032,103
2024-09-20 09:51:51.736000,421.890748329099,1001
2024-09-20 09:51:51.779000,421.8928147207881,1000
2024-09-20 09:51:51.822000,421.9037936373292,11
2024-09-20 09:51:51.866000,421.8968775647148,10
2024-09-20 09:51:51.914000,421.88442762062687,997
2024-09-20 09:51:51.938000,421.89092006941655,1005
2024-09-20 09:51:51.975000,421.8726144116541,98
2024-09-20 09:51:52.316000,421.87660657565385,103
2024-09-20 09:51:53.118000,421.848677492201,1005
2024-09-20 09:51:53.153000,421.8512714051087,10
2024-09-20 09:51:53.313000,421.8805600043576,995
2024-09-20 09:51:53.480000,421.8563409584501,11
2024-09-20 09:51:53.526000,421.8614286485503,105
2024-09-20 09:51:53.697000,421.8649874388865,1002
2024-09-20 09:51:53.824000,421.8799449677039,9
2024-09-20 09:51:53.885000,421.86066752634025,101
2024-09-20 09:51:55.105000,421.8769657289588,96
2024-09-20 09:51:55.138000,421.86176051243774,1001
2024-09-20 09:51:55.171000,421.8623331017097,95
2024-09-20 09:51:55.417000,421.8339796510074,96
2024-09-20 09:51:55.547000,421.88305362687015,10
2024-09-20 09:51:55.633000,421.8499146498979,98
2024-09-20 09:51:55.661000,421.842019509487,104
2024-09-20 09:51:55.794000,421.8926037936981,101
2024-09-20 09:51:55.880000,421.85710350263776,1004
2024-09-20 09:51:56.034000,421.9094583421472,1004
2024-09-20 09:51:56.067000,421.8953327378609,11
2024-09-20 09:51:56.089000,421.9041469892634,96
2024-09-20 09:51:56.202000,421.9206550209543,996
2024-09-20 09:51:56.212000,421.9121804196032,101
2024-09-20 09:51:56.300000,421.89533018585007,1001
2024-09-20 09:51:56.327000,421.9019754881323,996
2024-09-20 09:51:56.334000,421.9319068518621,7
2024-09-20 09:51:56.370000,421.8959900359031,8
2024-09-20 09:51:56.423000,421.923956934433,997
2024-09-20 09:51:56.495000,421.8975878443977,995
2024-09-20 09:51:56.566000,421.9026386093844,995
2024-09-20 09:51:56.665000,421.9145621714486,10
2024-09-20 09:51:56.669000,421.93875795832565,5
2024-09-20 09:51:56.674000,421.92632220930267,7
2024-09-20 09:51:56.711000,421.8783804557632,97
2024-09-20 09:51:56.718000,421.9288110379326,1004
2024-09-20 09:51:56.821000,421.9216761458677,7
2024-09-20 09:51:56.825000,421.9293226700538,104
2024-09-20 09:51:56.838000,421.919456081045,1001
2024-09-20 09:51:56.865000,421.8916718253394,1001
2024-09-20 09:51:56.875000,421.9083490326003,10
2024-09-20 09:51:56.936000,421.9074687269596,95
2024-09-20 09:51:56.962000,421.8930940687912,105
2024-09-20 09:51:56.996000,421.8974147171644,100
2024-09-20 09:51:57.155000,421.97254475526336,997
2024-09-20 09:51:57.232000,422.0081191871577,8
2024-09-20 09:51:57.260000,422.0087577049434,102
2024-09-20 09:51:57.289000,421.9522778837198,103
2024-09-20 09:51:57.316000,421.9103133207138,9
2024-09-20 09:51:57.340000,421.99310213179456,7
2024-09-20 09:51:57.475000,421.9943942099341,6
2024-09-20 09:51:57.507000,421.9053562055644,99
2024-09-20 09:51:57.539000,421.948976568942,998
2024-09-20 09:51:57.581000,421.963072575662,1002
2024-09-20 09:51:57.622000,421.9174140024574,98
2024-09-20 09:51:57.701000,421.95152155978894,8
2024-09-20 09:51:57.730000,421.9663240714642,14
2024-09-20 09:51:57.764000,421.908587879672,1004
2024-09-20 09:51:57.790000,421.95169378681743,6
2024-09-20 09:51:57.791000,421.9120192951732,101
2024-09-20 09:51:57.906000,421.9880565859822,95
2024-09-20 09:51:58.020000,421.9774488528925,102
2024-09-20 09:51:58.060000,421.95016794505824,1004
2024-09-20 09:51:58.074000,421.96124013469904,105
2024-09-20 09:51:58.088000,421.9921253701042,7
2024-09-20 09:51:58.150000,422.0040936108681,1003
2024-09-20 09:51:58.152000,421.9479601889693,7
2024-09-20 09:51:58.164000,421.93189803105946,103
2024-09-20 09:51:58.177000,421.99398648418185,997
2024-09-20 09:51:58.203000,421.96326279752526,7
2024-09-20 09:51:58.281000,421.983050886439,996
2024-09-20 09:51:58.324000,421.9978921750729,9
2024-09-20 09:51:58.373000,421.9375369826932,1001
2024-09-20 09:51:58.489000,422.01382588943005,1003
2024-09-20 09:51:58.520000,422.0111865724818,13
2024-09-20 09:51:58.674000,421.9705846124806,98
2024-09-20 09:51:58.720000,421.9783155794264,12
2024-09-20 09:51:58.783000,421.975077235866,14
2024-09-20 09:51:58.805000,421.9824082017559,15
2024-09-20 09:51:58.883000,421.9699160643351,98
2024-09-20 09:51:58.892000,421.9812437851603,100
2024-09-20 09:51:58.915000,422.0104915050206,96
2024-09-20 09:51:58.950000,421.9989098742479,102
