Timestamp,Price,Size
2024-09-16 14:22:00.325000,414.4314494136604,104
2024-09-16 14:22:00.451000,414.41925222015055,8
2024-09-16 14:22:00.602000,414.43533297402456,10
2024-09-16 14:22:00.615000,414.4422949482379,104
2024-09-16 14:22:00.914000,414.43510157325966,99
2024-09-16 14:22:00.942000,414.4068308393088,995
2024-09-16 14:22:00.980000,414.4462348504954,11
2024-09-16 14:22:01.002000,414.4254070691186,9
2024-09-16 14:22:01.145000,414.4576231204872,100
2024-09-16 14:22:01.192000,414.477909989553,105
2024-09-16 14:22:01.228000,414.46102299530094,99
2024-09-16 14:22:01.244000,414.4380676500919,8
2024-09-16 14:22:01.244000,414.4598217427511,1003
2024-09-16 14:22:01.257000,414.4489920313428,102
2024-09-16 14:22:01.280000,414.4411355399973,8
2024-09-16 14:22:01.306000,414.4595682463943,103
2024-09-16 14:22:01.352000,414.4521160656059,104
2024-09-16 14:22:01.358000,414.4140871427118,101
2024-09-16 14:22:01.377000,414.4402552924652,1002
2024-09-16 14:22:01.496000,414.4519903408468,100
2024-09-16 14:22:01.629000,414.4352606170563,1000
2024-09-16 14:22:01.716000,414.4214013726961,10
2024-09-16 14:22:01.767000,414.4411566050459,9
2024-09-16 14:22:01.822000,414.42384693363374,96
2024-09-16 14:22:01.929000,414.440621735969,1001
2024-09-16 14:22:02.086000,414.4973078549308,95
2024-09-16 14:22:02.108000,414.5846633486776,101
2024-09-16 14:22:02.115000,414.5759847131905,103
2024-09-16 14:22:02.144000,414.55886836855575,1005
2024-09-16 14:22:02.199000,414.5438339578007,102
2024-09-16 14:22:02.202000,414.5724848411002,5
2024-09-16 14:22:02.215000,414.5847422180396,997
2024-09-16 14:22:02.256000,414.5764400784906,95
2024-09-16 14:22:02.323000,414.4902948491492,1005
2024-09-16 14:22:02.335000,414.4921440308349,97
2024-09-16 14:22:02.346000,414.5098511686981,96
2024-09-16 14:22:02.422000,414.5748938130301,1001
2024-09-16 14:22:02.581000,414.56802746756654,105
2024-09-16 14:22:02.747000,414.58027977891766,101
2024-09-16 14:22:02.877000,414.5786274633635,1003
2024-09-16 14:22:02.878000,414.5419828170384,98
2024-09-16 14:22:02.884000,414.5006390490316,997
2024-09-16 14:22:02.903000,414.4934522652657,15
2024-09-16 14:22:02.935000,414.58007301766446,995
2024-09-16 14:22:02.990000,414.5814143997023,10
2024-09-16 14:22:03.032000,414.5614449028826,995
2024-09-16 14:22:03.113000,414.4716943182568,102
2024-09-16 14:22:03.206000,414.55860780246377,14
2024-09-16 14:22:03.218000,414.5263595502629,10
2024-09-16 14:22:03.263000,414.5220983369378,103
2024-09-16 14:22:03.333000,414.5482045544237,8
2024-09-16 14:22:03.342000,414.5267841828589,100
2024-09-16 14:22:03.418000,414.4804154925089,1001
2024-09-16 14:22:03.464000,414.5471225631945,1001
2024-09-16 14:22:03.501000,414.55412972157535,11
2024-09-16 14:22:03.510000,414.5567319829527,997
2024-09-16 14:22:03.518000,414.4572027556482,995
2024-09-16 14:22:03.567000,414.5693200353576,8
2024-09-16 14:22:03.607000,414.5766043296514,995
2024-09-16 14:22:03.654000,414.4835011114109,997
2024-09-16 14:22:03.815000,414.5110269422008,1002
2024-09-16 14:22:03.910000,414.4562658484021,100
2024-09-16 14:22:04.598000,414.4451251853443,99
2024-09-16 14:22:05.089000,414.4884694101329,103
2024-09-16 14:22:05.095000,414.4497855656623,996
2024-09-16 14:22:05.111000,414.4864374591128,1004
2024-09-16 14:22:05.125000,414.4583006296148,1005
2024-09-16 14:22:05.132000,414.4595739677957,102
2024-09-16 14:22:05.185000,414.4855863824238,6
2024-09-16 14:22:05.244000,414.4441450994344,995
2024-09-16 14:22:05.353000,414.4714923789962,996
2024-09-16 14:22:05.361000,414.5035817012728,13
2024-09-16 14:22:05.378000,414.50007847122106,97
2024-09-16 14:22:05.457000,414.504191169032,105
2024-09-16 14:22:05.795000,414.4804087595976,10
2024-09-16 14:22:05.848000,414.5026651847722,104
2024-09-16 14:22:05.856000,414.4655779637811,1001
2024-09-16 14:22:05.868000,414.46033143351326,105
2024-09-16 14:22:06.143000,414.5097293802924,1003
2024-09-16 14:22:06.241000,414.5202502176052,97
2024-09-16 14:22:06.292000,414.4965373231197,102
2024-09-16 14:22:06.315000,414.5402123674288,6
2024-09-16 14:22:06.546000,414.5285340601491,99
2024-09-16 14:22:06.607000,414.552849863504,15
2024-09-16 14:22:06.799000,414.511180561291,5
2024-09-16 14:22:06.915000,414.5258374539394,996
2024-09-16 14:22:06.947000,414.5165076494663,14
2024-09-16 14:22:06.955000,414.5285935547254,99
2024-09-16 14:22:07.222000,414.5193594729205,103
2024-09-16 14:22:07.540000,414.53079899451234,105
2024-09-16 14:22:07.554000,414.5594408801022,9
2024-09-16 14:22:07.564000,414.5404000473407,8
2024-09-16 14:22:07.636000,414.53429748553,14
2024-09-16 14:22:07.646000,414.5430906503812,1002
2024-09-16 14:22:07.723000,414.5533973046626,1004
2024-09-16 14:22:07.816000,414.51300893156326,998
2024-09-16 14:22:08.317000,414.5652263293152,102
2024-09-16 14:22:08.946000,414.5492824221367,1001
2024-09-16 14:22:09.022000,414.56358010128696,1002
2024-09-16 14:22:09.099000,414.58616949258976,1003
2024-09-16 14:22:09.159000,414.5736385214535,1005
2024-09-16 14:22:09.208000,414.56083617695776,1001
2024-09-16 14:22:09.210000,414.5522216357295,6
2024-09-16 14:22:09.238000,414.57231614330175,95
2024-09-16 14:22:09.272000,414.5545503676979,97
2024-09-16 14:22:09.297000,414.5801776894789,1005
2024-09-16 14:22:09.384000,414.5450868078101,1002
2024-09-16 14:22:09.445000,414.4994411899152,998
2024-09-16 14:22:09.485000,414.5716978045388,998
2024-09-16 14:22:09.503000,414.5784451770028,5
2024-09-16 14:22:09.591000,414.5534872007909,96
2024-09-16 14:22:09.596000,414.5452159623215,5
2024-09-16 14:22:09.639000,414.53681800382543,13
2024-09-16 14:22:09.770000,414.562696699498,9
2024-09-16 14:22:09.805000,414.5566477541497,996
2024-09-16 14:22:09.847000,414.5636225209826,14
2024-09-16 14:22:09.869000,414.5738503905616,15
2024-09-16 14:22:09.982000,414.50946999615934,995
2024-09-16 14:22:10.069000,414.5728789669288,1004
2024-09-16 14:22:10.070000,414.5631451364287,100
2024-09-16 14:22:10.188000,414.52922031090856,1000
2024-09-16 14:22:10.190000,414.5292179619194,1002
2024-09-16 14:22:10.200000,414.5366078275972,105
2024-09-16 14:22:10.227000,414.5225796564033,1000
2024-09-16 14:22:10.240000,414.5390687120979,1001
2024-09-16 14:22:10.310000,414.545232523404,105
2024-09-16 14:22:10.333000,414.5339169852785,996
2024-09-16 14:22:10.341000,414.5802082381544,105
2024-09-16 14:22:10.358000,414.5616102397942,998
2024-09-16 14:22:10.413000,414.5307190981708,1002
2024-09-16 14:22:10.417000,414.5111165743924,97
2024-09-16 14:22:10.459000,414.51174033236896,996
2024-09-16 14:22:10.491000,414.53325693223167,105
2024-09-16 14:22:10.587000,414.5180983654806,1001
2024-09-16 14:22:10.600000,414.5367442571009,1001
2024-09-16 14:22:10.686000,414.5571548430521,10
2024-09-16 14:22:10.687000,414.5353863668438,997
2024-09-16 14:22:10.805000,414.5222933369192,11
2024-09-16 14:22:10.819000,414.5226207185048,8
2024-09-16 14:22:10.876000,414.53510573839446,996
2024-09-16 14:22:10.966000,414.5818221551258,10
2024-09-16 14:22:11.052000,414.5434335547292,1003
2024-09-16 14:22:11.063000,414.55678696217257,1002
2024-09-16 14:22:11.082000,414.5449577601318,9
2024-09-16 14:22:11.180000,414.5580365689351,11
2024-09-16 14:22:11.294000,414.5537433891757,1002
2024-09-16 14:22:11.314000,414.53517232356006,11
2024-09-16 14:22:11.407000,414.5551965828741,10
2024-09-16 14:22:11.422000,414.5543595012376,1001
2024-09-16 14:22:11.551000,414.54579411993166,6
2024-09-16 14:22:11.588000,414.5944078334401,96
2024-09-16 14:22:11.594000,414.5492094319276,105
2024-09-16 14:22:11.657000,414.5460493580651,996
2024-09-16 14:22:11.664000,414.57661538504897,997
2024-09-16 14:22:11.732000,414.5983419440584,96
2024-09-16 14:22:11.772000,414.56202081567295,997
2024-09-16 14:22:11.801000,414.5756050878642,995
2024-09-16 14:22:11.803000,414.5507726844181,105
2024-09-16 14:22:11.849000,414.5475139660001,996
2024-09-16 14:22:11.893000,414.6046438868654,96
2024-09-16 14:22:11.981000,414.5977933072882,102
2024-09-16 14:22:12.034000,414.62145575502376,1001
2024-09-16 14:22:12.055000,414.62780731915575,998
2024-09-16 14:22:12.079000,414.5976110309356,98
2024-09-16 14:22:12.111000,414.6611044621055,104
2024-09-16 14:22:12.173000,414.6522715904832,1001
2024-09-16 14:22:12.222000,414.63577864445045,10
2024-09-16 14:22:12.236000,414.677247971444,997
2024-09-16 14:22:12.268000,414.6688857911415,7
2024-09-16 14:22:12.269000,414.6462149032456,8
2024-09-16 14:22:12.293000,414.650370652517,1002
2024-09-16 14:22:12.352000,414.6114127463965,996
2024-09-16 14:22:12.373000,414.63738364849246,998
2024-09-16 14:22:12.414000,414.5735850872369,95
2024-09-16 14:22:12.449000,414.5784203559968,1004
2024-09-16 14:22:12.474000,414.6688396665554,1001
2024-09-16 14:22:12.522000,414.67395248604726,104
2024-09-16 14:22:12.528000,414.6025127815713,5
2024-09-16 14:22:12.618000,414.5620915919828,996
2024-09-16 14:22:12.631000,414.6221622648162,100
2024-09-16 14:22:12.745000,414.6415615314969,1005
2024-09-16 14:22:12.803000,414.6288284964983,96
2024-09-16 14:22:12.819000,414.6611073289949,97
2024-09-16 14:22:12.862000,414.65833820982175,7
2024-09-16 14:22:12.890000,414.6743458154034,105
2024-09-16 14:22:12.910000,414.62678473852736,996
2024-09-16 14:22:12.932000,414.65375381452594,96
2024-09-16 14:22:12.973000,414.669762088845,8
2024-09-16 14:22:13.007000,414.74905333160496,1002
2024-09-16 14:22:13.035000,414.6778970056482,7
2024-09-16 14:22:13.089000,414.7513364770289,1002
2024-09-16 14:22:13.120000,414.6608152755473,12
2024-09-16 14:22:13.171000,414.7711287814861,98
2024-09-16 14:22:13.215000,414.6964475442558,1004
2024-09-16 14:22:13.222000,414.66679494580256,1002
2024-09-16 14:22:13.225000,414.661697616199,5
2024-09-16 14:22:13.257000,414.6613378013941,12
2024-09-16 14:22:13.334000,414.74094927539545,7
2024-09-16 14:22:13.381000,414.7772740449522,1002
2024-09-16 14:22:13.434000,414.6766740668032,997
2024-09-16 14:22:13.486000,414.7207300627698,6
2024-09-16 14:22:13.703000,414.74640075370326,10
2024-09-16 14:22:13.705000,414.6708361543845,995
2024-09-16 14:22:13.718000,414.6678196573152,14
2024-09-16 14:22:13.761000,414.75645562282256,998
2024-09-16 14:22:13.764000,414.6485351845237,12
2024-09-16 14:22:13.815000,414.7688372828321,999
2024-09-16 14:22:13.822000,414.6492639701042,97
2024-09-16 14:22:13.866000,414.7575857956343,1002
2024-09-16 14:22:13.879000,414.6844918647367,101
2024-09-16 14:22:13.888000,414.7156856846142,7
2024-09-16 14:22:13.897000,414.6504676958264,996
2024-09-16 14:22:13.977000,414.6901092324738,1003
2024-09-16 14:22:14.208000,414.732596226915,995
2024-09-16 14:22:14.861000,414.7337900339506,98
2024-09-16 14:22:14.881000,414.73697797283694,10
2024-09-16 14:22:15.018000,414.7393370616333,998
2024-09-16 14:22:15.068000,414.74437316596544,5
2024-09-16 14:22:15.070000,414.7178655526776,13
2024-09-16 14:22:15.080000,414.729421028184,102
2024-09-16 14:22:15.104000,414.7752980749517,12
2024-09-16 14:22:15.212000,414.7490465322616,95
2024-09-16 14:22:15.239000,414.7474500442094,100
2024-09-16 14:22:15.260000,414.7670931557207,102
2024-09-16 14:22:15.270000,414.74233047855296,13
2024-09-16 14:22:15.281000,414.7247540735761,996
2024-09-16 14:22:15.282000,414.73511027113256,1001
2024-09-16 14:22:15.359000,414.7180449461398,1003
2024-09-16 14:22:15.361000,414.7599824109973,7
2024-09-16 14:22:15.413000,414.7247801208867,996
2024-09-16 14:22:15.461000,414.7692663277512,1001
2024-09-16 14:22:15.495000,414.7392846376684,98
2024-09-16 14:22:15.527000,414.77341789994335,1004
2024-09-16 14:22:15.557000,414.750616536118,98
2024-09-16 14:22:15.649000,414.73012635905246,995
2024-09-16 14:22:15.814000,414.7648432958021,8
2024-09-16 14:22:15.880000,414.7369704620764,6
2024-09-16 14:22:15.921000,414.768634315152,6
2024-09-16 14:22:15.923000,414.7469173766681,8
2024-09-16 14:22:15.950000,414.73012122174026,105
2024-09-16 14:22:15.990000,414.73246125066953,6
2024-09-16 14:22:16.009000,414.73109876926327,98
2024-09-16 14:22:17.043000,414.7146651627732,99
2024-09-16 14:22:17.055000,414.6996390569295,14
2024-09-16 14:22:17.069000,414.685875257157,100
2024-09-16 14:22:17.214000,414.7054990154864,1002
2024-09-16 14:22:17.701000,414.7284050385101,14
2024-09-16 14:22:17.830000,414.7148298092984,995
2024-09-16 14:22:17.921000,414.70543591831,1001
2024-09-16 14:22:18.095000,414.66406123646783,6
2024-09-16 14:22:18.097000,414.6403638488573,11
2024-09-16 14:22:18.195000,414.7057978106426,100
2024-09-16 14:22:18.567000,414.6456856567425,1004
2024-09-16 14:22:18.593000,414.68509824550966,105
2024-09-16 14:22:18.616000,414.65578467107633,98
2024-09-16 14:22:18.680000,414.6501963523142,5
2024-09-16 14:22:18.719000,414.62838192939086,1002
2024-09-16 14:22:19.126000,414.62171641337886,1000
2024-09-16 14:22:19.130000,414.6476293295364,98
2024-09-16 14:22:19.151000,414.6343343976979,1004
2024-09-16 14:22:19.181000,414.63224552292775,96
2024-09-16 14:22:19.191000,414.6307174658837,101
2024-09-16 14:22:19.245000,414.6418880751978,6
2024-09-16 14:22:19.281000,414.62148836738857,998
2024-09-16 14:22:19.334000,414.6459726856699,11
2024-09-16 14:22:19.690000,414.62868336281525,1003
2024-09-16 14:22:19.714000,414.6267082192691,15
2024-09-16 14:22:19.750000,414.622137197652,1005
2024-09-16 14:22:19.788000,414.6265454954506,102
2024-09-16 14:22:19.811000,414.6346324698802,998
2024-09-16 14:22:19.923000,414.6377050514541,999
2024-09-16 14:22:20.001000,414.73719835903296,996
2024-09-16 14:22:20.017000,414.71775815416106,1005
2024-09-16 14:22:20.045000,414.708794444076,1003
2024-09-16 14:22:20.065000,414.6484276574616,1000
2024-09-16 14:22:20.086000,414.69994598754965,14
2024-09-16 14:22:20.132000,414.7136428678379,1002
2024-09-16 14:22:20.215000,414.7067790572061,14
2024-09-16 14:22:20.233000,414.6661403404549,10
2024-09-16 14:22:20.240000,414.7203772656101,997
2024-09-16 14:22:20.341000,414.718081269082,1003
2024-09-16 14:22:20.343000,414.7051965084144,95
2024-09-16 14:22:20.345000,414.6959873973182,1005
2024-09-16 14:22:20.349000,414.6931233944912,1001
2024-09-16 14:22:20.501000,414.7169435033849,8
2024-09-16 14:22:20.575000,414.7033355612298,104
2024-09-16 14:22:20.579000,414.6814871602582,98
2024-09-16 14:22:20.626000,414.71250236661183,1005
2024-09-16 14:22:20.776000,414.7070240199137,11
2024-09-16 14:22:20.928000,414.6995055300347,1005
2024-09-16 14:22:20.937000,414.7088044847184,6
2024-09-16 14:22:20.947000,414.6711769696706,101
2024-09-16 14:22:20.950000,414.64280911472537,103
2024-09-16 14:22:21.006000,414.7187294274319,1002
2024-09-16 14:22:21.166000,414.68533015401056,102
2024-09-16 14:22:21.232000,414.6905776327261,101
2024-09-16 14:22:21.279000,414.7282202497702,1000
2024-09-16 14:22:21.510000,414.7226512175575,9
2024-09-16 14:22:21.539000,414.7283747882372,102
2024-09-16 14:22:21.759000,414.73753776806456,998
2024-09-16 14:22:21.776000,414.7025984218331,996
2024-09-16 14:22:21.900000,414.7068232261968,998
2024-09-16 14:22:21.945000,414.7449876705892,999
2024-09-16 14:22:22.136000,414.6935232307453,995
2024-09-16 14:22:22.181000,414.6789359896106,997
2024-09-16 14:22:22.206000,414.7539503078127,1003
2024-09-16 14:22:22.233000,414.656082553686,998
2024-09-16 14:22:22.357000,414.7177467216649,6
2024-09-16 14:22:22.364000,414.7379231607258,1001
2024-09-16 14:22:22.402000,414.744606691784,1002
2024-09-16 14:22:22.453000,414.6790551237826,6
2024-09-16 14:22:22.521000,414.70870436184936,15
2024-09-16 14:22:22.523000,414.7137429036655,1005
2024-09-16 14:22:22.533000,414.7364501287972,100
2024-09-16 14:22:22.598000,414.7345107093167,12
2024-09-16 14:22:22.606000,414.7157149724434,996
2024-09-16 14:22:22.735000,414.7090894215042,103
2024-09-16 14:22:22.744000,414.7516691902232,14
2024-09-16 14:22:22.791000,414.720974033356,101
2024-09-16 14:22:22.814000,414.7205706130915,103
2024-09-16 14:22:23.023000,414.6383295598024,13
2024-09-16 14:22:23.031000,414.60931014518286,998
2024-09-16 14:22:23.139000,414.6263964017951,998
2024-09-16 14:22:23.139000,414.6070785218048,13
2024-09-16 14:22:23.182000,414.6027460778544,102
2024-09-16 14:22:23.189000,414.6164569140647,12
2024-09-16 14:22:23.305000,414.6154068004923,10
2024-09-16 14:22:23.358000,414.6546540883055,11
2024-09-16 14:22:23.428000,414.62976791362655,1001
2024-09-16 14:22:23.496000,414.6613201769164,99
2024-09-16 14:22:23.529000,414.62437805863937,13
2024-09-16 14:22:23.606000,414.6175582249965,996
2024-09-16 14:22:23.611000,414.6104879918205,13
2024-09-16 14:22:23.723000,414.6678428621529,1002
2024-09-16 14:22:23.796000,414.6526326258252,8
2024-09-16 14:22:23.823000,414.610742983821,11
2024-09-16 14:22:23.828000,414.61486583463,11
2024-09-16 14:22:23.846000,414.6576446414026,11
2024-09-16 14:22:23.856000,414.6159076881424,1004
2024-09-16 14:22:23.876000,414.6137752409301,1004
2024-09-16 14:22:23.931000,414.6636941731898,14
2024-09-16 14:22:24.058000,414.6045968477876,997
2024-09-16 14:22:24.079000,414.61713823149006,104
2024-09-16 14:22:24.174000,414.63152000347554,14
2024-09-16 14:22:24.410000,414.62000215642286,7
2024-09-16 14:22:24.427000,414.5911150103797,1003
2024-09-16 14:22:24.456000,414.604806675392,97
2024-09-16 14:22:24.606000,414.6172053977674,6
2024-09-16 14:22:24.709000,414.6391631872409,998
2024-09-16 14:22:24.735000,414.6234290316747,103
2024-09-16 14:22:24.790000,414.6046256925762,103
2024-09-16 14:22:24.840000,414.6182905548861,999
2024-09-16 14:22:24.895000,414.6070548433594,101
2024-09-16 14:22:24.899000,414.6124488647479,996
2024-09-16 14:22:25.002000,414.6342910757282,99
2024-09-16 14:22:25.111000,414.627172227745,101
2024-09-16 14:22:25.467000,414.6131777412894,12
2024-09-16 14:22:25.533000,414.6156497849676,1002
2024-09-16 14:22:25.778000,414.6275971566971,997
2024-09-16 14:22:25.880000,414.6337891853806,97
2024-09-16 14:22:25.980000,414.5965653647636,7
2024-09-16 14:22:26.044000,414.5832920726471,1000
2024-09-16 14:22:26.191000,414.57469064844713,103
2024-09-16 14:22:26.270000,414.6045007064581,15
2024-09-16 14:22:26.292000,414.5845997966476,10
2024-09-16 14:22:26.304000,414.58146981734296,12
2024-09-16 14:22:26.386000,414.5996734051298,96
2024-09-16 14:22:26.469000,414.6040749994236,104
2024-09-16 14:22:26.618000,414.61841185109006,1004
2024-09-16 14:22:26.670000,414.5992054199767,95
2024-09-16 14:22:26.695000,414.59930789817,1001
2024-09-16 14:22:26.717000,414.6234427171743,998
2024-09-16 14:22:26.738000,414.6219607786694,13
2024-09-16 14:22:26.742000,414.63940117194295,101
2024-09-16 14:22:26.770000,414.6362233511312,1001
2024-09-16 14:22:26.800000,414.5938368520812,1004
2024-09-16 14:22:26.832000,414.6022306568516,7
2024-09-16 14:22:26.855000,414.6012000984511,5
2024-09-16 14:22:26.872000,414.610390979859,5
2024-09-16 14:22:26.876000,414.6111324325255,102
2024-09-16 14:22:26.896000,414.6002996442565,98
2024-09-16 14:22:26.976000,414.5882014147221,15
2024-09-16 14:22:27.048000,414.60645677905774,997
2024-09-16 14:22:27.122000,414.57258201999366,12
2024-09-16 14:22:27.137000,414.60273657590375,1005
2024-09-16 14:22:27.159000,414.584344944131,1001
2024-09-16 14:22:27.307000,414.58473091763966,8
2024-09-16 14:22:27.390000,414.5855408705024,98
2024-09-16 14:22:27.475000,414.59993343233646,102
2024-09-16 14:22:27.650000,414.5751492674163,5
2024-09-16 14:22:27.707000,414.5854822122049,97
2024-09-16 14:22:27.739000,414.579318344898,8
2024-09-16 14:22:27.790000,414.57050152159735,100
2024-09-16 14:22:27.830000,414.5692396995937,995
2024-09-16 14:22:27.879000,414.6079326095024,5
2024-09-16 14:22:27.929000,414.611137722098,105
2024-09-16 14:22:28.004000,414.5451454846743,8
2024-09-16 14:22:28.024000,414.6177504529247,11
2024-09-16 14:22:28.046000,414.5713561916274,103
2024-09-16 14:22:28.174000,414.561417069088,1003
2024-09-16 14:22:28.185000,414.56670985647327,96
2024-09-16 14:22:28.306000,414.5815395790135,1003
2024-09-16 14:22:28.338000,414.5683454068447,11
2024-09-16 14:22:28.400000,414.5745365839729,997
2024-09-16 14:22:28.404000,414.6259325556856,5
2024-09-16 14:22:28.457000,414.5820930115436,13
2024-09-16 14:22:28.565000,414.5742614479549,5
2024-09-16 14:22:28.615000,414.6265623044475,1001
2024-09-16 14:22:28.731000,414.58286981490335,996
2024-09-16 14:22:28.809000,414.6089626026334,6
2024-09-16 14:22:28.858000,414.5442336101147,1001
2024-09-16 14:22:29.066000,414.7245799390169,998
2024-09-16 14:22:29.143000,414.77820481753264,96
2024-09-16 14:22:29.230000,414.6771455687343,100
2024-09-16 14:22:29.264000,414.7141594108979,1004
2024-09-16 14:22:29.280000,414.6981129926704,1003
2024-09-16 14:22:29.336000,414.70615555664375,104
2024-09-16 14:22:29.348000,414.633961938075,103
2024-09-16 14:22:29.360000,414.6940031784999,999
2024-09-16 14:22:29.387000,414.77186365976814,97
2024-09-16 14:22:29.435000,414.7410539474051,12
2024-09-16 14:22:29.446000,414.6819137814017,14
2024-09-16 14:22:29.570000,414.6341834329221,997
2024-09-16 14:22:29.619000,414.6991567433817,98
2024-09-16 14:22:29.642000,414.6368863698623,1002
2024-09-16 14:22:29.663000,414.7304801453205,10
2024-09-16 14:22:29.825000,414.69618157271054,995
2024-09-16 14:22:29.916000,414.718899780273,11
2024-09-16 14:22:29.949000,414.6365207495887,98
2024-09-16 14:22:29.962000,414.7382648957618,7
2024-09-16 14:22:29.982000,414.7541742743744,1001
2024-09-16 14:22:30.019000,414.77467471310666,101
2024-09-16 14:22:30.029000,414.7520457834743,5
2024-09-16 14:22:30.057000,414.7568983441285,13
2024-09-16 14:22:30.075000,414.7758653303279,99
2024-09-16 14:22:30.101000,414.7694458069034,98
2024-09-16 14:22:30.165000,414.751437335928,14
2024-09-16 14:22:30.469000,414.7546063123201,996
2024-09-16 14:22:30.500000,414.7793729980103,102
2024-09-16 14:22:30.542000,414.7762443333944,5
2024-09-16 14:22:30.550000,414.768279468138,6
2024-09-16 14:22:30.615000,414.7670703556392,98
2024-09-16 14:22:30.674000,414.78073306395066,1003
2024-09-16 14:22:30.715000,414.7542145720757,999
2024-09-16 14:22:30.759000,414.7757913085773,1000
2024-09-16 14:22:30.770000,414.7780750002945,13
2024-09-16 14:22:30.848000,414.7936764054044,11
2024-09-16 14:22:31.017000,414.7750918893191,11
2024-09-16 14:22:31.074000,414.7559651175648,1005
2024-09-16 14:22:31.406000,414.7596812665316,105
2024-09-16 14:22:31.653000,414.764260053704,100
2024-09-16 14:22:31.793000,414.74720191752334,8
2024-09-16 14:22:32.024000,414.7739220108329,7
2024-09-16 14:22:32.042000,414.7528867872899,995
2024-09-16 14:22:32.053000,414.7467503133052,996
2024-09-16 14:22:32.124000,414.7446920059616,1000
2024-09-16 14:22:32.132000,414.7665028314744,13
2024-09-16 14:22:32.208000,414.7396994200513,15
2024-09-16 14:22:32.310000,414.7167448311656,105
2024-09-16 14:22:32.323000,414.7106400497897,100
2024-09-16 14:22:32.370000,414.7515196754093,102
2024-09-16 14:22:32.416000,414.737039289195,95
2024-09-16 14:22:32.441000,414.741943830648,100
2024-09-16 14:22:32.507000,414.7527813854157,7
2024-09-16 14:22:32.573000,414.7372841895304,99
2024-09-16 14:22:32.607000,414.778825319471,98
2024-09-16 14:22:32.640000,414.7334699878535,100
2024-09-16 14:22:32.701000,414.7523874587603,11
2024-09-16 14:22:32.802000,414.7359244868823,11
2024-09-16 14:22:32.822000,414.72902938539056,13
2024-09-16 14:22:32.861000,414.75998480071473,105
2024-09-16 14:22:32.863000,414.743104156372,104
2024-09-16 14:22:32.905000,414.745937882154,6
2024-09-16 14:22:32.979000,414.7505818666487,6
2024-09-16 14:22:33.006000,414.747142466329,7
2024-09-16 14:22:33.048000,414.7846527428656,998
2024-09-16 14:22:33.059000,414.762353426499,996
2024-09-16 14:22:33.130000,414.6860188350705,7
2024-09-16 14:22:33.165000,414.77279419452617,11
2024-09-16 14:22:33.221000,414.7637696247272,1004
2024-09-16 14:22:33.252000,414.6636076764641,9
2024-09-16 14:22:33.258000,414.7454782960541,1000
2024-09-16 14:22:33.335000,414.6988709841117,999
2024-09-16 14:22:33.362000,414.72467596319694,13
2024-09-16 14:22:33.505000,414.694151537056,1001
2024-09-16 14:22:33.509000,414.74784672608246,1000
2024-09-16 14:22:33.531000,414.6856032008728,1005
2024-09-16 14:22:33.544000,414.7806914445376,998
2024-09-16 14:22:33.630000,414.754421718047,95
2024-09-16 14:22:33.655000,414.78619338334863,14
2024-09-16 14:22:33.680000,414.75480979909867,9
2024-09-16 14:22:33.752000,414.7561895067264,96
2024-09-16 14:22:33.784000,414.7613409827124,9
2024-09-16 14:22:33.801000,414.7195090393731,1001
2024-09-16 14:22:33.832000,414.6685292152802,9
2024-09-16 14:22:33.833000,414.6672651226966,95
2024-09-16 14:22:33.846000,414.68668962219016,14
2024-09-16 14:22:33.903000,414.72800217196783,103
2024-09-16 14:22:33.914000,414.7080765708521,5
2024-09-16 14:22:33.916000,414.69523305889777,99
2024-09-16 14:22:33.937000,414.6913018929624,5
2024-09-16 14:22:33.947000,414.7448162942394,997
2024-09-16 14:22:34.023000,414.7009965345068,97
2024-09-16 14:22:34.148000,414.7159906412239,103
2024-09-16 14:22:34.175000,414.7521902832283,100
2024-09-16 14:22:34.194000,414.7882802738964,97
2024-09-16 14:22:34.307000,414.7920020935704,1003
2024-09-16 14:22:34.322000,414.8135108037269,102
2024-09-16 14:22:34.367000,414.7826714688169,103
2024-09-16 14:22:34.408000,414.77542616655177,99
2024-09-16 14:22:34.529000,414.7891471694827,99
2024-09-16 14:22:34.560000,414.7838389732076,13
2024-09-16 14:22:34.642000,414.8039148267391,1004
2024-09-16 14:22:34.772000,414.79619225087686,6
2024-09-16 14:22:34.896000,414.7722403175164,105
2024-09-16 14:22:35.002000,414.7425141089579,1002
2024-09-16 14:22:35.031000,414.7523993957704,13
2024-09-16 14:22:35.323000,414.7463639807089,998
2024-09-16 14:22:35.451000,414.7555213658135,103
2024-09-16 14:22:35.474000,414.7990490489192,102
2024-09-16 14:22:35.560000,414.7085025296991,102
2024-09-16 14:22:35.571000,414.7134725229613,13
2024-09-16 14:22:35.574000,414.7635360023213,10
2024-09-16 14:22:35.589000,414.72358613491167,105
2024-09-16 14:22:35.600000,414.74914749861546,1005
2024-09-16 14:22:35.606000,414.7416496200741,998
2024-09-16 14:22:35.660000,414.7354209851733,996
2024-09-16 14:22:35.682000,414.7215768737743,99
2024-09-16 14:22:35.691000,414.7797832170223,101
2024-09-16 14:22:35.704000,414.78933297674007,999
2024-09-16 14:22:35.712000,414.7687520377175,104
2024-09-16 14:22:35.788000,414.73113989937286,8
2024-09-16 14:22:35.792000,414.71905066470254,14
2024-09-16 14:22:35.899000,414.71805892286415,7
2024-09-16 14:22:35.906000,414.71109086229137,99
2024-09-16 14:22:35.907000,414.76261257045246,9
2024-09-16 14:22:35.977000,414.7574601417035,104
2024-09-16 14:22:36.342000,414.7135015288334,99
2024-09-16 14:22:36.878000,414.7202916507992,11
2024-09-16 14:22:37.001000,414.6993487279629,1004
2024-09-16 14:22:37.127000,414.7245183106258,104
2024-09-16 14:22:37.217000,414.719393686224,15
2024-09-16 14:22:37.245000,414.7295087244236,11
2024-09-16 14:22:37.583000,414.704769696394,104
2024-09-16 14:22:37.969000,414.7262126468453,15
2024-09-16 14:22:38.054000,414.67777050519175,102
2024-09-16 14:22:38.158000,414.6728323930317,9
2024-09-16 14:22:38.198000,414.7097601224653,99
2024-09-16 14:22:38.220000,414.6497782488505,13
2024-09-16 14:22:38.306000,414.6453070158532,98
2024-09-16 14:22:38.347000,414.69104990354776,1003
2024-09-16 14:22:38.472000,414.6558451062737,11
2024-09-16 14:22:38.481000,414.6961167335866,6
2024-09-16 14:22:38.590000,414.6619724384152,13
2024-09-16 14:22:38.665000,414.6652257262583,9
2024-09-16 14:22:38.723000,414.6589386869471,105
2024-09-16 14:22:38.743000,414.698459570886,6
2024-09-16 14:22:38.961000,414.70924113511984,8
2024-09-16 14:22:39.117000,414.6189626249364,1001
2024-09-16 14:22:39.195000,414.6547632014775,97
2024-09-16 14:22:39.233000,414.6103396213159,10
2024-09-16 14:22:39.300000,414.6227083314045,15
2024-09-16 14:22:39.336000,414.5952880137768,98
2024-09-16 14:22:39.415000,414.650738380151,100
2024-09-16 14:22:39.431000,414.63979857348033,10
2024-09-16 14:22:39.447000,414.6283883477877,996
2024-09-16 14:22:39.475000,414.6067367846947,6
2024-09-16 14:22:39.481000,414.632503337862,1000
2024-09-16 14:22:39.519000,414.6252661216726,103
2024-09-16 14:22:39.585000,414.626233261452,1000
2024-09-16 14:22:39.637000,414.6333976205263,1004
2024-09-16 14:22:39.650000,414.6393173965215,96
2024-09-16 14:22:39.680000,414.64159589288425,103
2024-09-16 14:22:39.708000,414.5904755461358,98
2024-09-16 14:22:39.743000,414.6049066102517,99
2024-09-16 14:22:39.810000,414.62571752250665,102
2024-09-16 14:22:39.899000,414.6507484763821,1003
2024-09-16 14:22:39.969000,414.62570020905326,12
2024-09-16 14:22:40.069000,414.642681104957,95
2024-09-16 14:22:40.117000,414.640878380663,997
2024-09-16 14:22:40.174000,414.6888246202885,7
2024-09-16 14:22:40.176000,414.68307869112255,100
2024-09-16 14:22:40.177000,414.64462024623936,1005
2024-09-16 14:22:40.224000,414.6466370985957,101
2024-09-16 14:22:40.225000,414.6418269451553,1000
2024-09-16 14:22:40.250000,414.6901995088376,11
2024-09-16 14:22:40.322000,414.6676591604844,15
2024-09-16 14:22:40.439000,414.6685567448799,15
2024-09-16 14:22:40.445000,414.6378822968282,105
2024-09-16 14:22:40.467000,414.67060012779433,104
2024-09-16 14:22:40.515000,414.6475573343258,99
2024-09-16 14:22:40.546000,414.6733589813697,1005
2024-09-16 14:22:40.586000,414.6944378606824,1000
2024-09-16 14:22:40.621000,414.6288189882261,95
2024-09-16 14:22:40.677000,414.6415533883186,102
2024-09-16 14:22:40.731000,414.62928470261255,1001
2024-09-16 14:22:40.826000,414.64648590514895,101
2024-09-16 14:22:40.918000,414.64823628419657,8
2024-09-16 14:22:40.929000,414.63513723511153,996
2024-09-16 14:22:40.930000,414.674479110041,997
2024-09-16 14:22:40.962000,414.6633379728409,95
2024-09-16 14:22:41.109000,414.6423824747741,100
2024-09-16 14:22:41.134000,414.6621501489477,13
2024-09-16 14:22:41.156000,414.6542300713986,100
2024-09-16 14:22:41.174000,414.6573720749769,15
2024-09-16 14:22:41.177000,414.6717617323055,101
2024-09-16 14:22:41.252000,414.6623145264157,10
2024-09-16 14:22:41.347000,414.6355235177558,100
2024-09-16 14:22:41.350000,414.674325909639,999
2024-09-16 14:22:41.422000,414.6735586783588,11
2024-09-16 14:22:41.425000,414.6756318895512,10
2024-09-16 14:22:41.456000,414.6715092346382,100
2024-09-16 14:22:41.464000,414.6286174749084,1004
2024-09-16 14:22:41.467000,414.64875046519927,11
2024-09-16 14:22:41.482000,414.6586967556288,99
2024-09-16 14:22:41.628000,414.6851655521697,5
2024-09-16 14:22:41.672000,414.651276455532,7
2024-09-16 14:22:41.676000,414.6493582680042,6
2024-09-16 14:22:41.678000,414.6791208600932,7
2024-09-16 14:22:41.721000,414.6490973570861,105
2024-09-16 14:22:41.749000,414.6574905638104,97
2024-09-16 14:22:41.750000,414.63789338400704,95
2024-09-16 14:22:41.760000,414.6600014099519,5
2024-09-16 14:22:41.768000,414.66276991504577,10
2024-09-16 14:22:41.850000,414.6824739862404,996
2024-09-16 14:22:41.875000,414.6547741377333,997
2024-09-16 14:22:41.880000,414.67441723106094,101
2024-09-16 14:22:41.977000,414.6639340343188,15
2024-09-16 14:22:41.997000,414.6657843057188,10
2024-09-16 14:22:41.998000,414.6512460736724,96
2024-09-16 14:22:42.016000,414.6591119063479,105
2024-09-16 14:22:42.105000,414.65639330350166,105
2024-09-16 14:22:42.106000,414.6524294202585,9
2024-09-16 14:22:42.132000,414.66256313751074,14
2024-09-16 14:22:42.165000,414.6402849191854,999
2024-09-16 14:22:42.196000,414.6490773582027,103
2024-09-16 14:22:42.210000,414.63948483312674,99
2024-09-16 14:22:42.225000,414.6664170958175,15
2024-09-16 14:22:42.262000,414.64841831970085,95
2024-09-16 14:22:42.295000,414.6559549345096,8
2024-09-16 14:22:42.301000,414.6565112161084,100
2024-09-16 14:22:42.381000,414.6265607723636,997
2024-09-16 14:22:42.387000,414.6419607407483,1005
2024-09-16 14:22:42.459000,414.667030094278,13
2024-09-16 14:22:42.479000,414.6337977664461,1001
2024-09-16 14:22:42.547000,414.637854850105,97
2024-09-16 14:22:42.590000,414.62815526703406,1003
2024-09-16 14:22:42.595000,414.658468994274,6
2024-09-16 14:22:42.603000,414.66191164549696,1001
2024-09-16 14:22:42.604000,414.67598933423113,11
2024-09-16 14:22:42.691000,414.6401547903308,1002
2024-09-16 14:22:42.702000,414.63601734448,98
2024-09-16 14:22:42.819000,414.6696803969794,9
2024-09-16 14:22:42.854000,414.6824491532136,998
2024-09-16 14:22:42.879000,414.6355182288323,8
2024-09-16 14:22:42.906000,414.6298249094951,14
2024-09-16 14:22:43.037000,414.6875170078701,1000
2024-09-16 14:22:43.113000,414.6526855502131,11
2024-09-16 14:22:43.123000,414.6821428989073,105
2024-09-16 14:22:43.180000,414.6562822057226,997
2024-09-16 14:22:43.256000,414.69939718631065,15
2024-09-16 14:22:43.267000,414.68920172439095,997
2024-09-16 14:22:43.270000,414.6849896403168,98
2024-09-16 14:22:43.288000,414.6826999951016,105
2024-09-16 14:22:43.321000,414.6687000046831,996
2024-09-16 14:22:43.341000,414.6814730760168,14
2024-09-16 14:22:43.430000,414.6572405241701,995
2024-09-16 14:22:43.446000,414.6847778886083,96
2024-09-16 14:22:43.647000,414.6597725814707,7
2024-09-16 14:22:43.657000,414.6618272825333,1002
2024-09-16 14:22:43.847000,414.6703627865878,1001
2024-09-16 14:22:44.045000,414.6441098895281,1003
2024-09-16 14:22:44.128000,414.63878564923954,9
2024-09-16 14:22:44.211000,414.6469046352734,998
2024-09-16 14:22:44.238000,414.64886411004113,998
2024-09-16 14:22:44.319000,414.6423012464061,12
2024-09-16 14:22:44.493000,414.63840920968295,5
2024-09-16 14:22:44.495000,414.6680709559229,7
2024-09-16 14:22:44.503000,414.64126589044446,12
2024-09-16 14:22:44.751000,414.636580206408,1004
2024-09-16 14:22:44.793000,414.6377565118936,13
2024-09-16 14:22:44.844000,414.6533733814113,997
2024-09-16 14:22:44.849000,414.6526797386208,10
2024-09-16 14:22:44.850000,414.66280090182,12
2024-09-16 14:22:44.929000,414.65731231232473,98
2024-09-16 14:22:44.964000,414.6457274267305,11
2024-09-16 14:22:45.490000,414.6775800134211,12
2024-09-16 14:22:45.581000,414.6758168490429,5
2024-09-16 14:22:45.657000,414.6629485174767,1005
2024-09-16 14:22:45.680000,414.67671032132006,996
2024-09-16 14:22:45.688000,414.65892387657664,97
2024-09-16 14:22:45.901000,414.6889421782303,999
2024-09-16 14:22:46.382000,414.6601843750738,8
2024-09-16 14:22:46.414000,414.660124643943,7
2024-09-16 14:22:46.588000,414.6680370652275,102
2024-09-16 14:22:46.895000,414.67675553827297,995
2024-09-16 14:22:46.947000,414.65919250433535,12
2024-09-16 14:22:47.106000,414.6557422966548,11
2024-09-16 14:22:47.210000,414.6277380901318,10
2024-09-16 14:22:47.465000,414.6031063991653,14
2024-09-16 14:22:47.507000,414.644369152778,7
2024-09-16 14:22:47.552000,414.58616497686137,96
2024-09-16 14:22:48.537000,414.5759739829359,104
2024-09-16 14:22:49.056000,414.5529834419177,996
2024-09-16 14:22:49.219000,414.52841673171,105
2024-09-16 14:22:49.306000,414.5221971345642,12
2024-09-16 14:22:49.313000,414.5230288543135,100
2024-09-16 14:22:49.404000,414.5494245373485,6
2024-09-16 14:22:49.412000,414.5005924089169,1002
2024-09-16 14:22:49.413000,414.49136372367445,998
2024-09-16 14:22:49.470000,414.5394157567645,998
2024-09-16 14:22:49.485000,414.5138827151624,104
2024-09-16 14:22:49.535000,414.5348014485412,1001
2024-09-16 14:22:49.566000,414.53378280089794,996
2024-09-16 14:22:49.566000,414.5081527804036,996
2024-09-16 14:22:49.718000,414.5307040793732,96
2024-09-16 14:22:49.811000,414.5200339046077,8
2024-09-16 14:22:49.829000,414.5034858776773,14
2024-09-16 14:22:49.835000,414.5047830354578,1001
2024-09-16 14:22:49.902000,414.5167514186609,95
2024-09-16 14:22:49.906000,414.5409908087288,997
2024-09-16 14:22:49.914000,414.5317509327677,98
2024-09-16 14:22:49.930000,414.5259555882545,102
2024-09-16 14:22:50.162000,414.4746750637071,12
2024-09-16 14:22:50.164000,414.551842593114,101
2024-09-16 14:22:50.245000,414.4730136859912,1005
2024-09-16 14:22:50.265000,414.4755103161946,998
2024-09-16 14:22:50.269000,414.54752309794577,1003
2024-09-16 14:22:50.292000,414.5158403819855,97
2024-09-16 14:22:50.446000,414.5320806416713,101
2024-09-16 14:22:50.454000,414.50342718930494,105
2024-09-16 14:22:50.631000,414.5228105970373,99
2024-09-16 14:22:50.921000,414.5449031525921,1001
2024-09-16 14:22:50.944000,414.4991390454404,95
2024-09-16 14:22:50.953000,414.5438732668397,13
2024-09-16 14:22:51.081000,414.52501062180585,10
2024-09-16 14:22:51.119000,414.5915916685505,13
2024-09-16 14:22:51.183000,414.5612027446716,6
2024-09-16 14:22:51.300000,414.57718124019584,105
2024-09-16 14:22:51.320000,414.55281953039366,1005
2024-09-16 14:22:51.597000,414.55797803985297,9
2024-09-16 14:22:51.604000,414.5699633301461,11
2024-09-16 14:22:51.891000,414.5421900637774,11
2024-09-16 14:22:51.901000,414.5948584751964,998
2024-09-16 14:22:51.941000,414.5642753581752,15
2024-09-16 14:22:51.961000,414.5584832227585,95
2024-09-16 14:22:52.066000,414.5744651410007,1002
2024-09-16 14:22:52.090000,414.5482563368342,98
2024-09-16 14:22:52.094000,414.5663862779063,1004
2024-09-16 14:22:52.174000,414.5748555400045,13
2024-09-16 14:22:52.280000,414.57886780884405,99
2024-09-16 14:22:52.297000,414.6025565709839,96
2024-09-16 14:22:52.544000,414.5628080145244,14
2024-09-16 14:22:52.565000,414.584931118196,14
2024-09-16 14:22:52.570000,414.59595612813786,13
2024-09-16 14:22:52.586000,414.58756874365,14
2024-09-16 14:22:52.709000,414.6151852705249,6
2024-09-16 14:22:52.795000,414.5431448953495,1005
2024-09-16 14:22:52.910000,414.5936456312126,1005
2024-09-16 14:22:52.914000,414.5792599371404,999
2024-09-16 14:22:53.060000,414.4622864942191,10
2024-09-16 14:22:53.130000,414.4865530433298,102
2024-09-16 14:22:53.187000,414.52230300536814,7
2024-09-16 14:22:53.268000,414.486915399134,96
2024-09-16 14:22:53.322000,414.4692237935136,104
2024-09-16 14:22:53.374000,414.4917207904645,995
2024-09-16 14:22:53.392000,414.4941742249732,999
2024-09-16 14:22:53.410000,414.48276995612287,5
2024-09-16 14:22:53.525000,414.4876357776944,14
2024-09-16 14:22:53.541000,414.4832006125943,14
2024-09-16 14:22:53.560000,414.4771125251655,7
2024-09-16 14:22:53.600000,414.4874550539709,9
2024-09-16 14:22:53.614000,414.4825162530827,102
2024-09-16 14:22:53.669000,414.4833762681414,102
2024-09-16 14:22:53.673000,414.4772215703428,6
2024-09-16 14:22:53.683000,414.5409446903293,995
2024-09-16 14:22:53.697000,414.5016271095648,100
2024-09-16 14:22:53.760000,414.48815162120445,11
2024-09-16 14:22:53.764000,414.4839764358233,995
2024-09-16 14:22:53.802000,414.4935284754608,5
2024-09-16 14:22:53.856000,414.4887437339535,1005
2024-09-16 14:22:53.883000,414.4898959698424,997
2024-09-16 14:22:53.886000,414.4862371517913,10
2024-09-16 14:22:53.943000,414.4995288265195,12
2024-09-16 14:22:53.945000,414.4866116941306,1005
2024-09-16 14:22:54.023000,414.46383140900974,96
2024-09-16 14:22:54.208000,414.4652797569549,995
2024-09-16 14:22:54.262000,414.4670069805216,996
2024-09-16 14:22:54.400000,414.4524305391242,10
2024-09-16 14:22:54.461000,414.4629245862269,998
2024-09-16 14:22:54.824000,414.4724008050261,13
2024-09-16 14:22:54.972000,414.47150614160114,9
2024-09-16 14:22:54.995000,414.46161511118856,105
2024-09-16 14:22:55.009000,414.35564467836525,1001
2024-09-16 14:22:55.016000,414.3536722533272,14
2024-09-16 14:22:55.025000,414.3505555262535,995
2024-09-16 14:22:55.120000,414.3284493873624,95
2024-09-16 14:22:55.291000,414.31306273043714,104
2024-09-16 14:22:55.297000,414.3578428326797,1004
2024-09-16 14:22:55.352000,414.3756827081182,5
2024-09-16 14:22:55.379000,414.4567738558764,99
2024-09-16 14:22:55.431000,414.3480876471936,1004
2024-09-16 14:22:55.528000,414.3179453290273,10
2024-09-16 14:22:55.541000,414.3593639859426,1002
2024-09-16 14:22:55.553000,414.328309024935,1002
2024-09-16 14:22:55.596000,414.33827106604247,5
2024-09-16 14:22:55.614000,414.414506757767,9
2024-09-16 14:22:55.625000,414.3835658605376,6
2024-09-16 14:22:55.636000,414.33722947817625,7
2024-09-16 14:22:55.644000,414.44691594659565,6
2024-09-16 14:22:55.672000,414.3225488942245,95
2024-09-16 14:22:55.672000,414.3319247671144,8
2024-09-16 14:22:55.674000,414.3411372866694,10
2024-09-16 14:22:55.691000,414.3547102868224,105
2024-09-16 14:22:55.713000,414.4232667600938,13
2024-09-16 14:22:55.724000,414.33705718829833,95
2024-09-16 14:22:55.747000,414.348748381403,1000
2024-09-16 14:22:55.763000,414.324809593617,6
2024-09-16 14:22:55.777000,414.40759142950753,104
2024-09-16 14:22:55.777000,414.3371331293517,12
2024-09-16 14:22:55.786000,414.3571105645725,997
2024-09-16 14:22:55.927000,414.3553119164857,101
2024-09-16 14:22:55.963000,414.44053971109145,1000
2024-09-16 14:22:56.750000,414.34036929699965,95
2024-09-16 14:22:57.058000,414.3611443444461,6
2024-09-16 14:22:57.147000,414.3376693295303,101
2024-09-16 14:22:57.172000,414.37073095733433,996
2024-09-16 14:22:57.238000,414.3492245683013,1000
2024-09-16 14:22:57.283000,414.3547169264713,101
2024-09-16 14:22:57.423000,414.3490484533429,996
2024-09-16 14:22:57.476000,414.3763385907541,103
2024-09-16 14:22:57.567000,414.3542384218308,10
2024-09-16 14:22:57.575000,414.34763431824,6
2024-09-16 14:22:57.731000,414.3537070555424,100
2024-09-16 14:22:57.751000,414.4054831830433,999
2024-09-16 14:22:57.792000,414.3970599357982,1000
2024-09-16 14:22:57.815000,414.40647873998654,999
2024-09-16 14:22:57.936000,414.3893511027157,10
2024-09-16 14:22:58.010000,414.3621030519249,13
2024-09-16 14:22:58.072000,414.41086859325424,101
2024-09-16 14:22:58.077000,414.389901667937,102
2024-09-16 14:22:58.125000,414.38927246150223,996
2024-09-16 14:22:58.180000,414.3719485738696,15
2024-09-16 14:22:58.279000,414.3766366944826,96
2024-09-16 14:22:58.328000,414.3933307774889,5
2024-09-16 14:22:58.342000,414.3600381520292,98
2024-09-16 14:22:58.369000,414.3792993104444,1002
2024-09-16 14:22:58.371000,414.3782581084196,97
2024-09-16 14:22:58.429000,414.3953213900609,1000
2024-09-16 14:22:58.438000,414.3689964906455,98
2024-09-16 14:22:58.457000,414.3992334914466,1002
2024-09-16 14:22:58.494000,414.42869790816377,98
2024-09-16 14:22:58.541000,414.39716169234106,102
2024-09-16 14:22:58.547000,414.3709488664149,1003
2024-09-16 14:22:58.583000,414.37529543651874,8
2024-09-16 14:22:58.590000,414.3723571951455,995
2024-09-16 14:22:58.666000,414.39406675044194,1001
2024-09-16 14:22:58.723000,414.3955102576268,104
2024-09-16 14:22:58.799000,414.35606064424377,1004
2024-09-16 14:22:58.820000,414.3814920073591,100
2024-09-16 14:22:58.886000,414.382088931084,7
2024-09-16 14:22:58.898000,414.3415422195927,1000
2024-09-16 14:22:58.933000,414.4039468207327,99
2024-09-16 14:22:59.002000,414.4116933713846,996
2024-09-16 14:22:59.017000,414.45715098525545,1004
2024-09-16 14:22:59.034000,414.4767327600616,8
2024-09-16 14:22:59.097000,414.50394632161607,101
2024-09-16 14:22:59.192000,414.4760474436733,997
2024-09-16 14:22:59.209000,414.44939101313366,995
2024-09-16 14:22:59.263000,414.45273746271226,95
2024-09-16 14:22:59.283000,414.44302831684666,10
2024-09-16 14:22:59.352000,414.4675407829675,95
2024-09-16 14:22:59.409000,414.4388765364156,999
2024-09-16 14:22:59.434000,414.44540790643816,96
2024-09-16 14:22:59.435000,414.48738635155553,1004
2024-09-16 14:22:59.465000,414.4342334093282,100
2024-09-16 14:22:59.508000,414.44897414911713,1004
2024-09-16 14:22:59.524000,414.4402710488688,14
2024-09-16 14:22:59.541000,414.4210676513114,996
2024-09-16 14:22:59.545000,414.4480438886671,5
2024-09-16 14:22:59.547000,414.4255773379074,15
2024-09-16 14:22:59.574000,414.4321952144188,104
2024-09-16 14:22:59.646000,414.47163884027,100
2024-09-16 14:22:59.656000,414.4369120813898,997
2024-09-16 14:22:59.727000,414.44608512271446,104
2024-09-16 14:22:59.740000,414.4693325423359,104
2024-09-16 14:22:59.749000,414.4679060722627,1001
2024-09-16 14:22:59.771000,414.4400775883725,1001
2024-09-16 14:22:59.828000,414.4559499388626,97
2024-09-16 14:22:59.951000,414.4524978351629,97
2024-09-16 14:22:59.964000,414.47402964062894,7
