Timestamp,Price,Size
2024-09-17 12:40:00.728000,405.0045779777292,1002
2024-09-17 12:40:01.118000,404.94139546025934,6
2024-09-17 12:40:01.124000,404.9383470789211,10
2024-09-17 12:40:01.184000,404.9330520773979,102
2024-09-17 12:40:01.227000,404.9447244515199,1002
2024-09-17 12:40:01.315000,404.938249915981,11
2024-09-17 12:40:01.437000,404.9458711689957,6
2024-09-17 12:40:01.495000,404.93500578464426,1003
2024-09-17 12:40:01.500000,404.9626757877699,997
2024-09-17 12:40:01.533000,404.9784665756428,1003
2024-09-17 12:40:01.580000,404.9669864840984,96
2024-09-17 12:40:01.681000,404.9667256168799,98
2024-09-17 12:40:01.756000,405.0124521607706,11
2024-09-17 12:40:01.803000,404.9497913930215,99
2024-09-17 12:40:01.828000,404.94870037997765,95
2024-09-17 12:40:01.849000,404.9400475017448,7
2024-09-17 12:40:01.898000,404.9568159779949,998
2024-09-17 12:40:02.292000,404.96986838284886,102
2024-09-17 12:40:02.552000,404.95567351744415,11
2024-09-17 12:40:02.781000,404.9473624368959,6
2024-09-17 12:40:03.073000,404.9527228402148,996
2024-09-17 12:40:03.078000,404.9754762931691,7
2024-09-17 12:40:03.104000,404.9612760767031,97
2024-09-17 12:40:03.123000,404.9554233702058,1002
2024-09-17 12:40:03.203000,404.94992988541145,5
2024-09-17 12:40:03.255000,404.93760693640303,1002
2024-09-17 12:40:03.369000,404.97863381342114,1000
2024-09-17 12:40:03.495000,404.9431127429687,14
2024-09-17 12:40:03.708000,404.9522491727998,999
2024-09-17 12:40:03.732000,404.9633538719957,8
2024-09-17 12:40:03.925000,404.94992062588415,7
2024-09-17 12:40:05.103000,404.9746131383943,998
2024-09-17 12:40:05.593000,404.9615972210835,96
2024-09-17 12:40:05.683000,404.9642113582847,1000
2024-09-17 12:40:06.488000,404.9957174634843,1004
2024-09-17 12:40:07.449000,405.0170307635378,5
2024-09-17 12:40:07.763000,404.9940336704321,10
2024-09-17 12:40:07.773000,405.0014964037183,1001
2024-09-17 12:40:08.012000,405.01559644947525,96
2024-09-17 12:40:08.019000,404.98911364969126,1002
2024-09-17 12:40:08.287000,405.0181084573685,10
2024-09-17 12:40:08.354000,405.0297411114693,104
2024-09-17 12:40:08.357000,405.0520971423908,101
2024-09-17 12:40:08.362000,405.0177812735206,14
2024-09-17 12:40:08.502000,405.0107578603559,101
2024-09-17 12:40:08.569000,405.0574700006802,10
2024-09-17 12:40:08.712000,405.0327812580514,997
2024-09-17 12:40:08.764000,405.01458890639344,1004
2024-09-17 12:40:08.804000,404.9967763100304,9
2024-09-17 12:40:08.885000,405.0610533241912,8
2024-09-17 12:40:08.975000,405.0016490758574,11
2024-09-17 12:40:08.981000,405.0565521150685,8
2024-09-17 12:40:08.993000,404.9886433233829,1000
2024-09-17 12:40:09.218000,405.0710641364195,5
2024-09-17 12:40:09.227000,405.0702290995946,997
2024-09-17 12:40:09.719000,405.06269980623387,995
2024-09-17 12:40:10.020000,405.1396163063071,97
2024-09-17 12:40:10.023000,405.12972197589664,99
2024-09-17 12:40:10.045000,405.0633224246886,5
2024-09-17 12:40:10.052000,405.1357779600135,12
2024-09-17 12:40:10.090000,405.1460940500942,1003
2024-09-17 12:40:10.099000,405.1223431272396,8
2024-09-17 12:40:10.206000,405.0984281243532,1003
2024-09-17 12:40:10.221000,405.1349500641896,103
2024-09-17 12:40:10.245000,405.0872161110041,101
2024-09-17 12:40:10.271000,405.1386635038673,999
2024-09-17 12:40:10.282000,405.0562958410833,1005
2024-09-17 12:40:10.290000,405.07372312331256,96
2024-09-17 12:40:10.325000,405.1277841907345,14
2024-09-17 12:40:10.417000,405.1193935741567,997
2024-09-17 12:40:10.455000,405.1535596966667,12
2024-09-17 12:40:10.605000,405.1152261409121,99
2024-09-17 12:40:10.636000,405.13031147991086,95
2024-09-17 12:40:10.771000,405.07051908445465,97
2024-09-17 12:40:10.789000,405.1345847453181,96
2024-09-17 12:40:10.831000,405.12339579286856,99
2024-09-17 12:40:10.881000,405.1040248490664,997
2024-09-17 12:40:10.982000,405.11407730077417,12
2024-09-17 12:40:10.996000,405.1105011529444,999
2024-09-17 12:40:11.204000,405.102768688261,1000
2024-09-17 12:40:11.291000,405.1035912397513,98
2024-09-17 12:40:11.297000,405.1353281971967,999
2024-09-17 12:40:11.378000,405.1149592557121,7
2024-09-17 12:40:11.454000,405.1313409596559,995
2024-09-17 12:40:11.500000,405.1324484776021,100
2024-09-17 12:40:11.503000,405.0966235863602,15
2024-09-17 12:40:11.798000,405.1016953250185,5
2024-09-17 12:40:12.008000,405.0204256464891,7
2024-09-17 12:40:12.069000,405.0859906474074,11
2024-09-17 12:40:12.084000,405.0891571671869,1005
2024-09-17 12:40:12.166000,405.0732195520154,9
2024-09-17 12:40:12.255000,405.03575085973455,10
2024-09-17 12:40:12.278000,405.09764460026526,1000
2024-09-17 12:40:12.320000,405.08856328509256,1002
2024-09-17 12:40:12.426000,405.0878561285956,1001
2024-09-17 12:40:12.655000,405.0418203631117,101
2024-09-17 12:40:12.799000,405.087444668646,10
2024-09-17 12:40:12.808000,405.0805942710016,97
2024-09-17 12:40:12.844000,405.0416599457545,13
2024-09-17 12:40:12.869000,405.0432966278586,11
2024-09-17 12:40:12.872000,405.0317893209221,1004
2024-09-17 12:40:12.915000,405.0742068911376,12
2024-09-17 12:40:13.010000,405.053564815369,97
2024-09-17 12:40:13.047000,405.0852917026755,10
2024-09-17 12:40:13.125000,405.06632885313377,996
2024-09-17 12:40:13.212000,405.05573608519313,96
2024-09-17 12:40:13.250000,405.0823325785123,1000
2024-09-17 12:40:13.257000,405.0739912248199,1000
2024-09-17 12:40:13.263000,405.1062390584602,8
2024-09-17 12:40:13.318000,405.08399946112223,8
2024-09-17 12:40:13.328000,405.0994661410151,105
2024-09-17 12:40:13.428000,405.0784291641946,6
2024-09-17 12:40:13.460000,405.080701894437,1004
2024-09-17 12:40:13.514000,405.0920862281187,95
2024-09-17 12:40:13.645000,405.0612027303653,1005
2024-09-17 12:40:13.710000,405.0620295751482,99
2024-09-17 12:40:13.745000,405.08712776459663,105
2024-09-17 12:40:13.765000,405.09012493953,1000
2024-09-17 12:40:13.770000,405.0749204938084,11
2024-09-17 12:40:13.788000,405.0791556692394,6
2024-09-17 12:40:13.800000,405.0701608649264,1002
2024-09-17 12:40:13.855000,405.0622333922407,1003
2024-09-17 12:40:14.025000,405.07343268777936,103
2024-09-17 12:40:14.039000,405.1483398484272,103
2024-09-17 12:40:14.055000,405.1185829964963,105
2024-09-17 12:40:14.145000,405.07989207698455,105
2024-09-17 12:40:14.173000,405.094053886382,998
2024-09-17 12:40:14.268000,405.0684834183213,11
2024-09-17 12:40:14.302000,405.1105044361042,11
2024-09-17 12:40:14.317000,405.1123476538334,98
2024-09-17 12:40:14.318000,405.0993931723549,15
2024-09-17 12:40:14.326000,405.1016719664436,5
2024-09-17 12:40:14.478000,405.118606461532,10
2024-09-17 12:40:14.588000,405.08586166179896,997
2024-09-17 12:40:14.624000,405.1335028758612,997
2024-09-17 12:40:14.637000,405.13926885157656,98
2024-09-17 12:40:14.682000,405.0669895297305,104
2024-09-17 12:40:14.693000,405.1255711385906,1002
2024-09-17 12:40:14.740000,405.0809494997545,99
2024-09-17 12:40:14.764000,405.12792097665766,13
2024-09-17 12:40:14.825000,405.08030441412006,98
2024-09-17 12:40:14.863000,405.0886725772479,6
2024-09-17 12:40:14.946000,405.06484502969215,95
2024-09-17 12:40:14.988000,405.13550390820825,102
2024-09-17 12:40:15.043000,405.0940959266854,14
2024-09-17 12:40:15.046000,405.0958272156424,11
2024-09-17 12:40:15.068000,405.1074501554274,13
2024-09-17 12:40:15.089000,405.00542648934095,96
2024-09-17 12:40:15.244000,405.0549730083212,12
2024-09-17 12:40:15.251000,405.1008799215551,1004
2024-09-17 12:40:15.260000,405.002821150247,998
2024-09-17 12:40:15.315000,405.122418780846,98
2024-09-17 12:40:15.518000,405.05190147592015,15
2024-09-17 12:40:15.580000,405.0305781729792,9
2024-09-17 12:40:15.622000,405.07525879503385,997
2024-09-17 12:40:15.625000,405.00984496290624,11
2024-09-17 12:40:15.656000,405.0529206600038,9
2024-09-17 12:40:15.749000,405.033072301677,103
2024-09-17 12:40:15.841000,405.12052478879417,1001
2024-09-17 12:40:15.904000,405.0429224682021,6
2024-09-17 12:40:15.967000,405.11015908634505,104
2024-09-17 12:40:15.972000,405.0728472798186,97
2024-09-17 12:40:16.089000,405.0517972985211,100
2024-09-17 12:40:16.199000,405.0101581882065,997
2024-09-17 12:40:16.199000,405.0451417087812,14
2024-09-17 12:40:16.268000,405.0441575542012,105
2024-09-17 12:40:16.305000,405.0376965885053,1002
2024-09-17 12:40:16.307000,405.0546925348933,101
2024-09-17 12:40:16.329000,405.0395101581991,1001
2024-09-17 12:40:16.370000,404.9908099082039,11
2024-09-17 12:40:16.432000,405.0085251965274,11
2024-09-17 12:40:16.462000,405.00983585504594,14
2024-09-17 12:40:16.503000,405.0071750618984,14
2024-09-17 12:40:16.526000,405.02530242188885,995
2024-09-17 12:40:16.576000,405.0266841645503,1001
2024-09-17 12:40:16.613000,405.0038386284422,997
2024-09-17 12:40:16.665000,405.0462803643295,5
2024-09-17 12:40:16.681000,405.04257994418685,96
2024-09-17 12:40:16.705000,405.0354247629,998
2024-09-17 12:40:16.732000,405.0583478990337,95
2024-09-17 12:40:16.778000,404.9757564344509,15
2024-09-17 12:40:16.801000,405.0525978675829,12
2024-09-17 12:40:16.810000,404.98037243189935,998
2024-09-17 12:40:16.824000,405.0536161516717,9
2024-09-17 12:40:16.826000,405.05889226609867,997
2024-09-17 12:40:16.899000,404.9833956324256,997
2024-09-17 12:40:16.905000,405.00033273131385,104
2024-09-17 12:40:16.920000,405.0160903301376,99
2024-09-17 12:40:16.954000,404.9954912089288,998
2024-09-17 12:40:17.005000,405.0577151892213,1002
2024-09-17 12:40:17.106000,405.0429307958725,998
2024-09-17 12:40:17.117000,405.0450523814358,99
2024-09-17 12:40:17.178000,405.0375377997876,98
2024-09-17 12:40:17.276000,405.039341460343,7
2024-09-17 12:40:17.376000,405.0474382505457,101
2024-09-17 12:40:17.381000,405.0464472493576,1000
2024-09-17 12:40:17.426000,405.05965946473697,98
2024-09-17 12:40:17.515000,405.0635952098009,15
2024-09-17 12:40:17.523000,405.04183718178007,999
2024-09-17 12:40:17.556000,405.0510948801908,998
2024-09-17 12:40:17.574000,405.06958011381954,1003
2024-09-17 12:40:17.673000,405.0376134572263,13
2024-09-17 12:40:17.757000,405.0529585747509,5
2024-09-17 12:40:17.873000,405.0504980753639,999
2024-09-17 12:40:17.875000,405.05634760913273,104
2024-09-17 12:40:17.880000,405.0615365907217,14
2024-09-17 12:40:17.922000,405.04865360484,1000
2024-09-17 12:40:17.942000,405.0657026172692,997
2024-09-17 12:40:17.991000,405.0492510768677,99
2024-09-17 12:40:18.457000,405.0404985526085,1003
2024-09-17 12:40:19.227000,405.0624319741309,105
2024-09-17 12:40:19.635000,405.05613625018657,1001
2024-09-17 12:40:20.120000,405.03928998315183,11
2024-09-17 12:40:20.127000,405.0463204145914,15
2024-09-17 12:40:20.232000,405.0307613959727,96
2024-09-17 12:40:20.346000,405.0730521414791,6
2024-09-17 12:40:20.349000,405.04501033788,98
2024-09-17 12:40:20.383000,405.04071767890446,1003
2024-09-17 12:40:20.458000,405.06152330348834,6
2024-09-17 12:40:20.493000,405.0873019685936,98
2024-09-17 12:40:20.545000,405.0538943014286,105
2024-09-17 12:40:20.566000,405.04535597473966,995
2024-09-17 12:40:20.632000,405.1423163502712,996
2024-09-17 12:40:20.652000,405.12202602863096,1000
2024-09-17 12:40:20.660000,405.0373876346556,103
2024-09-17 12:40:20.682000,405.0496624998187,103
2024-09-17 12:40:20.696000,405.10067092045966,95
2024-09-17 12:40:20.711000,405.0431864609776,999
2024-09-17 12:40:20.732000,405.0846104141531,14
2024-09-17 12:40:20.776000,405.06230634261823,10
2024-09-17 12:40:20.812000,405.03844143738286,96
2024-09-17 12:40:20.821000,405.0545731371465,9
2024-09-17 12:40:20.889000,405.0612724256464,11
2024-09-17 12:40:21.006000,405.2076783906682,1004
2024-09-17 12:40:21.010000,405.11427704203953,1002
2024-09-17 12:40:21.037000,405.0872406234878,13
2024-09-17 12:40:21.041000,405.1587314138969,10
2024-09-17 12:40:21.059000,405.1313814767428,9
2024-09-17 12:40:21.095000,405.1095472998345,1002
2024-09-17 12:40:21.345000,405.15758467829545,1002
2024-09-17 12:40:21.527000,405.17344162773736,12
2024-09-17 12:40:21.558000,405.1618676430814,104
2024-09-17 12:40:21.609000,405.1858876769306,105
2024-09-17 12:40:21.645000,405.151207110265,13
2024-09-17 12:40:21.675000,405.127253652371,8
2024-09-17 12:40:21.679000,405.1877429463278,99
2024-09-17 12:40:21.696000,405.1734981942276,999
2024-09-17 12:40:21.709000,405.1598171921459,102
2024-09-17 12:40:21.733000,405.19207956918297,7
2024-09-17 12:40:21.737000,405.1968381782378,11
2024-09-17 12:40:21.759000,405.1613736593426,999
2024-09-17 12:40:21.766000,405.1806267319504,1000
2024-09-17 12:40:21.849000,405.1753259754376,99
2024-09-17 12:40:21.872000,405.13579750276784,104
2024-09-17 12:40:21.887000,405.1848648752672,6
2024-09-17 12:40:21.954000,405.1596533289732,5
2024-09-17 12:40:21.973000,405.1858385486536,103
2024-09-17 12:40:21.978000,405.1778996074065,1001
2024-09-17 12:40:22.063000,405.1046182824724,1001
2024-09-17 12:40:22.118000,405.0822478106574,6
2024-09-17 12:40:22.124000,405.1194291808405,13
2024-09-17 12:40:22.181000,405.06409201567857,9
2024-09-17 12:40:22.188000,405.0672299242815,995
2024-09-17 12:40:22.213000,405.1234818876648,97
2024-09-17 12:40:22.242000,405.0753464377759,997
2024-09-17 12:40:22.253000,405.0947111972256,1005
2024-09-17 12:40:22.320000,405.1204720392317,7
2024-09-17 12:40:22.325000,405.06950007448864,96
2024-09-17 12:40:22.388000,405.1008205306337,1001
2024-09-17 12:40:22.407000,405.1061080823299,100
2024-09-17 12:40:22.437000,405.1226605526006,998
2024-09-17 12:40:22.464000,405.1251129433233,5
2024-09-17 12:40:22.467000,405.0974010738561,7
2024-09-17 12:40:22.590000,405.0968699550885,13
2024-09-17 12:40:22.618000,405.0915954210168,15
2024-09-17 12:40:22.642000,405.0599983652331,1001
2024-09-17 12:40:22.675000,405.0907261277273,995
2024-09-17 12:40:22.697000,405.1103494026133,102
2024-09-17 12:40:22.700000,405.1297165475192,995
2024-09-17 12:40:22.749000,405.11844240775787,996
2024-09-17 12:40:22.847000,405.1334438968351,1002
2024-09-17 12:40:22.889000,405.0834920784732,101
2024-09-17 12:40:22.895000,405.0800292942025,1003
2024-09-17 12:40:22.930000,405.0773239640398,997
2024-09-17 12:40:23.054000,405.09993702985577,10
2024-09-17 12:40:23.113000,405.1145525579286,8
2024-09-17 12:40:23.137000,405.0745522514125,1005
2024-09-17 12:40:23.176000,405.05524837993744,99
2024-09-17 12:40:23.200000,405.0956757495181,15
2024-09-17 12:40:23.313000,405.1132542704778,10
2024-09-17 12:40:23.524000,405.0900233687572,105
2024-09-17 12:40:23.577000,405.1293352794394,998
2024-09-17 12:40:23.609000,405.04046732722674,102
2024-09-17 12:40:23.651000,405.0446754733521,13
2024-09-17 12:40:23.657000,405.1215521494466,97
2024-09-17 12:40:23.734000,405.0834692802719,104
2024-09-17 12:40:23.776000,405.1059801151548,12
2024-09-17 12:40:23.981000,405.0980229763058,6
2024-09-17 12:40:24.061000,405.0702128807233,1001
2024-09-17 12:40:24.480000,405.0497965099228,14
2024-09-17 12:40:24.548000,405.07010077831177,98
2024-09-17 12:40:24.706000,405.064150805985,1001
2024-09-17 12:40:24.724000,405.05031215587417,1000
2024-09-17 12:40:24.814000,405.0655680968396,10
2024-09-17 12:40:25.011000,405.0774836297885,998
2024-09-17 12:40:25.152000,405.06371988831546,103
2024-09-17 12:40:25.818000,405.06146147572497,10
2024-09-17 12:40:26.065000,405.0581127256484,13
2024-09-17 12:40:26.084000,405.0590145178567,103
2024-09-17 12:40:26.090000,405.039970615823,99
2024-09-17 12:40:26.196000,405.0590263724336,7
2024-09-17 12:40:26.196000,405.053306557912,95
2024-09-17 12:40:26.430000,405.0382832600352,101
2024-09-17 12:40:26.620000,405.0549738470429,1005
2024-09-17 12:40:26.713000,405.0479903668089,102
2024-09-17 12:40:26.716000,405.0495757531936,995
2024-09-17 12:40:26.777000,405.0468638233372,11
2024-09-17 12:40:26.872000,405.04466485540513,1000
2024-09-17 12:40:28.135000,405.0168772713077,6
2024-09-17 12:40:28.321000,405.0245106424693,103
2024-09-17 12:40:28.424000,405.0309498651594,1003
2024-09-17 12:40:28.433000,405.046217331113,104
2024-09-17 12:40:28.500000,404.99343178562657,998
2024-09-17 12:40:28.541000,405.0237512339699,1002
2024-09-17 12:40:28.607000,405.0521865453823,97
2024-09-17 12:40:28.607000,405.05701855514593,996
2024-09-17 12:40:28.607000,405.0130974190175,99
2024-09-17 12:40:28.614000,405.04015747614005,104
2024-09-17 12:40:28.679000,405.0284894107829,98
2024-09-17 12:40:28.682000,405.0084560161539,1004
2024-09-17 12:40:28.696000,405.0268957536276,97
2024-09-17 12:40:28.798000,405.0259423930426,1004
2024-09-17 12:40:28.833000,405.0489969136724,1005
2024-09-17 12:40:28.990000,405.01316295267344,1000
2024-09-17 12:40:29.393000,405.0029946265402,103
2024-09-17 12:40:29.408000,405.0246566858564,102
2024-09-17 12:40:29.616000,405.0208361365932,103
2024-09-17 12:40:30.430000,405.00798939143647,99
2024-09-17 12:40:30.565000,404.9962577009356,997
2024-09-17 12:40:30.983000,405.0097245167533,14
2024-09-17 12:40:31.053000,404.99200187231577,999
2024-09-17 12:40:31.096000,405.0169727476456,6
2024-09-17 12:40:31.151000,405.0431846311652,97
2024-09-17 12:40:31.182000,405.0003838812749,96
2024-09-17 12:40:31.260000,405.0555543218704,996
2024-09-17 12:40:31.285000,405.0521430187056,1001
2024-09-17 12:40:31.350000,405.0044779243537,8
2024-09-17 12:40:31.382000,405.0039374740375,101
2024-09-17 12:40:31.479000,405.0090787354709,1002
2024-09-17 12:40:31.553000,404.9966309293352,99
2024-09-17 12:40:31.576000,404.9853943507778,11
2024-09-17 12:40:31.625000,405.03828521516726,98
2024-09-17 12:40:31.639000,405.03001333403085,6
2024-09-17 12:40:31.699000,405.0115833448,99
2024-09-17 12:40:31.720000,405.0124740662877,7
2024-09-17 12:40:31.839000,404.9956998677992,1001
2024-09-17 12:40:31.854000,405.03672214751225,1000
2024-09-17 12:40:31.972000,405.0051523092118,105
2024-09-17 12:40:31.999000,405.00493498645625,6
2024-09-17 12:40:32.016000,404.9936014025336,103
2024-09-17 12:40:32.199000,405.00193008401305,99
2024-09-17 12:40:32.211000,404.9910638181341,14
2024-09-17 12:40:32.232000,404.9970954963088,105
2024-09-17 12:40:32.242000,404.9838512543981,99
2024-09-17 12:40:32.293000,404.984039279548,10
2024-09-17 12:40:32.352000,404.98318192583565,8
2024-09-17 12:40:32.417000,404.97659976885456,102
2024-09-17 12:40:32.420000,404.9971595596799,998
2024-09-17 12:40:32.431000,404.99083031775007,103
2024-09-17 12:40:32.435000,405.00508031356674,98
2024-09-17 12:40:32.452000,404.975229875176,101
2024-09-17 12:40:32.471000,404.9802856490613,7
2024-09-17 12:40:32.476000,405.003077408534,9
2024-09-17 12:40:32.555000,404.9761464817892,13
2024-09-17 12:40:32.587000,405.00068760644695,1003
2024-09-17 12:40:32.649000,404.9869156316732,8
2024-09-17 12:40:32.694000,404.9862410920054,10
2024-09-17 12:40:32.747000,404.9780315256298,13
2024-09-17 12:40:32.766000,404.99034899511815,5
2024-09-17 12:40:32.899000,404.9992689872835,1001
2024-09-17 12:40:32.969000,404.9751753390324,998
2024-09-17 12:40:33.136000,404.9893153343496,6
2024-09-17 12:40:33.193000,404.9548752131215,998
2024-09-17 12:40:33.194000,404.9171872946975,5
2024-09-17 12:40:33.372000,404.9164458749028,11
2024-09-17 12:40:33.377000,404.9760409148912,15
2024-09-17 12:40:33.457000,404.98538548213406,15
2024-09-17 12:40:33.481000,405.00510092322565,99
2024-09-17 12:40:33.487000,404.9860993326645,14
2024-09-17 12:40:33.504000,404.9989045112874,105
2024-09-17 12:40:33.569000,404.9740014987741,9
2024-09-17 12:40:33.583000,404.9910747571878,12
2024-09-17 12:40:33.592000,404.97569195151925,7
2024-09-17 12:40:33.646000,405.0158970757752,9
2024-09-17 12:40:33.678000,404.97963551289166,999
2024-09-17 12:40:33.679000,404.995014635147,13
2024-09-17 12:40:33.718000,404.98999597157314,12
2024-09-17 12:40:33.738000,404.9997307154825,105
2024-09-17 12:40:33.748000,404.99543992725455,102
2024-09-17 12:40:33.778000,404.92866778864754,5
2024-09-17 12:40:33.862000,404.9660150115246,999
2024-09-17 12:40:33.892000,404.9651778494048,5
2024-09-17 12:40:33.949000,404.9861518604565,13
2024-09-17 12:40:34.360000,404.8964499334186,13
2024-09-17 12:40:34.460000,404.9054199701968,999
2024-09-17 12:40:34.466000,404.903338810885,101
2024-09-17 12:40:34.500000,404.8895903210352,96
2024-09-17 12:40:34.585000,404.8970865779767,11
2024-09-17 12:40:34.714000,404.8937514368996,104
2024-09-17 12:40:34.849000,404.84501316356886,10
2024-09-17 12:40:34.926000,404.8694131959911,13
2024-09-17 12:40:35.066000,404.8628828519804,1005
2024-09-17 12:40:35.140000,404.92623705204966,1003
2024-09-17 12:40:35.140000,404.8521598801192,103
2024-09-17 12:40:35.146000,404.93210316239794,7
2024-09-17 12:40:35.258000,404.8554086426884,15
2024-09-17 12:40:35.271000,404.8934579796792,995
2024-09-17 12:40:35.277000,404.8686893962801,14
2024-09-17 12:40:35.291000,404.8508864136423,10
2024-09-17 12:40:35.335000,404.8448313576358,1002
2024-09-17 12:40:35.366000,404.8888361040146,104
2024-09-17 12:40:35.409000,404.8262037300699,1000
2024-09-17 12:40:35.425000,404.9118933650663,10
2024-09-17 12:40:35.529000,404.8439086557164,7
2024-09-17 12:40:35.566000,404.8932434772904,103
2024-09-17 12:40:35.572000,404.8598630699505,1005
2024-09-17 12:40:35.595000,404.8409565417043,1004
2024-09-17 12:40:35.598000,404.8845191661317,103
2024-09-17 12:40:35.617000,404.87225545571465,996
2024-09-17 12:40:35.618000,404.8440670462365,105
2024-09-17 12:40:35.635000,404.87739476055145,8
2024-09-17 12:40:35.757000,404.82410681806857,15
2024-09-17 12:40:35.898000,404.8576721159195,102
2024-09-17 12:40:35.990000,404.90003242497,100
2024-09-17 12:40:35.995000,404.8627365792142,1001
2024-09-17 12:40:36.056000,404.8845995002201,9
2024-09-17 12:40:36.251000,404.84382007464393,100
2024-09-17 12:40:36.339000,404.8613592615786,11
2024-09-17 12:40:36.352000,404.8459398384997,997
2024-09-17 12:40:36.390000,404.90222034058365,12
2024-09-17 12:40:36.395000,404.8668730204793,13
2024-09-17 12:40:36.398000,404.8810062198447,98
2024-09-17 12:40:36.410000,404.8852343907768,105
2024-09-17 12:40:36.436000,404.8761279512086,11
2024-09-17 12:40:36.466000,404.83304659178646,5
2024-09-17 12:40:36.469000,404.8591590315917,998
2024-09-17 12:40:36.487000,404.9060753810268,104
2024-09-17 12:40:36.521000,404.8500631123955,11
2024-09-17 12:40:36.564000,404.82921281074846,104
2024-09-17 12:40:36.583000,404.82902339018233,996
2024-09-17 12:40:36.619000,404.8361658300057,101
2024-09-17 12:40:36.649000,404.82623143689386,13
2024-09-17 12:40:36.691000,404.8486267800764,1005
2024-09-17 12:40:36.724000,404.8401891007472,10
2024-09-17 12:40:36.752000,404.8596201765871,14
2024-09-17 12:40:36.863000,404.90097282854975,97
2024-09-17 12:40:36.878000,404.8581632069824,95
2024-09-17 12:40:36.896000,404.863506857476,105
2024-09-17 12:40:36.909000,404.9056046015344,98
2024-09-17 12:40:36.913000,404.8434850341984,105
2024-09-17 12:40:36.972000,404.89102909200926,102
2024-09-17 12:40:36.997000,404.8822246006384,103
2024-09-17 12:40:37.012000,404.9024774884848,999
2024-09-17 12:40:37.109000,404.8527351680181,8
2024-09-17 12:40:37.133000,404.8845918530136,14
2024-09-17 12:40:37.137000,404.8785859714449,14
2024-09-17 12:40:37.146000,404.9124031860016,11
2024-09-17 12:40:37.152000,404.881740919852,13
2024-09-17 12:40:37.157000,404.91451517790233,96
2024-09-17 12:40:37.190000,404.9205163935346,15
2024-09-17 12:40:37.198000,404.9028995936062,1005
2024-09-17 12:40:37.221000,404.8877359938768,1005
2024-09-17 12:40:37.227000,404.91711158306566,105
2024-09-17 12:40:37.323000,404.91787867649725,96
2024-09-17 12:40:37.343000,404.8447459311447,11
2024-09-17 12:40:37.368000,404.8952647914701,8
2024-09-17 12:40:37.406000,404.8824610401917,12
2024-09-17 12:40:37.407000,404.8954380219016,998
2024-09-17 12:40:37.508000,404.8894983685388,95
2024-09-17 12:40:37.515000,404.8965410885763,104
2024-09-17 12:40:37.557000,404.8497565135988,999
2024-09-17 12:40:37.566000,404.9119563659183,1000
2024-09-17 12:40:37.608000,404.8901057869482,12
2024-09-17 12:40:37.622000,404.8511627856034,8
2024-09-17 12:40:37.622000,404.9246524497669,95
2024-09-17 12:40:37.656000,404.85924037241335,6
2024-09-17 12:40:37.696000,404.8994154037347,98
2024-09-17 12:40:37.719000,404.84227905660345,99
2024-09-17 12:40:37.800000,404.86299625388295,15
2024-09-17 12:40:37.864000,404.8454276234883,11
2024-09-17 12:40:37.953000,404.9133323075536,14
2024-09-17 12:40:37.954000,404.8669941778636,14
2024-09-17 12:40:38.009000,404.926384922508,102
2024-09-17 12:40:38.084000,404.8965082838269,996
2024-09-17 12:40:38.215000,404.90894173911056,14
2024-09-17 12:40:38.218000,404.9254037951641,15
2024-09-17 12:40:38.246000,404.90186346418864,996
2024-09-17 12:40:38.279000,404.8967940128228,8
2024-09-17 12:40:38.415000,404.9375262653493,103
2024-09-17 12:40:38.435000,404.92086635247193,998
2024-09-17 12:40:38.439000,404.90721610828354,97
2024-09-17 12:40:38.490000,404.9270639825097,1003
2024-09-17 12:40:38.549000,404.9128126911133,13
2024-09-17 12:40:38.569000,404.9180877657658,1004
2024-09-17 12:40:38.596000,404.9394596556485,14
2024-09-17 12:40:38.636000,404.9030151367856,1003
2024-09-17 12:40:38.646000,404.88836532050334,1003
2024-09-17 12:40:38.657000,404.9115325190527,1004
2024-09-17 12:40:38.697000,404.9040567275248,1002
2024-09-17 12:40:38.697000,404.9114020154773,15
2024-09-17 12:40:38.774000,404.8849437341998,14
2024-09-17 12:40:38.817000,404.929877439692,104
2024-09-17 12:40:38.819000,404.9220457663038,15
2024-09-17 12:40:38.860000,404.9261397618708,5
2024-09-17 12:40:38.864000,404.918038122141,1003
2024-09-17 12:40:38.888000,404.8908550221781,95
2024-09-17 12:40:38.956000,404.9180771152173,999
2024-09-17 12:40:38.972000,404.921298278641,105
2024-09-17 12:40:39.049000,404.8805036303454,12
2024-09-17 12:40:39.088000,404.8662856248524,995
2024-09-17 12:40:39.121000,404.8756840252912,14
2024-09-17 12:40:39.149000,404.857945633976,995
2024-09-17 12:40:39.191000,404.87768946388167,1004
2024-09-17 12:40:39.203000,404.8561443048214,1005
2024-09-17 12:40:39.254000,404.8787507389736,1002
2024-09-17 12:40:39.283000,404.9032876618375,97
2024-09-17 12:40:39.465000,404.8928461513176,1002
2024-09-17 12:40:39.467000,404.86183687930657,101
2024-09-17 12:40:39.505000,404.85642932514895,105
2024-09-17 12:40:39.553000,404.8861240793007,995
2024-09-17 12:40:39.605000,404.8542381570501,1003
2024-09-17 12:40:39.622000,404.855873226209,995
2024-09-17 12:40:39.774000,404.8832660689313,100
2024-09-17 12:40:39.835000,404.87100408626407,1004
2024-09-17 12:40:39.869000,404.8554150432394,1004
2024-09-17 12:40:39.955000,404.8784569251144,100
2024-09-17 12:40:39.976000,404.86917098130095,14
2024-09-17 12:40:39.978000,404.8693502841269,5
2024-09-17 12:40:40.002000,404.8575779880761,997
2024-09-17 12:40:40.027000,404.85076322888506,11
2024-09-17 12:40:40.170000,404.8480925399998,100
2024-09-17 12:40:40.215000,404.8343033295436,99
2024-09-17 12:40:40.223000,404.858821540208,997
2024-09-17 12:40:40.538000,404.8623972727538,11
2024-09-17 12:40:40.765000,404.8440091590024,12
2024-09-17 12:40:40.806000,404.8586694073378,995
2024-09-17 12:40:40.853000,404.8511860924936,1003
2024-09-17 12:40:41.005000,404.9010318021667,8
2024-09-17 12:40:41.051000,404.85458668004617,8
2024-09-17 12:40:41.061000,404.890576873485,97
2024-09-17 12:40:41.083000,404.8848300024155,102
2024-09-17 12:40:41.135000,404.8146251628015,1004
2024-09-17 12:40:41.160000,404.8159204547944,5
2024-09-17 12:40:41.236000,404.86097679070014,996
2024-09-17 12:40:41.261000,404.886837005845,96
2024-09-17 12:40:41.264000,404.8854249555267,96
2024-09-17 12:40:41.270000,404.82477073245815,1004
2024-09-17 12:40:41.349000,404.8667851684689,15
2024-09-17 12:40:41.366000,404.8714426397419,997
2024-09-17 12:40:41.380000,404.86109624729727,96
2024-09-17 12:40:41.412000,404.8965074997941,996
2024-09-17 12:40:41.558000,404.8580755506737,999
2024-09-17 12:40:41.623000,404.87317379190034,103
2024-09-17 12:40:41.639000,404.8792164581228,11
2024-09-17 12:40:41.641000,404.813336852764,7
2024-09-17 12:40:41.649000,404.8848900874395,995
2024-09-17 12:40:41.679000,404.83799201333966,97
2024-09-17 12:40:41.736000,404.8101329141422,14
2024-09-17 12:40:41.767000,404.8913978527383,1004
2024-09-17 12:40:41.875000,404.8822066730138,100
2024-09-17 12:40:41.904000,404.8817095948463,1003
2024-09-17 12:40:41.934000,404.8897449230659,103
2024-09-17 12:40:42.003000,404.9128583888215,1003
2024-09-17 12:40:42.088000,404.90341890166223,7
2024-09-17 12:40:42.171000,404.8929381467739,1002
2024-09-17 12:40:42.176000,404.8978720154234,7
2024-09-17 12:40:42.227000,404.8813517841672,997
2024-09-17 12:40:42.447000,404.845970968191,104
2024-09-17 12:40:42.466000,404.9268179662106,14
2024-09-17 12:40:42.468000,404.8441755530847,14
2024-09-17 12:40:42.488000,404.8857411226499,96
2024-09-17 12:40:42.519000,404.9100074470763,14
2024-09-17 12:40:42.535000,404.8902104832691,101
2024-09-17 12:40:42.643000,404.8550470698143,102
2024-09-17 12:40:42.659000,404.8552220237426,102
2024-09-17 12:40:42.726000,404.8492513816368,1000
2024-09-17 12:40:42.739000,404.87479510727246,1002
2024-09-17 12:40:42.774000,404.8545656741786,1005
2024-09-17 12:40:42.945000,404.9130242993081,1005
2024-09-17 12:40:42.967000,404.8820850538705,99
2024-09-17 12:40:43.075000,404.95221306844667,1005
2024-09-17 12:40:43.166000,404.8948838807056,998
2024-09-17 12:40:43.174000,404.968853444421,6
2024-09-17 12:40:43.215000,404.9319780983832,100
2024-09-17 12:40:43.231000,404.9039982081959,15
2024-09-17 12:40:43.276000,404.90854009695926,96
2024-09-17 12:40:43.304000,404.90651143356655,1003
2024-09-17 12:40:43.319000,404.883985497768,14
2024-09-17 12:40:43.467000,404.8750919503119,999
2024-09-17 12:40:43.498000,404.9589597188537,14
2024-09-17 12:40:43.506000,404.88556434578345,1000
2024-09-17 12:40:43.611000,404.9056593378233,98
2024-09-17 12:40:43.624000,404.95510148063175,1000
2024-09-17 12:40:43.719000,404.9535704086156,998
2024-09-17 12:40:43.861000,404.9670448268284,1001
2024-09-17 12:40:43.875000,404.9074847559944,95
2024-09-17 12:40:43.946000,404.9121497627445,1001
2024-09-17 12:40:43.967000,404.8988859090113,104
2024-09-17 12:40:44.019000,404.92283232481367,1003
2024-09-17 12:40:44.029000,404.929253827414,97
2024-09-17 12:40:44.077000,404.9346770109138,95
2024-09-17 12:40:44.086000,404.9176185601901,95
2024-09-17 12:40:44.257000,404.9191565512722,15
2024-09-17 12:40:44.262000,404.9425089117855,98
2024-09-17 12:40:44.268000,404.9541426825012,6
2024-09-17 12:40:44.314000,404.92539848840136,13
2024-09-17 12:40:44.340000,404.915782108434,96
2024-09-17 12:40:44.485000,404.9441803343514,97
2024-09-17 12:40:44.497000,404.95220728368224,1001
2024-09-17 12:40:44.668000,404.934081391662,1004
2024-09-17 12:40:44.724000,404.9274813434998,6
2024-09-17 12:40:44.731000,404.9219579473186,9
2024-09-17 12:40:45.055000,404.9177875379307,996
2024-09-17 12:40:45.085000,404.8814032187597,1004
2024-09-17 12:40:45.374000,404.91457046029177,5
2024-09-17 12:40:45.383000,404.85728215091126,103
2024-09-17 12:40:45.390000,404.9075920548476,102
2024-09-17 12:40:45.409000,404.90404945919664,11
2024-09-17 12:40:45.585000,404.9227464672757,99
2024-09-17 12:40:45.647000,404.8736280633208,104
2024-09-17 12:40:45.664000,404.8582728599071,96
2024-09-17 12:40:45.722000,404.861408986907,1005
2024-09-17 12:40:45.748000,404.8678597294359,5
2024-09-17 12:40:45.880000,404.9114233160907,12
2024-09-17 12:40:45.883000,404.89167577003184,1003
2024-09-17 12:40:45.904000,404.9020316593145,1003
2024-09-17 12:40:45.914000,404.90923924784096,95
2024-09-17 12:40:45.917000,404.9069973639525,14
2024-09-17 12:40:45.919000,404.90891471918513,1000
2024-09-17 12:40:45.960000,404.9255372744191,995
2024-09-17 12:40:45.966000,404.9254389626598,99
2024-09-17 12:40:45.988000,404.91827706729305,1005
2024-09-17 12:40:46.078000,404.929045796816,11
2024-09-17 12:40:46.125000,404.9416321428269,11
2024-09-17 12:40:46.171000,404.90064438974855,998
2024-09-17 12:40:46.190000,404.9504317445762,102
2024-09-17 12:40:46.331000,404.8979744470944,1000
2024-09-17 12:40:46.475000,404.9123942151018,6
2024-09-17 12:40:46.598000,404.9685778603507,9
2024-09-17 12:40:46.623000,404.9035331972121,101
2024-09-17 12:40:46.664000,404.94260176881113,100
2024-09-17 12:40:46.732000,404.9561064156866,998
2024-09-17 12:40:46.751000,404.9205012574717,1003
2024-09-17 12:40:46.783000,404.90655197235657,1004
2024-09-17 12:40:46.843000,404.9537886636437,6
2024-09-17 12:40:46.870000,404.9546967516382,1001
2024-09-17 12:40:47.097000,404.9077477232352,100
2024-09-17 12:40:47.194000,404.8747818987336,1002
2024-09-17 12:40:47.425000,404.8634613730501,1000
2024-09-17 12:40:47.760000,404.9069970474332,102
2024-09-17 12:40:47.868000,404.8496883626704,103
2024-09-17 12:40:47.980000,404.9062454586905,13
2024-09-17 12:40:48.394000,404.8516857753095,105
2024-09-17 12:40:48.592000,404.86592174162257,96
2024-09-17 12:40:49.228000,404.8707548406448,105
2024-09-17 12:40:49.575000,404.8527321194509,998
2024-09-17 12:40:49.797000,404.8653774535962,1000
2024-09-17 12:40:49.927000,404.8711931843177,95
2024-09-17 12:40:50.109000,404.8442610257128,97
2024-09-17 12:40:50.228000,404.7819626331337,1005
2024-09-17 12:40:50.290000,404.8078099811366,11
2024-09-17 12:40:50.325000,404.8187227509149,103
2024-09-17 12:40:50.371000,404.7619598112884,1001
2024-09-17 12:40:50.376000,404.7950148500155,97
2024-09-17 12:40:50.388000,404.7724007858597,7
2024-09-17 12:40:50.405000,404.8245661102873,1004
2024-09-17 12:40:50.450000,404.860539975927,5
2024-09-17 12:40:50.472000,404.8001976285179,7
2024-09-17 12:40:50.541000,404.8471088219197,95
2024-09-17 12:40:50.674000,404.7688249996587,6
2024-09-17 12:40:50.721000,404.8242195795558,11
2024-09-17 12:40:50.775000,404.838411446097,12
2024-09-17 12:40:50.942000,404.7781287031879,1005
2024-09-17 12:40:51.072000,404.87065261450937,15
2024-09-17 12:40:51.138000,404.8217677324536,7
2024-09-17 12:40:51.158000,404.83899514284735,100
2024-09-17 12:40:51.167000,404.822555813772,105
2024-09-17 12:40:51.180000,404.87587711793645,12
2024-09-17 12:40:51.214000,404.814144009137,1004
2024-09-17 12:40:51.279000,404.84697093514734,97
2024-09-17 12:40:51.324000,404.87023107639055,6
2024-09-17 12:40:51.338000,404.8424643737874,105
2024-09-17 12:40:51.365000,404.8817643608512,1002
2024-09-17 12:40:51.399000,404.8865250067132,102
2024-09-17 12:40:51.401000,404.82201273534616,999
2024-09-17 12:40:51.509000,404.837689343486,15
2024-09-17 12:40:51.527000,404.8671005953203,6
2024-09-17 12:40:51.553000,404.8402516340862,996
2024-09-17 12:40:51.563000,404.8481633046365,5
2024-09-17 12:40:51.592000,404.8474829849764,999
2024-09-17 12:40:51.736000,404.8750002804653,15
2024-09-17 12:40:51.738000,404.8386977538645,1002
2024-09-17 12:40:51.865000,404.85355923947054,98
2024-09-17 12:40:51.930000,404.842975954868,1005
2024-09-17 12:40:51.945000,404.8254930242105,997
2024-09-17 12:40:52.059000,404.870551211908,1001
2024-09-17 12:40:52.129000,404.8595305819052,9
2024-09-17 12:40:52.164000,404.8737441509968,103
2024-09-17 12:40:52.227000,404.8894816413146,11
2024-09-17 12:40:52.415000,404.8700937155179,105
2024-09-17 12:40:52.853000,404.8566784252172,7
2024-09-17 12:40:53.074000,404.8342083391682,1002
2024-09-17 12:40:53.203000,404.8334768260824,1005
2024-09-17 12:40:53.282000,404.83363329670135,15
2024-09-17 12:40:53.368000,404.8378820986436,997
2024-09-17 12:40:53.491000,404.8145809217269,999
2024-09-17 12:40:53.538000,404.8205987184626,1005
2024-09-17 12:40:53.678000,404.8516866010404,6
2024-09-17 12:40:53.706000,404.8248510993539,13
2024-09-17 12:40:53.720000,404.83303599314206,95
2024-09-17 12:40:53.746000,404.8462062688479,100
2024-09-17 12:40:53.775000,404.8498719711063,102
2024-09-17 12:40:53.814000,404.8516542443423,9
2024-09-17 12:40:53.856000,404.85109556794185,996
2024-09-17 12:40:53.922000,404.8530929206486,12
2024-09-17 12:40:53.960000,404.81782467318016,99
2024-09-17 12:40:54.188000,404.816038715167,7
2024-09-17 12:40:54.431000,404.8257075345359,1001
2024-09-17 12:40:54.532000,404.8303234030688,100
2024-09-17 12:40:54.555000,404.8260002422297,101
2024-09-17 12:40:54.661000,404.7731500931921,98
2024-09-17 12:40:54.809000,404.77772594662656,1000
2024-09-17 12:40:54.941000,404.7565372765656,5
2024-09-17 12:40:54.989000,404.7871176692456,995
2024-09-17 12:40:56.014000,404.7401289243328,99
2024-09-17 12:40:56.094000,404.7497146273309,95
2024-09-17 12:40:57.018000,404.80267151755777,1000
2024-09-17 12:40:57.047000,404.7629053863008,99
2024-09-17 12:40:57.047000,404.7404398954708,98
2024-09-17 12:40:57.119000,404.80221051641104,104
2024-09-17 12:40:57.183000,404.8218558015512,1000
2024-09-17 12:40:57.212000,404.8010080180808,1000
2024-09-17 12:40:57.216000,404.78530158596993,1003
2024-09-17 12:40:57.254000,404.7492213790154,15
2024-09-17 12:40:57.257000,404.7832269240391,998
2024-09-17 12:40:57.263000,404.78259603616254,1003
2024-09-17 12:40:57.282000,404.78777024186496,10
2024-09-17 12:40:57.346000,404.7881395482563,1000
2024-09-17 12:40:57.382000,404.75429347326855,102
2024-09-17 12:40:57.440000,404.7760332200672,1001
2024-09-17 12:40:57.572000,404.7741702538758,97
2024-09-17 12:40:57.585000,404.7822192512447,96
2024-09-17 12:40:57.608000,404.7660668711342,6
2024-09-17 12:40:57.622000,404.7881844925688,98
2024-09-17 12:40:57.780000,404.74125174151567,6
2024-09-17 12:40:57.889000,404.7723478508525,11
2024-09-17 12:40:57.904000,404.7789949821147,102
2024-09-17 12:40:57.932000,404.7714638962708,6
2024-09-17 12:40:57.997000,404.7527205667767,105
2024-09-17 12:40:58.021000,404.7940287492484,1003
2024-09-17 12:40:58.153000,404.8159516740365,103
2024-09-17 12:40:58.598000,404.8042828604852,99
2024-09-17 12:40:58.619000,404.82280584564967,15
2024-09-17 12:40:58.658000,404.8044607961972,8
2024-09-17 12:40:58.733000,404.8111519473209,12
2024-09-17 12:40:59.072000,404.8051620862069,6
2024-09-17 12:40:59.170000,404.7801298622415,995
2024-09-17 12:40:59.194000,404.8144770941336,999
2024-09-17 12:40:59.295000,404.81916841368536,96
2024-09-17 12:40:59.405000,404.78963506049513,9
2024-09-17 12:40:59.430000,404.8021033825509,9
2024-09-17 12:40:59.434000,404.8101670652738,1002
2024-09-17 12:40:59.547000,404.8119305271084,100
2024-09-17 12:40:59.548000,404.8160934098093,7
2024-09-17 12:40:59.596000,404.8109437296915,1003
2024-09-17 12:40:59.628000,404.8126568416035,995
2024-09-17 12:40:59.738000,404.82714299547945,9
2024-09-17 12:40:59.780000,404.78545427666415,1004
2024-09-17 12:40:59.829000,404.8250269271348,96
2024-09-17 12:40:59.932000,404.79169209046046,1001
2024-09-17 12:40:59.941000,404.8182101120032,999
2024-09-17 12:40:59.994000,404.8097163588873,6
