Timestamp,Price,Size
2024-09-16 13:40:00.070000,415.2871312249797,998
2024-09-16 13:40:00.157000,415.2550282139512,14
2024-09-16 13:40:00.166000,415.31141452460736,13
2024-09-16 13:40:00.249000,415.317192824609,100
2024-09-16 13:40:00.274000,415.2383868014671,10
2024-09-16 13:40:00.288000,415.2953277201547,7
2024-09-16 13:40:00.373000,415.3127706454719,97
2024-09-16 13:40:00.406000,415.2471417130888,7
2024-09-16 13:40:00.488000,415.3104462345373,99
2024-09-16 13:40:00.510000,415.28833010549897,1002
2024-09-16 13:40:00.514000,415.3343342755432,998
2024-09-16 13:40:00.529000,415.316572899755,101
2024-09-16 13:40:00.531000,415.2834122424364,13
2024-09-16 13:40:00.554000,415.2271858677887,14
2024-09-16 13:40:00.582000,415.3109401347473,101
2024-09-16 13:40:00.717000,415.2612866333494,999
2024-09-16 13:40:00.760000,415.33678342628417,8
2024-09-16 13:40:00.782000,415.32903468973615,14
2024-09-16 13:40:00.808000,415.2559814480856,98
2024-09-16 13:40:00.874000,415.3064120926365,100
2024-09-16 13:40:00.901000,415.32807806007065,11
2024-09-16 13:40:00.931000,415.3341819963729,10
2024-09-16 13:40:00.957000,415.30058343138654,101
2024-09-16 13:40:01.005000,415.2442940768762,5
2024-09-16 13:40:01.057000,415.2579861506762,1005
2024-09-16 13:40:01.068000,415.3048867610202,103
2024-09-16 13:40:01.085000,415.2547544793806,6
2024-09-16 13:40:01.122000,415.2966138303155,9
2024-09-16 13:40:01.152000,415.3187141807596,100
2024-09-16 13:40:01.167000,415.2854612505316,96
2024-09-16 13:40:01.240000,415.2682282737959,997
2024-09-16 13:40:01.362000,415.290046787232,103
2024-09-16 13:40:01.367000,415.31108386246336,103
2024-09-16 13:40:01.381000,415.255520443826,11
2024-09-16 13:40:01.407000,415.2772436412434,99
2024-09-16 13:40:01.436000,415.2728306068599,8
2024-09-16 13:40:01.444000,415.253296079733,95
2024-09-16 13:40:01.481000,415.2398224906831,96
2024-09-16 13:40:01.502000,415.2454843046028,1002
2024-09-16 13:40:01.558000,415.25268999374737,102
2024-09-16 13:40:01.560000,415.2856101713983,15
2024-09-16 13:40:01.567000,415.27010808161214,996
2024-09-16 13:40:01.726000,415.2422382281145,995
2024-09-16 13:40:01.780000,415.2438212156877,100
2024-09-16 13:40:01.803000,415.2937639633164,13
2024-09-16 13:40:01.803000,415.24629187001415,996
2024-09-16 13:40:01.845000,415.2500360894864,1000
2024-09-16 13:40:01.992000,415.2889573334415,9
2024-09-16 13:40:02.027000,415.3048573129241,998
2024-09-16 13:40:02.114000,415.26116837655024,1001
2024-09-16 13:40:02.126000,415.30463444811454,7
2024-09-16 13:40:02.149000,415.2705861167428,105
2024-09-16 13:40:02.197000,415.306898578171,998
2024-09-16 13:40:02.216000,415.2630535302382,102
2024-09-16 13:40:02.256000,415.2744315604173,999
2024-09-16 13:40:02.289000,415.2858283847766,101
2024-09-16 13:40:02.330000,415.2586498553702,1004
2024-09-16 13:40:02.368000,415.2865461822363,1004
2024-09-16 13:40:02.384000,415.2839037727532,1004
2024-09-16 13:40:02.422000,415.2868423427065,100
2024-09-16 13:40:02.432000,415.2721096233313,102
2024-09-16 13:40:02.464000,415.28856009930126,13
2024-09-16 13:40:02.485000,415.27793687424094,1000
2024-09-16 13:40:02.532000,415.30078974471184,998
2024-09-16 13:40:02.580000,415.2833476918228,997
2024-09-16 13:40:02.594000,415.2528858644245,95
2024-09-16 13:40:02.650000,415.3024840429913,11
2024-09-16 13:40:02.692000,415.28762140927387,1005
2024-09-16 13:40:02.885000,415.2804388839169,102
2024-09-16 13:40:02.887000,415.29851742590847,13
2024-09-16 13:40:02.906000,415.2855151353116,99
2024-09-16 13:40:02.916000,415.2983732375475,996
2024-09-16 13:40:02.928000,415.2722199337886,1000
2024-09-16 13:40:02.939000,415.2729339752335,11
2024-09-16 13:40:02.976000,415.2593898564602,1005
2024-09-16 13:40:02.976000,415.2855084976783,103
2024-09-16 13:40:02.987000,415.2914415406046,5
2024-09-16 13:40:03,415.2310253073789,11
2024-09-16 13:40:03.036000,415.2657864886278,11
2024-09-16 13:40:03.054000,415.249719485831,998
2024-09-16 13:40:03.067000,415.22321764037,97
2024-09-16 13:40:03.088000,415.2199650985312,1005
2024-09-16 13:40:03.126000,415.2131309100291,998
2024-09-16 13:40:03.148000,415.234458702058,12
2024-09-16 13:40:03.206000,415.2208783097695,14
2024-09-16 13:40:03.318000,415.2720840267587,97
2024-09-16 13:40:03.399000,415.23340127293966,5
2024-09-16 13:40:03.417000,415.25895551063553,1002
2024-09-16 13:40:03.455000,415.27057545503885,998
2024-09-16 13:40:03.509000,415.2294370730008,9
2024-09-16 13:40:03.595000,415.2205871676825,996
2024-09-16 13:40:03.623000,415.23669512104607,13
2024-09-16 13:40:03.639000,415.2236238448688,995
2024-09-16 13:40:03.653000,415.21970868739055,105
2024-09-16 13:40:03.677000,415.26901072996674,997
2024-09-16 13:40:03.679000,415.25591349679183,98
2024-09-16 13:40:03.829000,415.2848787542192,995
2024-09-16 13:40:03.846000,415.2328312715564,105
2024-09-16 13:40:03.931000,415.2558918257769,99
2024-09-16 13:40:03.976000,415.2709833811104,1004
2024-09-16 13:40:04.018000,415.28703188096273,998
2024-09-16 13:40:04.082000,415.3038226917865,1004
2024-09-16 13:40:04.090000,415.2661686434892,13
2024-09-16 13:40:04.181000,415.27872905237314,997
2024-09-16 13:40:04.227000,415.2795376578193,10
2024-09-16 13:40:04.257000,415.2864151337229,9
2024-09-16 13:40:04.359000,415.285821386812,996
2024-09-16 13:40:04.370000,415.284915852462,1003
2024-09-16 13:40:04.476000,415.2725332280209,14
2024-09-16 13:40:04.559000,415.286168719417,14
2024-09-16 13:40:04.629000,415.2792182996012,998
2024-09-16 13:40:04.683000,415.2723923777351,7
2024-09-16 13:40:04.805000,415.296293807118,103
2024-09-16 13:40:04.826000,415.2753821966298,1001
2024-09-16 13:40:04.853000,415.284293264931,1003
2024-09-16 13:40:04.883000,415.2770642015336,98
2024-09-16 13:40:04.939000,415.2865379634319,13
2024-09-16 13:40:05.002000,415.2743598978555,995
2024-09-16 13:40:05.109000,415.27328787431935,96
2024-09-16 13:40:05.168000,415.2685827748312,12
2024-09-16 13:40:05.183000,415.3103076732265,996
2024-09-16 13:40:05.332000,415.2832702590333,15
2024-09-16 13:40:05.360000,415.26899553724047,95
2024-09-16 13:40:05.364000,415.293897645922,1001
2024-09-16 13:40:05.372000,415.2801791883696,13
2024-09-16 13:40:05.383000,415.285274242801,1001
2024-09-16 13:40:05.384000,415.287333678676,1000
2024-09-16 13:40:05.533000,415.3074460289129,1005
2024-09-16 13:40:05.597000,415.2785364141887,5
2024-09-16 13:40:05.633000,415.2844555201671,9
2024-09-16 13:40:05.697000,415.28256467725305,104
2024-09-16 13:40:05.776000,415.2829770554422,98
2024-09-16 13:40:05.990000,415.2960968803811,8
2024-09-16 13:40:05.998000,415.2686006984554,7
2024-09-16 13:40:06.040000,415.2720896755622,95
2024-09-16 13:40:06.045000,415.30461933183045,12
2024-09-16 13:40:06.080000,415.3066096464605,13
2024-09-16 13:40:06.271000,415.28622049890544,10
2024-09-16 13:40:06.284000,415.28239798841776,103
2024-09-16 13:40:06.544000,415.3039530677736,996
2024-09-16 13:40:06.639000,415.30999793165705,99
2024-09-16 13:40:07.475000,415.3201781738138,5
2024-09-16 13:40:08.159000,415.3985570426001,104
2024-09-16 13:40:08.160000,415.3981264781068,1004
2024-09-16 13:40:08.213000,415.3549182207967,997
2024-09-16 13:40:08.308000,415.34982414966447,13
2024-09-16 13:40:08.313000,415.36150618752873,102
2024-09-16 13:40:08.319000,415.3368944841009,8
2024-09-16 13:40:08.369000,415.3341397964373,6
2024-09-16 13:40:08.390000,415.37571529440777,1001
2024-09-16 13:40:08.424000,415.3394591530769,7
2024-09-16 13:40:08.451000,415.3567731079604,6
2024-09-16 13:40:08.491000,415.4102086386984,995
2024-09-16 13:40:08.538000,415.40521529689664,1001
2024-09-16 13:40:08.556000,415.3509421821065,996
2024-09-16 13:40:08.620000,415.3342218238657,10
2024-09-16 13:40:08.668000,415.4132387350524,5
2024-09-16 13:40:08.724000,415.39057813828975,997
2024-09-16 13:40:08.730000,415.40806392683936,5
2024-09-16 13:40:08.794000,415.4121670953201,7
2024-09-16 13:40:08.880000,415.3457202580103,101
2024-09-16 13:40:08.910000,415.41166144436977,98
2024-09-16 13:40:08.949000,415.34229857714325,99
2024-09-16 13:40:08.960000,415.4137569679101,11
2024-09-16 13:40:08.985000,415.41611038150216,1000
2024-09-16 13:40:09.052000,415.40334962935134,105
2024-09-16 13:40:09.056000,415.3697816690012,14
2024-09-16 13:40:09.147000,415.3615959878429,6
2024-09-16 13:40:09.424000,415.3763001384794,11
2024-09-16 13:40:09.429000,415.4245209396896,9
2024-09-16 13:40:09.435000,415.3697576058246,999
2024-09-16 13:40:09.548000,415.3845912214655,1004
2024-09-16 13:40:09.625000,415.4143762852328,6
2024-09-16 13:40:09.679000,415.3921950844475,1002
2024-09-16 13:40:09.702000,415.39226989440687,10
2024-09-16 13:40:09.745000,415.37021303629336,998
2024-09-16 13:40:09.774000,415.3841022440645,1000
2024-09-16 13:40:09.789000,415.3776670440677,104
2024-09-16 13:40:09.817000,415.3928244745901,100
2024-09-16 13:40:09.882000,415.37860107645287,10
2024-09-16 13:40:09.904000,415.4046501161763,997
2024-09-16 13:40:09.935000,415.3883298680552,100
2024-09-16 13:40:10.015000,415.3668399388355,14
2024-09-16 13:40:10.131000,415.3956638771036,100
2024-09-16 13:40:10.152000,415.3839629983354,1002
2024-09-16 13:40:10.425000,415.3870144945085,999
2024-09-16 13:40:10.589000,415.3784354624405,100
2024-09-16 13:40:10.603000,415.3874340493984,104
2024-09-16 13:40:10.732000,415.3333337037554,14
2024-09-16 13:40:10.750000,415.3493096727482,7
2024-09-16 13:40:10.801000,415.3806520666533,995
2024-09-16 13:40:10.898000,415.3532558006871,8
2024-09-16 13:40:10.964000,415.376006372515,103
2024-09-16 13:40:11.015000,415.47729214394,10
2024-09-16 13:40:11.029000,415.4025479682402,11
2024-09-16 13:40:11.075000,415.3382247367094,997
2024-09-16 13:40:11.084000,415.3184080571574,5
2024-09-16 13:40:11.088000,415.4778033405239,96
2024-09-16 13:40:11.155000,415.3985490005453,995
2024-09-16 13:40:11.171000,415.348255476682,12
2024-09-16 13:40:11.182000,415.3279198064102,11
2024-09-16 13:40:11.276000,415.4357860714612,995
2024-09-16 13:40:11.299000,415.4610624395823,997
2024-09-16 13:40:11.383000,415.3849062293784,7
2024-09-16 13:40:11.394000,415.3272803918276,1004
2024-09-16 13:40:11.417000,415.4035405515227,99
2024-09-16 13:40:11.462000,415.4083927432316,1004
2024-09-16 13:40:11.523000,415.344342317158,97
2024-09-16 13:40:11.537000,415.4008142430265,5
2024-09-16 13:40:11.582000,415.3190785688872,1003
2024-09-16 13:40:11.641000,415.39835315524414,1005
2024-09-16 13:40:11.673000,415.45369850491096,996
2024-09-16 13:40:11.729000,415.389464221671,5
2024-09-16 13:40:11.741000,415.4556908548973,9
2024-09-16 13:40:11.766000,415.3783608856118,996
2024-09-16 13:40:11.794000,415.4099700063902,9
2024-09-16 13:40:11.810000,415.3203019752848,1003
2024-09-16 13:40:11.869000,415.3955466950256,999
2024-09-16 13:40:11.916000,415.41510334233897,7
2024-09-16 13:40:11.927000,415.39151376242944,1000
2024-09-16 13:40:11.960000,415.422168858228,98
2024-09-16 13:40:12.742000,415.4391543331259,105
2024-09-16 13:40:13.071000,415.4476125711714,999
2024-09-16 13:40:13.405000,415.45563353096713,1000
2024-09-16 13:40:13.409000,415.43727504687325,8
2024-09-16 13:40:13.471000,415.4503965245704,999
2024-09-16 13:40:13.492000,415.4553650381742,10
2024-09-16 13:40:13.838000,415.4439968326837,1003
2024-09-16 13:40:13.857000,415.4545211199389,101
2024-09-16 13:40:13.890000,415.4455935762349,104
2024-09-16 13:40:15.245000,415.47491243241865,95
2024-09-16 13:40:15.308000,415.4449141139516,998
2024-09-16 13:40:15.536000,415.4633195316633,1001
2024-09-16 13:40:16.001000,415.54070898659705,103
2024-09-16 13:40:16.088000,415.5624701688076,105
2024-09-16 13:40:16.104000,415.5544452122427,95
2024-09-16 13:40:16.125000,415.5462948187776,98
2024-09-16 13:40:16.230000,415.5499665581871,97
2024-09-16 13:40:16.239000,415.5437026028972,1002
2024-09-16 13:40:16.264000,415.5542509849939,998
2024-09-16 13:40:16.313000,415.5091959727705,999
2024-09-16 13:40:16.335000,415.4944084573576,105
2024-09-16 13:40:16.382000,415.56121042863344,99
2024-09-16 13:40:16.399000,415.547541323881,997
2024-09-16 13:40:16.402000,415.5094429046283,96
2024-09-16 13:40:16.411000,415.5565413409413,1002
2024-09-16 13:40:16.441000,415.5080194920602,103
2024-09-16 13:40:16.452000,415.5496364192999,98
2024-09-16 13:40:16.572000,415.5532486029476,6
2024-09-16 13:40:16.619000,415.558636180622,1002
2024-09-16 13:40:16.674000,415.5374163373575,13
2024-09-16 13:40:16.715000,415.5162422736483,1002
2024-09-16 13:40:16.735000,415.5425133280855,103
2024-09-16 13:40:16.934000,415.4947083579208,13
2024-09-16 13:40:16.934000,415.5132243627313,100
2024-09-16 13:40:16.942000,415.5489374177688,10
2024-09-16 13:40:16.997000,415.5628947162393,103
2024-09-16 13:40:17.024000,415.56020924210446,14
2024-09-16 13:40:17.048000,415.5634039374624,997
2024-09-16 13:40:17.087000,415.5631335732144,9
2024-09-16 13:40:17.126000,415.5547171925154,98
2024-09-16 13:40:17.189000,415.57556094554496,101
2024-09-16 13:40:17.353000,415.57268108045855,1002
2024-09-16 13:40:17.655000,415.5801106221626,1002
2024-09-16 13:40:17.774000,415.5580000819377,13
2024-09-16 13:40:17.807000,415.577269421417,102
2024-09-16 13:40:17.939000,415.564994997861,96
2024-09-16 13:40:18.216000,415.5760615541792,95
2024-09-16 13:40:18.499000,415.5927158176737,6
2024-09-16 13:40:18.579000,415.5830314130213,996
2024-09-16 13:40:18.632000,415.56769176511233,999
2024-09-16 13:40:18.635000,415.5775428524973,10
2024-09-16 13:40:18.692000,415.5910574402224,1005
2024-09-16 13:40:18.787000,415.5671686016632,1000
2024-09-16 13:40:18.819000,415.5994193319245,12
2024-09-16 13:40:19.311000,415.567711703903,1002
2024-09-16 13:40:19.581000,415.5719506324489,997
2024-09-16 13:40:19.736000,415.56947734924967,1001
2024-09-16 13:40:20.063000,415.5347028627922,105
2024-09-16 13:40:20.090000,415.5240384008367,997
2024-09-16 13:40:20.155000,415.5539132397807,7
2024-09-16 13:40:20.397000,415.5670825610015,105
2024-09-16 13:40:20.413000,415.565772014031,98
2024-09-16 13:40:20.458000,415.54762725264527,104
2024-09-16 13:40:20.641000,415.5508599232705,14
2024-09-16 13:40:21.007000,415.64778795363793,1002
2024-09-16 13:40:21.013000,415.62237741702455,9
2024-09-16 13:40:21.032000,415.6558810478938,7
2024-09-16 13:40:21.044000,415.6390730638445,98
2024-09-16 13:40:21.177000,415.5588826139215,99
2024-09-16 13:40:21.195000,415.6356494789157,997
2024-09-16 13:40:21.309000,415.65067220379257,101
2024-09-16 13:40:21.317000,415.6401854755634,97
2024-09-16 13:40:21.352000,415.6466707352245,1003
2024-09-16 13:40:21.398000,415.588146793443,105
2024-09-16 13:40:21.417000,415.6029965769876,102
2024-09-16 13:40:21.426000,415.62480977178336,1002
2024-09-16 13:40:21.477000,415.62386883633167,100
2024-09-16 13:40:21.477000,415.5594749597682,13
2024-09-16 13:40:21.516000,415.5663552766267,101
2024-09-16 13:40:21.536000,415.5619020947323,14
2024-09-16 13:40:21.545000,415.6479431628303,99
2024-09-16 13:40:21.583000,415.65356044698575,101
2024-09-16 13:40:21.699000,415.558444839864,103
2024-09-16 13:40:21.721000,415.5638234662882,14
2024-09-16 13:40:21.735000,415.6125726323346,95
2024-09-16 13:40:21.744000,415.5665272975029,9
2024-09-16 13:40:21.755000,415.651886371669,14
2024-09-16 13:40:21.787000,415.600390776563,6
2024-09-16 13:40:21.889000,415.6280410146131,10
2024-09-16 13:40:21.918000,415.5783496626059,102
2024-09-16 13:40:21.928000,415.6074935433283,97
2024-09-16 13:40:21.931000,415.5737271232173,8
2024-09-16 13:40:21.931000,415.6173807725286,103
2024-09-16 13:40:21.970000,415.5665334934269,8
2024-09-16 13:40:22.004000,415.6585299056513,15
2024-09-16 13:40:22.045000,415.63917441219024,104
2024-09-16 13:40:22.076000,415.570707839846,5
2024-09-16 13:40:22.102000,415.6591453158647,996
2024-09-16 13:40:22.129000,415.6171880053092,104
2024-09-16 13:40:22.153000,415.5697069886675,999
2024-09-16 13:40:22.168000,415.5846756944388,95
2024-09-16 13:40:22.297000,415.6801475847837,95
2024-09-16 13:40:22.344000,415.5648743379092,11
2024-09-16 13:40:22.357000,415.6783398431709,13
2024-09-16 13:40:22.375000,415.6458005880304,12
2024-09-16 13:40:22.383000,415.66639869182745,98
2024-09-16 13:40:22.390000,415.6353585058485,96
2024-09-16 13:40:22.411000,415.5945475428448,1005
2024-09-16 13:40:22.424000,415.5681523045874,1001
2024-09-16 13:40:22.513000,415.613376990629,7
2024-09-16 13:40:22.644000,415.5868163019909,95
2024-09-16 13:40:22.762000,415.5735471229323,15
2024-09-16 13:40:22.868000,415.67229067587374,999
2024-09-16 13:40:22.882000,415.6776957906016,10
2024-09-16 13:40:22.902000,415.6365395963694,99
2024-09-16 13:40:22.903000,415.5768746596618,9
2024-09-16 13:40:22.929000,415.6342660609578,97
2024-09-16 13:40:22.932000,415.5674950617028,101
2024-09-16 13:40:22.935000,415.5687973402785,1002
2024-09-16 13:40:22.987000,415.5801443415325,1004
2024-09-16 13:40:23.022000,415.5998359056777,96
2024-09-16 13:40:23.117000,415.5907624509342,12
2024-09-16 13:40:23.323000,415.5877538175272,10
2024-09-16 13:40:23.523000,415.59063719074834,15
2024-09-16 13:40:23.869000,415.5867878314512,10
2024-09-16 13:40:25.201000,415.5697572856048,1002
2024-09-16 13:40:25.327000,415.5655347596481,102
2024-09-16 13:40:25.424000,415.5723555061825,1005
2024-09-16 13:40:25.461000,415.6016965246115,105
2024-09-16 13:40:25.544000,415.5975581300107,102
2024-09-16 13:40:25.587000,415.6153513041917,13
2024-09-16 13:40:25.848000,415.5790753036123,105
2024-09-16 13:40:25.931000,415.603874225434,995
2024-09-16 13:40:25.974000,415.5987530361289,995
2024-09-16 13:40:26.012000,415.6307365231257,1000
2024-09-16 13:40:26.072000,415.6281185081949,100
2024-09-16 13:40:26.099000,415.5582148295824,105
2024-09-16 13:40:26.151000,415.6448684173211,1001
2024-09-16 13:40:26.163000,415.624917846601,8
2024-09-16 13:40:26.186000,415.726579659852,1004
2024-09-16 13:40:26.231000,415.62664780972807,996
2024-09-16 13:40:26.237000,415.6321819676678,1002
2024-09-16 13:40:26.248000,415.6264651526967,97
2024-09-16 13:40:26.288000,415.6726483452993,9
2024-09-16 13:40:26.333000,415.667864737139,1002
2024-09-16 13:40:26.384000,415.6613212244715,1001
2024-09-16 13:40:26.399000,415.5785028060736,7
2024-09-16 13:40:26.504000,415.6176668878622,5
2024-09-16 13:40:26.526000,415.66941950043616,13
2024-09-16 13:40:26.528000,415.6109792359729,15
2024-09-16 13:40:26.549000,415.6591762957475,5
2024-09-16 13:40:26.551000,415.6644548935911,98
2024-09-16 13:40:26.586000,415.6328901322395,1002
2024-09-16 13:40:26.667000,415.7163894926027,1001
2024-09-16 13:40:26.682000,415.7110148202477,13
2024-09-16 13:40:26.687000,415.58279706751387,13
2024-09-16 13:40:26.811000,415.6730972855655,6
2024-09-16 13:40:26.846000,415.636831929544,101
2024-09-16 13:40:26.867000,415.7034740135163,97
2024-09-16 13:40:26.889000,415.5436860430555,1001
2024-09-16 13:40:26.999000,415.55484177362274,998
2024-09-16 13:40:27.116000,415.7321006997088,13
2024-09-16 13:40:27.182000,415.7272087364289,996
2024-09-16 13:40:27.193000,415.709483239126,12
2024-09-16 13:40:27.223000,415.7251320286833,9
2024-09-16 13:40:27.331000,415.7263788223674,998
2024-09-16 13:40:27.382000,415.7054274930584,996
2024-09-16 13:40:27.468000,415.7179065750652,105
2024-09-16 13:40:27.554000,415.7207356887046,13
2024-09-16 13:40:27.640000,415.72077786704216,13
2024-09-16 13:40:27.699000,415.7235869375059,104
2024-09-16 13:40:27.808000,415.7180017178082,997
2024-09-16 13:40:27.963000,415.7319482487152,5
2024-09-16 13:40:28.084000,415.70514980543896,10
2024-09-16 13:40:28.090000,415.6838970131651,1001
2024-09-16 13:40:28.111000,415.7040858596109,12
2024-09-16 13:40:28.129000,415.7100769950943,998
2024-09-16 13:40:28.155000,415.7134022149424,102
2024-09-16 13:40:28.179000,415.70676798636094,995
2024-09-16 13:40:28.189000,415.7192338960018,1004
2024-09-16 13:40:28.253000,415.7272607949144,12
2024-09-16 13:40:28.260000,415.7298238126219,1004
2024-09-16 13:40:28.264000,415.72648733354,996
2024-09-16 13:40:28.275000,415.7186454048256,6
2024-09-16 13:40:28.295000,415.7102639598767,11
2024-09-16 13:40:28.298000,415.7177173909265,997
2024-09-16 13:40:28.441000,415.7134125865553,100
2024-09-16 13:40:28.630000,415.6792328459379,1000
2024-09-16 13:40:28.709000,415.706415836321,12
2024-09-16 13:40:28.735000,415.72339844200974,104
2024-09-16 13:40:28.777000,415.7108110037113,1005
2024-09-16 13:40:28.788000,415.6972006215315,99
2024-09-16 13:40:28.866000,415.6798679842993,15
2024-09-16 13:40:28.979000,415.68295360692224,6
2024-09-16 13:40:29.005000,415.72329555822455,95
2024-09-16 13:40:29.014000,415.68808051865176,997
2024-09-16 13:40:29.014000,415.7230558335714,100
2024-09-16 13:40:29.093000,415.7061056620182,98
2024-09-16 13:40:29.117000,415.7078535017284,105
2024-09-16 13:40:29.151000,415.6935227256352,102
2024-09-16 13:40:29.200000,415.713692886452,995
2024-09-16 13:40:29.232000,415.7008689066942,9
2024-09-16 13:40:29.250000,415.6980109830169,105
2024-09-16 13:40:29.278000,415.71728989790057,9
2024-09-16 13:40:29.396000,415.73994074414776,8
2024-09-16 13:40:29.478000,415.704745489354,102
2024-09-16 13:40:29.487000,415.70135876933966,5
2024-09-16 13:40:29.619000,415.7240642620257,100
2024-09-16 13:40:29.651000,415.7306591688239,995
2024-09-16 13:40:29.711000,415.73117603378944,98
2024-09-16 13:40:29.788000,415.7060741380689,14
2024-09-16 13:40:29.838000,415.7317611321029,1000
2024-09-16 13:40:29.842000,415.7111308747441,97
2024-09-16 13:40:29.879000,415.7262054945747,7
2024-09-16 13:40:29.890000,415.7377539242245,102
2024-09-16 13:40:29.963000,415.697756610771,1001
2024-09-16 13:40:29.969000,415.68578106417993,7
2024-09-16 13:40:30.079000,415.7416245751993,1000
2024-09-16 13:40:30.130000,415.7731580611708,996
2024-09-16 13:40:30.171000,415.7867738207575,9
2024-09-16 13:40:30.252000,415.7643095094819,9
2024-09-16 13:40:30.316000,415.7369252764032,11
2024-09-16 13:40:30.354000,415.7191889867361,11
2024-09-16 13:40:30.357000,415.7425101369984,1000
2024-09-16 13:40:30.415000,415.81248048201496,1001
2024-09-16 13:40:30.482000,415.8011688418969,97
2024-09-16 13:40:30.565000,415.7660497134243,101
2024-09-16 13:40:30.597000,415.77078235213713,8
2024-09-16 13:40:30.629000,415.75445706966576,15
2024-09-16 13:40:30.631000,415.7459059713426,1005
2024-09-16 13:40:30.644000,415.7840252772077,11
2024-09-16 13:40:30.689000,415.82731264124624,15
2024-09-16 13:40:30.692000,415.8152457759544,15
2024-09-16 13:40:30.712000,415.7911864073434,996
2024-09-16 13:40:30.713000,415.8164830440372,98
2024-09-16 13:40:30.720000,415.7570199714017,95
2024-09-16 13:40:30.725000,415.7246776020506,999
2024-09-16 13:40:30.751000,415.8069265237026,10
2024-09-16 13:40:30.820000,415.74974285473934,103
2024-09-16 13:40:30.855000,415.7644633813004,104
2024-09-16 13:40:30.878000,415.79206878698574,12
2024-09-16 13:40:30.938000,415.7214363139154,15
2024-09-16 13:40:30.956000,415.7473820008596,103
2024-09-16 13:40:30.991000,415.822300111352,998
2024-09-16 13:40:31.026000,415.7921412752996,1005
2024-09-16 13:40:31.095000,415.74416431794367,995
2024-09-16 13:40:31.332000,415.76819470573633,103
2024-09-16 13:40:31.332000,415.7497652093621,5
2024-09-16 13:40:31.355000,415.77643425078185,105
2024-09-16 13:40:31.391000,415.80793863560615,13
2024-09-16 13:40:31.453000,415.81617627733993,5
2024-09-16 13:40:31.504000,415.7948600870791,96
2024-09-16 13:40:31.653000,415.8056278751997,996
2024-09-16 13:40:31.669000,415.7845355174069,998
2024-09-16 13:40:31.719000,415.8040719225565,105
2024-09-16 13:40:31.723000,415.7960080412813,1000
2024-09-16 13:40:31.756000,415.78250185651257,9
2024-09-16 13:40:31.831000,415.7801776188423,13
2024-09-16 13:40:31.925000,415.80241052960986,95
2024-09-16 13:40:31.973000,415.8102438773182,99
2024-09-16 13:40:32.103000,415.7632955275311,1002
2024-09-16 13:40:32.348000,415.7708058547245,105
2024-09-16 13:40:32.535000,415.75206056655,998
2024-09-16 13:40:32.741000,415.76285169390354,11
2024-09-16 13:40:32.788000,415.768740548465,96
2024-09-16 13:40:33.005000,415.75767284997954,9
2024-09-16 13:40:33.032000,415.7042775749872,97
2024-09-16 13:40:33.040000,415.7301151397055,996
2024-09-16 13:40:33.204000,415.7167020158981,11
2024-09-16 13:40:33.232000,415.7083058183358,1002
2024-09-16 13:40:33.296000,415.71666858893735,1000
2024-09-16 13:40:33.350000,415.7331307075119,103
2024-09-16 13:40:33.351000,415.7440479188372,1005
2024-09-16 13:40:33.424000,415.722777748457,104
2024-09-16 13:40:33.447000,415.77612674700856,96
2024-09-16 13:40:33.483000,415.75540271168745,14
2024-09-16 13:40:33.626000,415.7448313936251,7
2024-09-16 13:40:33.641000,415.76713726350033,1002
2024-09-16 13:40:33.715000,415.7600710357731,995
2024-09-16 13:40:33.803000,415.7490253526548,105
2024-09-16 13:40:33.857000,415.76671623851695,10
2024-09-16 13:40:33.943000,415.7418631944243,999
2024-09-16 13:40:34.006000,415.6714999962266,15
2024-09-16 13:40:34.060000,415.7084177555934,995
2024-09-16 13:40:34.208000,415.7142319105084,15
2024-09-16 13:40:34.390000,415.730434392776,10
2024-09-16 13:40:34.427000,415.728789798891,1003
2024-09-16 13:40:34.433000,415.6886334359472,105
2024-09-16 13:40:34.497000,415.74452813066654,14
2024-09-16 13:40:34.502000,415.680667855871,1001
2024-09-16 13:40:34.510000,415.70399007074445,9
2024-09-16 13:40:34.527000,415.7163158923853,104
2024-09-16 13:40:34.562000,415.7176008757033,100
2024-09-16 13:40:34.684000,415.7042215533386,996
2024-09-16 13:40:34.701000,415.6716907556912,15
2024-09-16 13:40:34.740000,415.7136103755917,1004
2024-09-16 13:40:34.847000,415.71454284538254,10
2024-09-16 13:40:34.923000,415.69669515720665,1004
2024-09-16 13:40:34.949000,415.706083530483,10
2024-09-16 13:40:35.037000,415.68387181376943,9
2024-09-16 13:40:35.115000,415.70572211222446,10
2024-09-16 13:40:35.133000,415.6924320904773,96
2024-09-16 13:40:35.262000,415.70367449548985,1000
2024-09-16 13:40:35.339000,415.6915998984492,1005
2024-09-16 13:40:35.377000,415.689850259924,99
2024-09-16 13:40:35.418000,415.67954353151,14
2024-09-16 13:40:35.439000,415.6883506504925,96
2024-09-16 13:40:35.465000,415.6831274059268,13
2024-09-16 13:40:35.625000,415.7086143605156,102
2024-09-16 13:40:35.793000,415.7027861250837,15
2024-09-16 13:40:35.805000,415.7201302199767,1004
2024-09-16 13:40:35.852000,415.6969005028394,14
2024-09-16 13:40:35.911000,415.7005249555956,103
2024-09-16 13:40:35.948000,415.72656639335503,12
2024-09-16 13:40:36.103000,415.7039201491005,5
2024-09-16 13:40:36.262000,415.7138901684569,8
2024-09-16 13:40:36.273000,415.716323864588,11
2024-09-16 13:40:36.351000,415.7162260072651,102
2024-09-16 13:40:36.405000,415.7273423018035,997
2024-09-16 13:40:36.558000,415.71469128812737,995
2024-09-16 13:40:36.591000,415.7090467369041,9
2024-09-16 13:40:36.600000,415.71120872963314,1001
2024-09-16 13:40:36.633000,415.7500281579175,5
2024-09-16 13:40:36.696000,415.7119230220314,102
2024-09-16 13:40:36.794000,415.7515963212344,103
2024-09-16 13:40:36.822000,415.747330465555,95
2024-09-16 13:40:36.864000,415.7103179559949,6
2024-09-16 13:40:36.951000,415.7042706877498,10
2024-09-16 13:40:37.012000,415.7799508668528,8
2024-09-16 13:40:37.121000,415.7660941192333,11
2024-09-16 13:40:37.192000,415.7952273380628,104
2024-09-16 13:40:37.235000,415.7689101746942,7
2024-09-16 13:40:37.270000,415.8048805340238,6
2024-09-16 13:40:37.306000,415.7953180505378,7
2024-09-16 13:40:37.587000,415.79449553553167,13
2024-09-16 13:40:37.625000,415.7848101049808,7
2024-09-16 13:40:37.658000,415.7849836633828,100
2024-09-16 13:40:37.698000,415.7806245550872,9
2024-09-16 13:40:37.840000,415.80314721749073,10
2024-09-16 13:40:37.887000,415.79717166559607,100
2024-09-16 13:40:37.894000,415.7646789435859,7
2024-09-16 13:40:37.979000,415.7933041567557,97
2024-09-16 13:40:37.992000,415.76106124331096,997
2024-09-16 13:40:38.370000,415.7850877937699,1003
2024-09-16 13:40:38.449000,415.75697541156217,15
2024-09-16 13:40:38.489000,415.7859161800292,15
2024-09-16 13:40:38.611000,415.7754132616035,995
2024-09-16 13:40:38.719000,415.76761434858446,96
2024-09-16 13:40:38.814000,415.7907468846737,104
2024-09-16 13:40:38.945000,415.756524588974,105
2024-09-16 13:40:39.127000,415.7728374269116,13
2024-09-16 13:40:39.185000,415.73955944775446,97
2024-09-16 13:40:39.226000,415.7829199837903,96
2024-09-16 13:40:39.291000,415.77644916518,96
2024-09-16 13:40:39.479000,415.7940190081125,12
2024-09-16 13:40:39.629000,415.77946568488017,97
2024-09-16 13:40:39.747000,415.777446960144,105
2024-09-16 13:40:39.850000,415.76307301560894,105
2024-09-16 13:40:39.883000,415.75899180483697,1002
2024-09-16 13:40:39.936000,415.7507846518424,105
2024-09-16 13:40:40.062000,415.7354619589617,1005
2024-09-16 13:40:40.067000,415.7281839542692,998
2024-09-16 13:40:40.124000,415.7695199516793,99
2024-09-16 13:40:40.267000,415.7659854131375,1004
2024-09-16 13:40:40.317000,415.7351838067398,15
2024-09-16 13:40:40.401000,415.7402381629931,1002
2024-09-16 13:40:40.402000,415.7562229095777,997
2024-09-16 13:40:40.478000,415.74887667445154,6
2024-09-16 13:40:40.511000,415.7628169870339,1000
2024-09-16 13:40:40.512000,415.7420069391432,10
2024-09-16 13:40:40.571000,415.7315800831364,1003
2024-09-16 13:40:40.637000,415.7482586149055,103
2024-09-16 13:40:40.641000,415.7559255427309,100
2024-09-16 13:40:40.674000,415.7450378204541,999
2024-09-16 13:40:40.703000,415.74995880626034,999
2024-09-16 13:40:40.707000,415.7683997390693,97
2024-09-16 13:40:40.746000,415.7516052120493,12
2024-09-16 13:40:40.777000,415.7741206317178,1005
2024-09-16 13:40:40.863000,415.7473586049165,98
2024-09-16 13:40:40.869000,415.7488049084649,1001
2024-09-16 13:40:40.937000,415.7383185608494,999
2024-09-16 13:40:40.997000,415.7328096784698,998
2024-09-16 13:40:41.027000,415.7149777135332,1001
2024-09-16 13:40:41.076000,415.6991767328044,7
2024-09-16 13:40:41.195000,415.7078551918766,9
2024-09-16 13:40:41.450000,415.7063827855011,103
2024-09-16 13:40:41.557000,415.7099680271326,95
2024-09-16 13:40:41.561000,415.69071188862426,1000
2024-09-16 13:40:41.646000,415.7130373186311,96
2024-09-16 13:40:41.723000,415.7005800145732,995
2024-09-16 13:40:41.751000,415.6867762220765,15
2024-09-16 13:40:41.813000,415.6907667435399,8
2024-09-16 13:40:42.015000,415.6968115196837,5
2024-09-16 13:40:42.040000,415.68629981900494,999
2024-09-16 13:40:42.079000,415.6383535643512,5
2024-09-16 13:40:42.114000,415.6251258422564,98
2024-09-16 13:40:42.120000,415.6868241712503,95
2024-09-16 13:40:42.174000,415.6704910943375,95
2024-09-16 13:40:42.184000,415.6947868635984,5
2024-09-16 13:40:42.192000,415.7104318647482,104
2024-09-16 13:40:42.230000,415.6771527008163,6
2024-09-16 13:40:42.313000,415.6488258605936,13
2024-09-16 13:40:42.405000,415.6480512792657,1003
2024-09-16 13:40:42.407000,415.6593493195426,100
2024-09-16 13:40:42.468000,415.7196448776575,1001
2024-09-16 13:40:42.473000,415.6812415718163,105
2024-09-16 13:40:42.473000,415.669819973272,101
2024-09-16 13:40:42.503000,415.6975005690566,998
2024-09-16 13:40:42.529000,415.63965033416366,6
2024-09-16 13:40:42.565000,415.7216928152524,7
2024-09-16 13:40:42.570000,415.7021900171618,10
2024-09-16 13:40:42.592000,415.6606408064707,10
2024-09-16 13:40:42.596000,415.6510462401842,997
2024-09-16 13:40:42.601000,415.6879508968572,8
2024-09-16 13:40:42.832000,415.6849852722088,1005
2024-09-16 13:40:42.916000,415.6944547875552,95
2024-09-16 13:40:42.941000,415.6993674564251,10
2024-09-16 13:40:42.984000,415.68757605556937,95
2024-09-16 13:40:43.005000,415.7481406627786,99
2024-09-16 13:40:43.018000,415.7040687064447,5
2024-09-16 13:40:43.048000,415.7352920764381,1000
2024-09-16 13:40:43.102000,415.67304382639713,105
2024-09-16 13:40:43.168000,415.71095435232354,999
2024-09-16 13:40:43.187000,415.7306253986637,9
2024-09-16 13:40:43.213000,415.7047048610838,5
2024-09-16 13:40:43.289000,415.7459528545936,14
2024-09-16 13:40:43.294000,415.7047803782732,1001
2024-09-16 13:40:43.302000,415.67665238484375,5
2024-09-16 13:40:43.339000,415.6782614990592,100
2024-09-16 13:40:43.340000,415.6670645721941,96
2024-09-16 13:40:43.424000,415.7093623289705,996
2024-09-16 13:40:43.471000,415.7314304543063,6
2024-09-16 13:40:43.476000,415.7258400385629,105
2024-09-16 13:40:43.530000,415.73163017409325,101
2024-09-16 13:40:43.586000,415.7197254329336,12
2024-09-16 13:40:43.612000,415.7407674727814,101
2024-09-16 13:40:43.617000,415.7313878568605,103
2024-09-16 13:40:43.739000,415.7530338117134,97
2024-09-16 13:40:43.753000,415.6718047865237,105
2024-09-16 13:40:43.755000,415.6910467219933,103
2024-09-16 13:40:43.775000,415.6756334988601,1003
2024-09-16 13:40:43.918000,415.66515595661326,1001
2024-09-16 13:40:43.919000,415.7270788451932,100
2024-09-16 13:40:43.978000,415.697798536478,96
2024-09-16 13:40:44.056000,415.6711912554242,15
2024-09-16 13:40:44.090000,415.62455413244686,996
2024-09-16 13:40:44.109000,415.6847949496132,98
2024-09-16 13:40:44.145000,415.6872276925666,102
2024-09-16 13:40:44.247000,415.6476925900295,7
2024-09-16 13:40:44.296000,415.6383083459337,13
2024-09-16 13:40:44.303000,415.6501069391294,1004
2024-09-16 13:40:44.387000,415.6210219960814,1005
2024-09-16 13:40:44.434000,415.6624985779647,101
2024-09-16 13:40:44.471000,415.6725745682506,96
2024-09-16 13:40:44.571000,415.6934749972348,1002
2024-09-16 13:40:44.582000,415.701418883956,96
2024-09-16 13:40:44.606000,415.62707976672505,999
2024-09-16 13:40:44.622000,415.69718481916624,104
2024-09-16 13:40:44.627000,415.6320373896252,1002
2024-09-16 13:40:44.705000,415.6707225903402,997
2024-09-16 13:40:44.708000,415.70520734454414,5
2024-09-16 13:40:44.748000,415.634618850275,13
2024-09-16 13:40:44.753000,415.6484895647806,1003
2024-09-16 13:40:44.826000,415.64428069086455,1002
2024-09-16 13:40:44.839000,415.6628176101846,97
2024-09-16 13:40:44.840000,415.6718439822389,101
2024-09-16 13:40:44.863000,415.68029882492937,10
2024-09-16 13:40:44.952000,415.62394848523553,95
2024-09-16 13:40:45.041000,415.6643824302881,5
2024-09-16 13:40:45.070000,415.6697516912163,95
2024-09-16 13:40:45.269000,415.6782122155798,99
2024-09-16 13:40:45.674000,415.66129820584734,98
2024-09-16 13:40:45.825000,415.6774840172248,103
2024-09-16 13:40:46.011000,415.6941357569968,998
2024-09-16 13:40:46.101000,415.68145403276566,8
2024-09-16 13:40:46.171000,415.6737610439851,6
2024-09-16 13:40:46.281000,415.6958014299904,14
2024-09-16 13:40:46.428000,415.6591399417599,7
2024-09-16 13:40:46.464000,415.7042179597457,997
2024-09-16 13:40:46.516000,415.7119670822719,11
2024-09-16 13:40:46.529000,415.6712609328694,10
2024-09-16 13:40:46.633000,415.6483371101506,5
2024-09-16 13:40:46.635000,415.7225690711238,12
2024-09-16 13:40:46.658000,415.6705610135995,98
2024-09-16 13:40:46.686000,415.6610421586901,105
2024-09-16 13:40:46.779000,415.74423288500367,12
2024-09-16 13:40:46.896000,415.679239812153,98
2024-09-16 13:40:46.926000,415.6684189934537,1002
2024-09-16 13:40:46.991000,415.7014100886132,98
2024-09-16 13:40:47.010000,415.7412243298602,13
2024-09-16 13:40:47.015000,415.7485400386257,996
2024-09-16 13:40:47.135000,415.7626506854008,1002
2024-09-16 13:40:47.138000,415.7310216997375,10
2024-09-16 13:40:47.188000,415.6917633230372,13
2024-09-16 13:40:47.298000,415.72921888234777,100
2024-09-16 13:40:47.342000,415.7263634093057,1004
2024-09-16 13:40:47.354000,415.75873978831953,7
2024-09-16 13:40:47.454000,415.76055313307575,12
2024-09-16 13:40:47.545000,415.685290797247,1002
2024-09-16 13:40:47.555000,415.75382463298297,103
2024-09-16 13:40:47.596000,415.7642124214438,1002
2024-09-16 13:40:47.717000,415.7412420347932,96
2024-09-16 13:40:47.779000,415.7443463974591,102
2024-09-16 13:40:47.920000,415.7115269847599,1002
2024-09-16 13:40:47.962000,415.69537401229366,1003
2024-09-16 13:40:47.991000,415.7478950060688,95
2024-09-16 13:40:48.067000,415.742754045497,12
2024-09-16 13:40:48.118000,415.7194509421091,995
2024-09-16 13:40:48.121000,415.7076061966453,104
2024-09-16 13:40:48.162000,415.7043288044068,5
2024-09-16 13:40:48.280000,415.7186974701384,12
2024-09-16 13:40:48.370000,415.7711563321566,995
2024-09-16 13:40:48.409000,415.76210882724985,103
2024-09-16 13:40:48.479000,415.7561596143319,6
2024-09-16 13:40:48.487000,415.7052179635445,1002
2024-09-16 13:40:48.532000,415.7479168137619,7
2024-09-16 13:40:48.556000,415.751832767828,98
2024-09-16 13:40:48.558000,415.7274708080837,101
2024-09-16 13:40:48.574000,415.73911303031286,1001
2024-09-16 13:40:48.592000,415.7544127471726,1001
2024-09-16 13:40:48.718000,415.73190965077697,101
2024-09-16 13:40:48.738000,415.7350298009064,9
2024-09-16 13:40:48.775000,415.7180900901222,10
2024-09-16 13:40:48.785000,415.7709498398255,97
2024-09-16 13:40:48.934000,415.7292742261981,98
2024-09-16 13:40:48.952000,415.7446209043034,96
2024-09-16 13:40:48.985000,415.7459993092184,1001
2024-09-16 13:40:49.027000,415.7117947645297,97
2024-09-16 13:40:49.052000,415.6841598083511,1002
2024-09-16 13:40:49.099000,415.68903533291945,1002
2024-09-16 13:40:49.100000,415.6846133735405,997
2024-09-16 13:40:49.139000,415.6590280176295,1005
2024-09-16 13:40:49.141000,415.673314525954,101
2024-09-16 13:40:49.289000,415.6717900368028,995
2024-09-16 13:40:49.339000,415.7117069539229,6
2024-09-16 13:40:49.371000,415.6605802479663,99
2024-09-16 13:40:49.430000,415.6620943854147,101
2024-09-16 13:40:49.458000,415.69509212496285,103
2024-09-16 13:40:49.470000,415.6890890926848,998
2024-09-16 13:40:49.542000,415.6680038817236,101
2024-09-16 13:40:49.584000,415.6490897473755,1000
2024-09-16 13:40:49.617000,415.6890364925362,15
2024-09-16 13:40:49.691000,415.668673166854,8
2024-09-16 13:40:49.710000,415.6998546508329,98
2024-09-16 13:40:49.712000,415.6682251946483,103
2024-09-16 13:40:49.828000,415.7007836081252,1003
2024-09-16 13:40:49.881000,415.7102438066291,9
2024-09-16 13:40:49.973000,415.6804155228313,997
2024-09-16 13:40:50.137000,415.6451486555388,15
2024-09-16 13:40:50.155000,415.6085869948173,7
2024-09-16 13:40:50.168000,415.6682608122297,13
2024-09-16 13:40:50.225000,415.7052812576583,13
2024-09-16 13:40:50.255000,415.66843317224425,95
2024-09-16 13:40:50.293000,415.6790783257678,97
2024-09-16 13:40:50.400000,415.7024211255255,104
2024-09-16 13:40:50.557000,415.6963224800148,1001
2024-09-16 13:40:50.577000,415.6227693859613,101
2024-09-16 13:40:50.629000,415.6685097025386,7
2024-09-16 13:40:50.788000,415.684909370109,10
2024-09-16 13:40:50.875000,415.66902831739327,100
2024-09-16 13:40:50.884000,415.6733091946847,1005
2024-09-16 13:40:50.907000,415.60230131100815,100
2024-09-16 13:40:50.969000,415.6480952160025,6
2024-09-16 13:40:50.979000,415.6365852781416,105
2024-09-16 13:40:51.100000,415.5958512484955,12
2024-09-16 13:40:51.124000,415.60854084355225,104
2024-09-16 13:40:51.165000,415.5759135149366,99
2024-09-16 13:40:51.311000,415.5708324700383,996
2024-09-16 13:40:51.312000,415.63041493682505,997
2024-09-16 13:40:51.312000,415.60005190301615,1004
2024-09-16 13:40:51.447000,415.5996456977805,97
2024-09-16 13:40:51.479000,415.6280913392762,995
2024-09-16 13:40:51.501000,415.582999511404,104
2024-09-16 13:40:51.524000,415.5487612054155,95
2024-09-16 13:40:51.579000,415.5678667393899,96
2024-09-16 13:40:51.615000,415.5946777462896,9
2024-09-16 13:40:51.625000,415.5862180534172,95
2024-09-16 13:40:51.634000,415.55928260114337,95
2024-09-16 13:40:51.645000,415.5856896152861,1001
2024-09-16 13:40:51.658000,415.60719089350334,1003
2024-09-16 13:40:51.683000,415.56332554255255,1004
2024-09-16 13:40:51.697000,415.5904789662072,8
2024-09-16 13:40:51.739000,415.61152601395344,103
2024-09-16 13:40:51.767000,415.5631922097159,5
2024-09-16 13:40:51.786000,415.5663997445235,8
2024-09-16 13:40:51.837000,415.6048775591802,1005
2024-09-16 13:40:51.859000,415.6030730709245,99
2024-09-16 13:40:51.893000,415.61040777821614,1004
2024-09-16 13:40:52.048000,415.5559389976036,102
2024-09-16 13:40:52.071000,415.54727042641406,13
2024-09-16 13:40:52.132000,415.5804395455393,996
2024-09-16 13:40:52.140000,415.54410018413904,98
2024-09-16 13:40:52.148000,415.5810366587972,997
2024-09-16 13:40:52.256000,415.5811397892933,1002
2024-09-16 13:40:52.456000,415.5534036729885,1001
2024-09-16 13:40:52.469000,415.5455912142747,998
2024-09-16 13:40:52.553000,415.5560823491262,101
2024-09-16 13:40:52.752000,415.56815519796095,103
2024-09-16 13:40:52.870000,415.55234165245616,15
2024-09-16 13:40:52.975000,415.55124875307285,1003
2024-09-16 13:40:53.020000,415.5396502229042,15
2024-09-16 13:40:53.022000,415.5328296175187,998
2024-09-16 13:40:53.036000,415.56570922513407,98
2024-09-16 13:40:53.165000,415.5485908801642,103
2024-09-16 13:40:53.300000,415.55131605000224,103
2024-09-16 13:40:53.421000,415.53909233024746,99
2024-09-16 13:40:53.459000,415.5319600814437,999
2024-09-16 13:40:53.560000,415.5545875355383,8
2024-09-16 13:40:53.614000,415.5276898287873,105
2024-09-16 13:40:53.621000,415.5586292193599,102
2024-09-16 13:40:53.638000,415.5515171257176,97
2024-09-16 13:40:53.794000,415.5653614865736,1003
2024-09-16 13:40:53.855000,415.53447140985537,999
2024-09-16 13:40:53.876000,415.5565802038918,1004
2024-09-16 13:40:54.123000,415.5748446488523,8
2024-09-16 13:40:54.128000,415.6043906531373,105
2024-09-16 13:40:54.156000,415.5858191030934,11
2024-09-16 13:40:54.221000,415.60416278320935,999
2024-09-16 13:40:54.397000,415.6086008488018,13
2024-09-16 13:40:54.418000,415.5916751340226,96
2024-09-16 13:40:54.447000,415.5921287044654,104
2024-09-16 13:40:54.456000,415.5740925524323,7
2024-09-16 13:40:54.459000,415.5973811423588,12
2024-09-16 13:40:54.542000,415.5762317090963,995
2024-09-16 13:40:54.585000,415.5994858901122,995
2024-09-16 13:40:54.599000,415.5654294627942,11
2024-09-16 13:40:54.608000,415.58992777715406,1001
2024-09-16 13:40:54.626000,415.5680602853457,97
2024-09-16 13:40:54.659000,415.5980791754172,1003
2024-09-16 13:40:54.675000,415.60519229937256,100
2024-09-16 13:40:54.752000,415.598685638164,11
2024-09-16 13:40:54.872000,415.6040333599526,102
2024-09-16 13:40:54.916000,415.6055806523453,1005
2024-09-16 13:40:54.942000,415.5975544619838,10
2024-09-16 13:40:54.953000,415.5688041476923,9
2024-09-16 13:40:54.991000,415.59462752565776,100
2024-09-16 13:40:55.022000,415.6482537554966,99
2024-09-16 13:40:55.093000,415.5796694179735,1000
2024-09-16 13:40:55.118000,415.5953041525154,1003
2024-09-16 13:40:55.140000,415.5807908234508,12
2024-09-16 13:40:55.149000,415.6617494338981,101
2024-09-16 13:40:55.275000,415.57444726496766,13
2024-09-16 13:40:55.288000,415.6670962396787,100
2024-09-16 13:40:55.362000,415.5972013807753,100
2024-09-16 13:40:55.458000,415.6549551434721,7
2024-09-16 13:40:55.487000,415.6621825988765,101
2024-09-16 13:40:55.489000,415.5932404858805,105
2024-09-16 13:40:55.506000,415.6348345851545,996
2024-09-16 13:40:55.510000,415.67010083249306,13
2024-09-16 13:40:55.511000,415.64340438253055,95
2024-09-16 13:40:55.549000,415.57618072235,998
2024-09-16 13:40:55.568000,415.63079294202527,999
2024-09-16 13:40:55.656000,415.644818170825,998
2024-09-16 13:40:55.708000,415.5930004170324,8
2024-09-16 13:40:55.712000,415.632822889892,105
2024-09-16 13:40:55.767000,415.5761558962727,98
2024-09-16 13:40:55.776000,415.5827222009938,98
2024-09-16 13:40:55.785000,415.6562767310408,102
2024-09-16 13:40:55.797000,415.6208134889815,13
2024-09-16 13:40:55.817000,415.63794947829984,103
2024-09-16 13:40:55.820000,415.66343507041177,10
2024-09-16 13:40:55.824000,415.6115735465327,13
2024-09-16 13:40:55.919000,415.5995196310401,997
2024-09-16 13:40:55.948000,415.58463512611786,100
2024-09-16 13:40:55.970000,415.63312563761,1004
2024-09-16 13:40:56.023000,415.59307587774606,1004
2024-09-16 13:40:56.055000,415.5275230344066,97
2024-09-16 13:40:56.075000,415.5612334624419,10
2024-09-16 13:40:56.084000,415.5581550702989,97
2024-09-16 13:40:56.084000,415.5667936335011,10
2024-09-16 13:40:56.095000,415.5732137309606,10
2024-09-16 13:40:56.211000,415.5596576379601,14
2024-09-16 13:40:56.298000,415.5547339981276,7
2024-09-16 13:40:56.314000,415.5590713518229,999
2024-09-16 13:40:56.318000,415.5473404160815,995
2024-09-16 13:40:56.330000,415.5495610751626,97
2024-09-16 13:40:56.362000,415.55233624993474,1002
2024-09-16 13:40:56.438000,415.56826416598426,104
2024-09-16 13:40:56.498000,415.5867580249689,999
2024-09-16 13:40:56.639000,415.5745139682668,1004
2024-09-16 13:40:56.646000,415.5920748882764,996
2024-09-16 13:40:56.702000,415.5334436072589,1001
2024-09-16 13:40:56.824000,415.60409197040633,96
2024-09-16 13:40:56.887000,415.604502708138,999
2024-09-16 13:40:56.921000,415.5367199091522,101
2024-09-16 13:40:57.025000,415.5563593522392,95
2024-09-16 13:40:57.195000,415.5479886601846,95
2024-09-16 13:40:57.215000,415.5396177350793,998
2024-09-16 13:40:57.246000,415.5461810632264,100
2024-09-16 13:40:57.328000,415.5411304620413,103
2024-09-16 13:40:57.332000,415.5260570036601,98
2024-09-16 13:40:57.401000,415.5578848031829,7
2024-09-16 13:40:57.424000,415.5533264568533,101
2024-09-16 13:40:57.464000,415.5600107151817,101
2024-09-16 13:40:57.503000,415.544234610501,13
2024-09-16 13:40:57.517000,415.5369927275579,105
2024-09-16 13:40:57.545000,415.5203449418407,13
2024-09-16 13:40:57.548000,415.5634988861969,103
2024-09-16 13:40:57.599000,415.535358448996,98
2024-09-16 13:40:57.629000,415.51854742463,1004
2024-09-16 13:40:57.666000,415.55957780320296,9
2024-09-16 13:40:57.667000,415.5294322927927,95
2024-09-16 13:40:57.668000,415.5716197562697,12
2024-09-16 13:40:57.679000,415.5393338568754,996
2024-09-16 13:40:57.695000,415.5161475235903,96
2024-09-16 13:40:57.714000,415.5728853845362,995
2024-09-16 13:40:57.738000,415.5201935788912,95
2024-09-16 13:40:57.773000,415.538255776716,101
2024-09-16 13:40:57.819000,415.54211237270414,999
2024-09-16 13:40:57.845000,415.5542439341841,1005
2024-09-16 13:40:57.927000,415.5331542670435,105
2024-09-16 13:40:57.994000,415.5301389395977,95
2024-09-16 13:40:58.045000,415.6201464338073,998
2024-09-16 13:40:58.077000,415.6211802173608,1001
2024-09-16 13:40:58.127000,415.5991321054004,99
2024-09-16 13:40:58.135000,415.6132379763131,997
2024-09-16 13:40:58.190000,415.60471238952834,97
2024-09-16 13:40:58.244000,415.6191543557159,101
2024-09-16 13:40:58.266000,415.569575720112,995
2024-09-16 13:40:58.274000,415.6242151066847,999
2024-09-16 13:40:58.323000,415.5289004178639,997
2024-09-16 13:40:58.436000,415.5828629238638,96
2024-09-16 13:40:58.460000,415.6084233485584,99
2024-09-16 13:40:58.468000,415.6063821479948,15
2024-09-16 13:40:58.469000,415.6017110060544,1005
2024-09-16 13:40:58.470000,415.53442637911735,9
2024-09-16 13:40:58.502000,415.6192472190714,1003
2024-09-16 13:40:58.610000,415.6202223659021,15
2024-09-16 13:40:58.668000,415.6023229580089,7
2024-09-16 13:40:58.776000,415.6227786763392,99
2024-09-16 13:40:58.821000,415.5479146900204,8
2024-09-16 13:40:58.834000,415.6293217952225,105
