Timestamp,Price,Size
2024-09-19 13:52:00.056000,419.1630671768348,6
2024-09-19 13:52:00.075000,419.1656363641004,100
2024-09-19 13:52:00.269000,419.1701082440457,14
2024-09-19 13:52:00.280000,419.1680536048001,13
2024-09-19 13:52:00.367000,419.1727686905189,998
2024-09-19 13:52:00.647000,419.1910557825616,1000
2024-09-19 13:52:00.713000,419.15429727216406,102
2024-09-19 13:52:00.778000,419.1840960611029,1002
2024-09-19 13:52:00.781000,419.1653766663141,102
2024-09-19 13:52:00.849000,419.1596730579289,101
2024-09-19 13:52:00.956000,419.18557189062886,13
2024-09-19 13:52:01.267000,419.1278833767463,1000
2024-09-19 13:52:01.270000,419.1361492533688,999
2024-09-19 13:52:01.310000,419.12111569227017,102
2024-09-19 13:52:01.469000,419.13591742006565,103
2024-09-19 13:52:01.491000,419.1325394442762,1005
2024-09-19 13:52:01.510000,419.1161108525427,1001
2024-09-19 13:52:01.517000,419.12512561470936,10
2024-09-19 13:52:01.523000,419.1199262324969,998
2024-09-19 13:52:01.544000,419.1227513583985,13
2024-09-19 13:52:01.780000,419.1074018073986,96
2024-09-19 13:52:01.780000,419.11119106575336,6
2024-09-19 13:52:01.785000,419.1093948484984,103
2024-09-19 13:52:01.880000,419.1337279205465,7
2024-09-19 13:52:01.966000,419.1078041558671,6
2024-09-19 13:52:01.980000,419.1092391771997,103
2024-09-19 13:52:03.015000,419.1209282270488,998
2024-09-19 13:52:03.432000,419.1238692291936,13
2024-09-19 13:52:03.806000,419.1250336992527,103
2024-09-19 13:52:04.084000,419.1203084063828,95
2024-09-19 13:52:04.111000,419.1031024499306,102
2024-09-19 13:52:04.205000,419.1105591456867,997
2024-09-19 13:52:04.213000,419.1063722298071,999
2024-09-19 13:52:04.280000,419.1107386691711,15
2024-09-19 13:52:04.374000,419.13325344079743,5
2024-09-19 13:52:04.447000,419.1110448484308,98
2024-09-19 13:52:04.485000,419.0940132379385,995
2024-09-19 13:52:04.488000,419.1036568095436,1004
2024-09-19 13:52:04.491000,419.1009013214358,995
2024-09-19 13:52:04.576000,419.1180181484228,97
2024-09-19 13:52:04.604000,419.1110691210053,104
2024-09-19 13:52:04.763000,419.1336830538998,96
2024-09-19 13:52:04.840000,419.1024330315132,8
2024-09-19 13:52:04.850000,419.112902166757,95
2024-09-19 13:52:04.968000,419.1070306863781,1002
2024-09-19 13:52:05.046000,419.0977741419388,8
2024-09-19 13:52:05.084000,419.1501961012741,8
2024-09-19 13:52:05.119000,419.1341864466786,6
2024-09-19 13:52:05.129000,419.1323221743652,100
2024-09-19 13:52:05.249000,419.1446774403674,6
2024-09-19 13:52:05.303000,419.1453203332404,1000
2024-09-19 13:52:05.323000,419.1230021063,100
2024-09-19 13:52:05.428000,419.1479350394722,996
2024-09-19 13:52:05.497000,419.1166367727808,1001
2024-09-19 13:52:05.649000,419.1031033434088,1003
2024-09-19 13:52:05.659000,419.1511196984833,104
2024-09-19 13:52:05.707000,419.1216774039608,999
2024-09-19 13:52:05.750000,419.1497801035391,1004
2024-09-19 13:52:05.764000,419.1260850758181,9
2024-09-19 13:52:05.767000,419.1170462771241,12
2024-09-19 13:52:05.846000,419.1570265015553,14
2024-09-19 13:52:06.010000,419.1375919351385,5
2024-09-19 13:52:06.035000,419.131692370357,98
2024-09-19 13:52:06.193000,419.1391472682475,1005
2024-09-19 13:52:06.220000,419.1469941317447,105
2024-09-19 13:52:06.600000,419.1302495053257,96
2024-09-19 13:52:06.614000,419.12648420938734,997
2024-09-19 13:52:06.968000,419.1334103913716,1002
2024-09-19 13:52:07.778000,419.1388270974704,11
2024-09-19 13:52:07.811000,419.1488839091405,5
2024-09-19 13:52:07.848000,419.1390461018944,9
2024-09-19 13:52:07.962000,419.1342557459329,101
2024-09-19 13:52:08.016000,419.1703940178287,105
2024-09-19 13:52:08.166000,419.1520313221219,998
2024-09-19 13:52:08.266000,419.1271355406277,97
2024-09-19 13:52:08.365000,419.14248148087626,998
2024-09-19 13:52:08.394000,419.1547416136472,9
2024-09-19 13:52:08.397000,419.15133338674656,6
2024-09-19 13:52:08.514000,419.1477089862127,1005
2024-09-19 13:52:08.548000,419.16728309506345,998
2024-09-19 13:52:08.559000,419.1413532129124,7
2024-09-19 13:52:08.888000,419.13459641828473,8
2024-09-19 13:52:08.982000,419.1673615776376,1000
2024-09-19 13:52:09.005000,419.1301996362776,99
2024-09-19 13:52:09.043000,419.231650089021,1003
2024-09-19 13:52:09.049000,419.188253556224,999
2024-09-19 13:52:09.088000,419.1396620959487,102
2024-09-19 13:52:09.201000,419.14347661122383,1004
2024-09-19 13:52:09.220000,419.2085836229851,99
2024-09-19 13:52:09.272000,419.2043752868941,1003
2024-09-19 13:52:09.289000,419.1135441496282,995
2024-09-19 13:52:09.306000,419.19407684200905,995
2024-09-19 13:52:09.312000,419.1892868500455,997
2024-09-19 13:52:09.328000,419.2022398793607,5
2024-09-19 13:52:09.354000,419.1676322333941,105
2024-09-19 13:52:09.451000,419.23686810121467,998
2024-09-19 13:52:09.484000,419.1977961634422,1005
2024-09-19 13:52:09.500000,419.2216677643146,1000
2024-09-19 13:52:09.606000,419.23175855396767,100
2024-09-19 13:52:09.623000,419.13763595243,98
2024-09-19 13:52:09.623000,419.2175595175416,101
2024-09-19 13:52:09.638000,419.2198241295594,100
2024-09-19 13:52:09.643000,419.1668604551991,9
2024-09-19 13:52:09.674000,419.159379027832,95
2024-09-19 13:52:09.724000,419.16630371946366,96
2024-09-19 13:52:09.730000,419.21155458196574,100
2024-09-19 13:52:09.759000,419.1989235124568,12
2024-09-19 13:52:09.801000,419.1669626550976,7
2024-09-19 13:52:09.876000,419.11553144205527,14
2024-09-19 13:52:09.958000,419.2250766899861,996
2024-09-19 13:52:10.009000,419.2966719461801,996
2024-09-19 13:52:10.009000,419.29686526580247,97
2024-09-19 13:52:10.053000,419.2978493614696,996
2024-09-19 13:52:10.063000,419.2484550979777,1002
2024-09-19 13:52:10.070000,419.3238155353488,998
2024-09-19 13:52:10.072000,419.3109108574545,14
2024-09-19 13:52:10.086000,419.3262760083547,8
2024-09-19 13:52:10.108000,419.2621072140213,99
2024-09-19 13:52:10.128000,419.2673695874784,5
2024-09-19 13:52:10.132000,419.2903721523834,101
2024-09-19 13:52:10.138000,419.29805433608993,96
2024-09-19 13:52:10.155000,419.2212975772996,104
2024-09-19 13:52:10.190000,419.30444183085234,12
2024-09-19 13:52:10.215000,419.2915156010701,996
2024-09-19 13:52:10.225000,419.2966292071341,101
2024-09-19 13:52:10.257000,419.3194984494678,95
2024-09-19 13:52:10.263000,419.2348364149591,7
2024-09-19 13:52:10.447000,419.33986514264376,1005
2024-09-19 13:52:10.495000,419.3258299580016,95
2024-09-19 13:52:10.499000,419.2770894392054,12
2024-09-19 13:52:10.511000,419.246578614121,98
2024-09-19 13:52:10.517000,419.2825818548393,104
2024-09-19 13:52:10.561000,419.2897848827457,6
2024-09-19 13:52:10.731000,419.3191241684686,996
2024-09-19 13:52:10.750000,419.2807822907571,6
2024-09-19 13:52:10.819000,419.2182062096997,13
2024-09-19 13:52:10.847000,419.29579957187394,15
2024-09-19 13:52:10.848000,419.308763375735,8
2024-09-19 13:52:10.874000,419.2190204243823,12
2024-09-19 13:52:11.007000,419.3684300114783,998
2024-09-19 13:52:11.009000,419.3365256430586,13
2024-09-19 13:52:11.011000,419.3633736568696,104
2024-09-19 13:52:11.078000,419.2827879933874,102
2024-09-19 13:52:11.157000,419.3820936966063,102
2024-09-19 13:52:11.172000,419.3930540692446,998
2024-09-19 13:52:11.366000,419.2899134802278,996
2024-09-19 13:52:11.404000,419.3205002384354,104
2024-09-19 13:52:11.411000,419.37693335033487,997
2024-09-19 13:52:11.500000,419.3651770069191,98
2024-09-19 13:52:11.508000,419.31662486862007,11
2024-09-19 13:52:11.529000,419.3371399870806,998
2024-09-19 13:52:11.533000,419.3192489443181,995
2024-09-19 13:52:11.692000,419.3137435960149,14
2024-09-19 13:52:11.779000,419.3619079975873,101
2024-09-19 13:52:11.851000,419.3609296656928,99
2024-09-19 13:52:11.931000,419.400063463928,1002
2024-09-19 13:52:11.966000,419.31582683834193,104
2024-09-19 13:52:12.336000,419.4017224590046,996
2024-09-19 13:52:12.545000,419.3929351209245,9
2024-09-19 13:52:13.199000,419.3706516656579,103
2024-09-19 13:52:13.251000,419.3924585530121,1004
2024-09-19 13:52:13.270000,419.3808132646363,8
2024-09-19 13:52:13.506000,419.4017602440803,14
2024-09-19 13:52:13.555000,419.3623671843997,1003
2024-09-19 13:52:13.668000,419.3756433082918,99
2024-09-19 13:52:13.685000,419.4059441909012,999
2024-09-19 13:52:13.700000,419.3824560459085,997
2024-09-19 13:52:13.702000,419.3698522594824,1003
2024-09-19 13:52:13.743000,419.3866233233536,104
2024-09-19 13:52:13.844000,419.3904684089088,13
2024-09-19 13:52:13.902000,419.3854373624575,100
2024-09-19 13:52:13.905000,419.3749392648305,105
2024-09-19 13:52:13.920000,419.3791322974956,97
2024-09-19 13:52:14.001000,419.35013241459376,995
2024-09-19 13:52:14.248000,419.3862354024123,104
2024-09-19 13:52:14.532000,419.3332772394934,11
2024-09-19 13:52:14.649000,419.35496500733854,996
2024-09-19 13:52:14.941000,419.3794730626753,995
2024-09-19 13:52:15.326000,419.37114929745695,998
2024-09-19 13:52:15.493000,419.3563797227452,1000
2024-09-19 13:52:15.719000,419.3579261432943,13
2024-09-19 13:52:15.735000,419.3460178678965,105
2024-09-19 13:52:15.986000,419.3311751478131,101
2024-09-19 13:52:16.009000,419.3921281586252,5
2024-09-19 13:52:16.752000,419.39219276605513,8
2024-09-19 13:52:16.861000,419.3939669559071,998
2024-09-19 13:52:17.073000,419.357862058701,101
2024-09-19 13:52:17.168000,419.3947159202394,996
2024-09-19 13:52:17.211000,419.4123766204769,1004
2024-09-19 13:52:17.284000,419.3554030467234,1000
2024-09-19 13:52:17.288000,419.3978562449837,95
2024-09-19 13:52:17.399000,419.3394624973225,98
2024-09-19 13:52:17.435000,419.3609783243781,105
2024-09-19 13:52:17.460000,419.38871887223183,12
2024-09-19 13:52:17.578000,419.3531877371252,1005
2024-09-19 13:52:17.635000,419.3855612151533,103
2024-09-19 13:52:17.637000,419.36861596279135,14
2024-09-19 13:52:17.642000,419.4083323646856,104
2024-09-19 13:52:17.679000,419.3905518123421,11
2024-09-19 13:52:17.685000,419.39836373207567,102
2024-09-19 13:52:17.821000,419.3512432859421,10
2024-09-19 13:52:17.909000,419.3706123898948,998
2024-09-19 13:52:18.016000,419.40686119565714,7
2024-09-19 13:52:18.016000,419.3694340424385,1003
2024-09-19 13:52:18.064000,419.39078736716993,1004
2024-09-19 13:52:18.083000,419.3955068587091,5
2024-09-19 13:52:18.111000,419.3834937665109,11
2024-09-19 13:52:18.130000,419.362255516168,1004
2024-09-19 13:52:18.162000,419.3896959033618,13
2024-09-19 13:52:18.178000,419.42275117403767,6
2024-09-19 13:52:18.180000,419.37249425122906,102
2024-09-19 13:52:18.184000,419.39694164822345,10
2024-09-19 13:52:18.261000,419.3742934249078,10
2024-09-19 13:52:18.287000,419.3523630163497,96
2024-09-19 13:52:18.299000,419.3702024340362,999
2024-09-19 13:52:18.372000,419.3523020554985,996
2024-09-19 13:52:18.441000,419.3758518529407,999
2024-09-19 13:52:18.512000,419.3743804944725,1002
2024-09-19 13:52:18.545000,419.3642741437441,1003
2024-09-19 13:52:18.626000,419.401725950991,998
2024-09-19 13:52:18.658000,419.37199379345856,10
2024-09-19 13:52:18.706000,419.3830443261321,105
2024-09-19 13:52:18.790000,419.390229480462,105
2024-09-19 13:52:18.816000,419.431398367945,1005
2024-09-19 13:52:18.845000,419.3789139494255,102
2024-09-19 13:52:18.853000,419.37814404077625,1004
2024-09-19 13:52:18.879000,419.3849490246937,1001
2024-09-19 13:52:18.943000,419.3734798171539,98
2024-09-19 13:52:19.090000,419.4148768185023,1005
2024-09-19 13:52:19.140000,419.3993517053507,105
2024-09-19 13:52:19.293000,419.4096632857855,997
2024-09-19 13:52:19.384000,419.37964456894247,1003
2024-09-19 13:52:19.443000,419.3886165830965,995
2024-09-19 13:52:19.446000,419.4074877729089,96
2024-09-19 13:52:19.612000,419.4113231961483,996
2024-09-19 13:52:19.673000,419.41233445863975,1001
2024-09-19 13:52:19.903000,419.38200408674027,1003
2024-09-19 13:52:20.014000,419.4341137577253,9
2024-09-19 13:52:20.069000,419.4257662384431,99
2024-09-19 13:52:20.116000,419.43263492843846,1002
2024-09-19 13:52:20.209000,419.4346943121309,8
2024-09-19 13:52:20.482000,419.4190140394541,15
2024-09-19 13:52:20.585000,419.44626078546287,100
2024-09-19 13:52:20.984000,419.4344600441394,95
2024-09-19 13:52:21.108000,419.4226955587695,13
2024-09-19 13:52:21.277000,419.3999721532536,1003
2024-09-19 13:52:21.329000,419.4526218478479,999
2024-09-19 13:52:21.375000,419.4205801863205,1004
2024-09-19 13:52:21.393000,419.42425837088376,15
2024-09-19 13:52:21.399000,419.4380313438298,102
2024-09-19 13:52:21.405000,419.4590737329292,99
2024-09-19 13:52:21.581000,419.4533388426106,14
2024-09-19 13:52:21.646000,419.39634371529337,100
2024-09-19 13:52:21.672000,419.4144262469961,995
2024-09-19 13:52:21.799000,419.4291928068714,98
2024-09-19 13:52:21.902000,419.44084955193847,98
2024-09-19 13:52:21.969000,419.3975436332301,1005
2024-09-19 13:52:22.028000,419.3404760708309,995
2024-09-19 13:52:22.055000,419.3510525630569,1002
2024-09-19 13:52:22.168000,419.3468867442536,8
2024-09-19 13:52:22.208000,419.38956387895854,8
2024-09-19 13:52:22.305000,419.36566942832303,1001
2024-09-19 13:52:22.334000,419.3505825713689,5
2024-09-19 13:52:22.399000,419.34049392577896,15
2024-09-19 13:52:22.435000,419.3206127714786,105
2024-09-19 13:52:22.475000,419.3354530692069,12
2024-09-19 13:52:22.479000,419.3381558541952,98
2024-09-19 13:52:22.527000,419.3543288432135,98
2024-09-19 13:52:22.688000,419.3360641193884,95
2024-09-19 13:52:22.705000,419.3327394719069,998
2024-09-19 13:52:22.748000,419.4305731625541,98
2024-09-19 13:52:22.776000,419.3360741192307,12
2024-09-19 13:52:22.840000,419.3464987162349,1002
2024-09-19 13:52:22.892000,419.3404221571694,998
2024-09-19 13:52:22.903000,419.42299251057,10
2024-09-19 13:52:22.914000,419.3331530889713,1005
2024-09-19 13:52:23.195000,419.3210565806121,101
2024-09-19 13:52:23.491000,419.3407892119323,105
2024-09-19 13:52:23.544000,419.3243805667448,15
2024-09-19 13:52:23.993000,419.3066270581168,103
2024-09-19 13:52:24.027000,419.316222090909,9
2024-09-19 13:52:24.077000,419.3159945021609,1000
2024-09-19 13:52:24.242000,419.30848798246046,7
2024-09-19 13:52:24.244000,419.3293773255745,999
2024-09-19 13:52:24.260000,419.31774499249065,7
2024-09-19 13:52:24.365000,419.3189570560268,998
2024-09-19 13:52:24.373000,419.31274828841407,12
2024-09-19 13:52:24.401000,419.29886545132354,104
2024-09-19 13:52:24.469000,419.2973791696047,1000
2024-09-19 13:52:24.487000,419.32227421326326,6
2024-09-19 13:52:24.579000,419.3183680377506,105
2024-09-19 13:52:24.602000,419.3087087517201,996
2024-09-19 13:52:24.645000,419.32722152735073,1003
2024-09-19 13:52:24.672000,419.3024174442513,99
2024-09-19 13:52:24.682000,419.2866256622983,6
2024-09-19 13:52:24.736000,419.3065820546939,104
2024-09-19 13:52:24.742000,419.318090817117,13
2024-09-19 13:52:24.769000,419.30812068106616,997
2024-09-19 13:52:24.780000,419.3284296255352,99
2024-09-19 13:52:24.790000,419.3162468823764,103
2024-09-19 13:52:24.859000,419.3087198551857,6
2024-09-19 13:52:24.870000,419.3212448050686,11
2024-09-19 13:52:24.911000,419.3304487375891,101
2024-09-19 13:52:24.928000,419.322433802797,9
2024-09-19 13:52:24.955000,419.3067750143886,9
2024-09-19 13:52:24.976000,419.3123637574682,1002
2024-09-19 13:52:25.157000,419.2769906208031,995
2024-09-19 13:52:25.491000,419.2505727344891,99
2024-09-19 13:52:25.549000,419.2833009575983,11
2024-09-19 13:52:25.845000,419.2395032866647,1005
2024-09-19 13:52:25.943000,419.280641395298,10
2024-09-19 13:52:25.944000,419.27458013589495,105
2024-09-19 13:52:26.009000,419.2192246739481,95
2024-09-19 13:52:26.060000,419.2332575294046,100
2024-09-19 13:52:26.125000,419.2166403907148,13
2024-09-19 13:52:26.230000,419.187206535043,13
2024-09-19 13:52:26.270000,419.2487485018394,1005
2024-09-19 13:52:26.333000,419.2061591170539,998
2024-09-19 13:52:26.469000,419.224445880118,99
2024-09-19 13:52:26.511000,419.2060210030135,105
2024-09-19 13:52:26.571000,419.22302338655385,105
2024-09-19 13:52:26.597000,419.2277473036972,997
2024-09-19 13:52:26.618000,419.2096221188665,97
2024-09-19 13:52:26.696000,419.24192240729855,95
2024-09-19 13:52:26.776000,419.19911349261713,13
2024-09-19 13:52:26.783000,419.2122251579653,1001
2024-09-19 13:52:26.827000,419.2115588879586,1002
2024-09-19 13:52:26.893000,419.2221065847711,997
2024-09-19 13:52:27.075000,419.2056047026402,998
2024-09-19 13:52:27.081000,419.1543567300572,11
2024-09-19 13:52:27.098000,419.2044204658106,105
2024-09-19 13:52:27.100000,419.2034959874321,1000
2024-09-19 13:52:27.132000,419.17927217337615,7
2024-09-19 13:52:27.156000,419.1794179232062,1001
2024-09-19 13:52:27.177000,419.2104995639717,1004
2024-09-19 13:52:27.241000,419.2024149666327,8
2024-09-19 13:52:27.266000,419.2107211683663,6
2024-09-19 13:52:27.278000,419.22148906107526,104
2024-09-19 13:52:27.332000,419.1859471363703,1003
2024-09-19 13:52:27.384000,419.1801531774928,997
2024-09-19 13:52:27.402000,419.1400978234108,997
2024-09-19 13:52:27.486000,419.16732595141264,1005
2024-09-19 13:52:27.577000,419.2100534091096,1003
2024-09-19 13:52:27.624000,419.1703154806734,7
2024-09-19 13:52:27.625000,419.23432687817416,102
2024-09-19 13:52:27.681000,419.21271248185735,99
2024-09-19 13:52:27.695000,419.14164481172224,14
2024-09-19 13:52:27.697000,419.14587910455776,13
2024-09-19 13:52:27.821000,419.1976854154231,99
2024-09-19 13:52:27.896000,419.2245707190133,101
2024-09-19 13:52:28.044000,419.2096425354904,1004
2024-09-19 13:52:28.174000,419.2185361162601,1003
2024-09-19 13:52:28.203000,419.2267202466597,98
2024-09-19 13:52:28.213000,419.2067137606594,998
2024-09-19 13:52:28.218000,419.20382074386623,1000
2024-09-19 13:52:28.309000,419.20855716314657,95
2024-09-19 13:52:28.321000,419.174517240004,97
2024-09-19 13:52:28.380000,419.18467310883193,1004
2024-09-19 13:52:28.423000,419.21834904367125,96
2024-09-19 13:52:28.608000,419.1908335094507,97
2024-09-19 13:52:28.617000,419.2219922227004,1004
2024-09-19 13:52:28.677000,419.2165729554923,7
2024-09-19 13:52:28.729000,419.2400562204411,96
2024-09-19 13:52:28.909000,419.1828282349621,6
2024-09-19 13:52:28.915000,419.2261551528256,7
2024-09-19 13:52:28.917000,419.1983339922587,104
2024-09-19 13:52:29.001000,419.2282483839378,1005
2024-09-19 13:52:29.008000,419.2374625813172,995
2024-09-19 13:52:29.090000,419.221640675539,97
2024-09-19 13:52:29.108000,419.21140418729937,101
2024-09-19 13:52:29.177000,419.22657226875134,1001
2024-09-19 13:52:29.303000,419.2290747320122,1001
2024-09-19 13:52:29.952000,419.2049882292858,1000
2024-09-19 13:52:29.952000,419.2293324342856,102
2024-09-19 13:52:30.021000,419.2482959140556,95
2024-09-19 13:52:30.048000,419.2409588364949,99
2024-09-19 13:52:30.099000,419.2723022457093,102
2024-09-19 13:52:30.132000,419.2443042241549,1002
2024-09-19 13:52:30.198000,419.2511834185565,1005
2024-09-19 13:52:30.218000,419.2783930761571,998
2024-09-19 13:52:30.226000,419.2230146688023,1002
2024-09-19 13:52:30.234000,419.253836450764,1001
2024-09-19 13:52:30.242000,419.27738306019455,1005
2024-09-19 13:52:30.387000,419.2281115380864,97
2024-09-19 13:52:30.501000,419.2473846176694,15
2024-09-19 13:52:30.576000,419.2605714364409,13
2024-09-19 13:52:30.648000,419.24505204023257,100
2024-09-19 13:52:30.785000,419.2800143642473,99
2024-09-19 13:52:30.786000,419.251957553117,102
2024-09-19 13:52:30.810000,419.24384657751705,13
2024-09-19 13:52:30.919000,419.25228750553225,12
2024-09-19 13:52:30.976000,419.2135572541145,98
2024-09-19 13:52:30.990000,419.2692327274928,105
2024-09-19 13:52:31.189000,419.2587902999253,101
2024-09-19 13:52:31.219000,419.2098151395716,97
2024-09-19 13:52:31.262000,419.2077442132055,102
2024-09-19 13:52:31.272000,419.2255340537849,7
2024-09-19 13:52:31.277000,419.2015206504013,103
2024-09-19 13:52:31.346000,419.22599983985833,98
2024-09-19 13:52:31.378000,419.2285286763832,95
2024-09-19 13:52:31.421000,419.2537254699677,100
2024-09-19 13:52:31.457000,419.2103151444501,102
2024-09-19 13:52:31.477000,419.2119330217623,13
2024-09-19 13:52:31.531000,419.2332494776637,996
2024-09-19 13:52:31.566000,419.2032524819884,15
2024-09-19 13:52:31.596000,419.2341018663228,1002
2024-09-19 13:52:31.656000,419.1956001869544,104
2024-09-19 13:52:31.681000,419.25362544958966,8
2024-09-19 13:52:31.699000,419.2059176803903,10
2024-09-19 13:52:31.778000,419.2198058277218,997
2024-09-19 13:52:31.830000,419.2386651421783,101
2024-09-19 13:52:31.851000,419.2243333797557,95
2024-09-19 13:52:31.918000,419.2570049307227,105
2024-09-19 13:52:31.934000,419.20892801886174,999
2024-09-19 13:52:31.974000,419.22437839419865,1000
2024-09-19 13:52:32.079000,419.2061382209472,96
2024-09-19 13:52:32.112000,419.2279409243847,996
2024-09-19 13:52:32.488000,419.19132274628834,1005
2024-09-19 13:52:32.599000,419.2114782328009,6
2024-09-19 13:52:32.681000,419.2024788255733,1003
2024-09-19 13:52:32.805000,419.21486061499263,7
2024-09-19 13:52:34.562000,419.193652237409,12
2024-09-19 13:52:35.220000,419.20146854618497,5
2024-09-19 13:52:35.230000,419.2253314810512,98
2024-09-19 13:52:35.269000,419.2411363204644,96
2024-09-19 13:52:35.387000,419.2240444175644,98
2024-09-19 13:52:35.439000,419.2253181263391,14
2024-09-19 13:52:35.504000,419.1825523970252,105
2024-09-19 13:52:35.673000,419.2117567808886,100
2024-09-19 13:52:35.750000,419.23133491795113,103
2024-09-19 13:52:35.953000,419.2188001562338,1001
2024-09-19 13:52:36.074000,419.267883324265,15
2024-09-19 13:52:36.147000,419.26112816409295,100
2024-09-19 13:52:36.169000,419.2433145808072,97
2024-09-19 13:52:36.181000,419.2567506635804,96
2024-09-19 13:52:36.245000,419.2496074889143,15
2024-09-19 13:52:36.366000,419.2798084032522,12
2024-09-19 13:52:36.402000,419.2368059611801,998
2024-09-19 13:52:36.437000,419.25592232948776,5
2024-09-19 13:52:36.450000,419.2643335827596,5
2024-09-19 13:52:36.595000,419.2441844634656,97
2024-09-19 13:52:36.629000,419.24940331983487,15
2024-09-19 13:52:36.665000,419.2383947752522,8
2024-09-19 13:52:36.737000,419.26946803942224,1000
2024-09-19 13:52:36.849000,419.23042017301367,1001
2024-09-19 13:52:36.906000,419.25969821199214,12
2024-09-19 13:52:36.993000,419.2215479311691,998
2024-09-19 13:52:37.115000,419.3151050871038,95
2024-09-19 13:52:37.177000,419.2808089103632,103
2024-09-19 13:52:37.185000,419.3090969640249,99
2024-09-19 13:52:37.334000,419.2574430242027,10
2024-09-19 13:52:37.481000,419.2516031299386,105
2024-09-19 13:52:37.630000,419.2772047764885,103
2024-09-19 13:52:37.812000,419.2854479957487,998
2024-09-19 13:52:38.060000,419.2146333407108,1001
2024-09-19 13:52:38.260000,419.24390247200085,10
2024-09-19 13:52:38.425000,419.2862073942722,96
2024-09-19 13:52:38.556000,419.23689945485495,97
2024-09-19 13:52:38.682000,419.2444730583298,1001
2024-09-19 13:52:38.755000,419.2673665723528,96
2024-09-19 13:52:38.895000,419.2269962173577,13
2024-09-19 13:52:38.974000,419.2489712358648,8
2024-09-19 13:52:39.092000,419.3185968623273,1003
2024-09-19 13:52:39.218000,419.3115587018691,999
2024-09-19 13:52:39.228000,419.291718834816,6
2024-09-19 13:52:39.232000,419.2464496701565,11
2024-09-19 13:52:39.286000,419.2946288270286,996
2024-09-19 13:52:39.372000,419.2431727064537,6
2024-09-19 13:52:39.424000,419.3112868560752,104
2024-09-19 13:52:39.507000,419.2769519914527,7
2024-09-19 13:52:39.536000,419.2829382966037,1001
2024-09-19 13:52:39.568000,419.27431824497097,997
2024-09-19 13:52:39.704000,419.3199684329919,1000
2024-09-19 13:52:39.718000,419.3192068897887,96
2024-09-19 13:52:39.786000,419.2731617141703,12
2024-09-19 13:52:39.830000,419.2634122770609,104
2024-09-19 13:52:40.034000,419.2888830204986,996
2024-09-19 13:52:40.185000,419.24081718319337,11
2024-09-19 13:52:40.250000,419.21305493524767,98
2024-09-19 13:52:40.385000,419.2916698419948,999
2024-09-19 13:52:40.465000,419.2689058266935,14
2024-09-19 13:52:40.594000,419.2678376296199,104
2024-09-19 13:52:40.625000,419.2584484197856,5
2024-09-19 13:52:40.721000,419.2402507400142,996
2024-09-19 13:52:40.839000,419.2176746032177,98
2024-09-19 13:52:41.081000,419.21665805149104,11
2024-09-19 13:52:41.124000,419.2669237716971,1002
2024-09-19 13:52:41.192000,419.2210691228843,12
2024-09-19 13:52:41.216000,419.2671412773424,99
2024-09-19 13:52:41.265000,419.28895432877925,5
2024-09-19 13:52:41.284000,419.2338852575404,1002
2024-09-19 13:52:41.304000,419.2052244383303,14
2024-09-19 13:52:41.315000,419.2786751876297,1004
2024-09-19 13:52:41.376000,419.294104601714,10
2024-09-19 13:52:41.387000,419.2364260124132,104
2024-09-19 13:52:41.421000,419.2817967299896,12
2024-09-19 13:52:41.468000,419.2008957523162,102
2024-09-19 13:52:41.474000,419.2064326145157,999
2024-09-19 13:52:41.488000,419.2089087434459,14
2024-09-19 13:52:41.550000,419.1966025603052,12
2024-09-19 13:52:41.556000,419.2760283205603,101
2024-09-19 13:52:41.584000,419.2688521293448,1005
2024-09-19 13:52:41.613000,419.229323973456,11
2024-09-19 13:52:41.627000,419.2871672169821,96
2024-09-19 13:52:41.737000,419.2709938846745,104
2024-09-19 13:52:41.804000,419.2830987380069,104
2024-09-19 13:52:41.830000,419.2601859611157,13
2024-09-19 13:52:41.950000,419.2688383937921,12
2024-09-19 13:52:42.035000,419.1210136174248,1000
2024-09-19 13:52:42.185000,419.1958135185404,98
2024-09-19 13:52:42.494000,419.1585624789412,8
2024-09-19 13:52:42.504000,419.2048102611145,101
2024-09-19 13:52:42.539000,419.19652741070297,96
2024-09-19 13:52:42.722000,419.13680469026826,1005
2024-09-19 13:52:42.786000,419.2159974214109,8
2024-09-19 13:52:42.790000,419.18231770016206,98
2024-09-19 13:52:42.848000,419.1524672424968,998
2024-09-19 13:52:43.080000,419.1463733991536,1005
2024-09-19 13:52:43.168000,419.1609776205327,100
2024-09-19 13:52:43.182000,419.1738303719794,1005
2024-09-19 13:52:43.249000,419.1712547857394,995
2024-09-19 13:52:43.255000,419.1525606451485,1003
2024-09-19 13:52:43.265000,419.1169064995978,101
2024-09-19 13:52:43.304000,419.1438493287575,13
2024-09-19 13:52:43.308000,419.1224165963374,7
2024-09-19 13:52:43.319000,419.17159184673824,8
2024-09-19 13:52:43.482000,419.1502327680049,97
2024-09-19 13:52:43.508000,419.16330958948737,999
2024-09-19 13:52:43.537000,419.1277136966012,7
2024-09-19 13:52:43.631000,419.1213102963842,12
2024-09-19 13:52:43.646000,419.1348286267068,998
2024-09-19 13:52:43.649000,419.13432898893615,999
2024-09-19 13:52:43.697000,419.1319354043438,11
2024-09-19 13:52:43.716000,419.1439009537239,1005
2024-09-19 13:52:43.858000,419.1241278698367,13
2024-09-19 13:52:43.884000,419.1862069113128,1000
2024-09-19 13:52:43.884000,419.1241883351608,98
2024-09-19 13:52:44.031000,419.1337258938479,99
2024-09-19 13:52:44.053000,419.1400897006247,1003
2024-09-19 13:52:44.072000,419.1100305240246,6
2024-09-19 13:52:44.080000,419.1226024570799,1004
2024-09-19 13:52:44.087000,419.1846655874553,8
2024-09-19 13:52:44.183000,419.1158458818384,1005
2024-09-19 13:52:44.211000,419.1094947938992,12
2024-09-19 13:52:44.457000,419.17743485171655,96
2024-09-19 13:52:44.583000,419.1724073850259,1001
2024-09-19 13:52:44.594000,419.1486587841249,98
2024-09-19 13:52:44.599000,419.1370408198164,105
2024-09-19 13:52:44.620000,419.14340544821073,102
2024-09-19 13:52:44.630000,419.1586001741406,1005
2024-09-19 13:52:44.675000,419.1283677710501,97
2024-09-19 13:52:44.700000,419.1173860464946,99
2024-09-19 13:52:44.862000,419.1400863037321,99
2024-09-19 13:52:44.885000,419.133990523562,996
2024-09-19 13:52:45.077000,419.13207200219233,1002
2024-09-19 13:52:46.063000,419.0548564881522,1000
2024-09-19 13:52:46.076000,419.06015962295385,99
2024-09-19 13:52:46.099000,419.0355129075296,105
2024-09-19 13:52:46.112000,419.0758648562084,998
2024-09-19 13:52:46.244000,419.0695250660016,7
2024-09-19 13:52:46.303000,419.1110789375395,995
2024-09-19 13:52:46.327000,419.07492727230925,999
2024-09-19 13:52:46.331000,419.0758051970866,95
2024-09-19 13:52:46.369000,419.065545437407,99
2024-09-19 13:52:46.377000,419.0665773651263,95
2024-09-19 13:52:46.389000,419.07569024003857,14
2024-09-19 13:52:46.414000,419.0492095465834,103
2024-09-19 13:52:46.475000,419.08229696820894,95
2024-09-19 13:52:46.483000,419.06099925558897,101
2024-09-19 13:52:46.505000,419.07677172677455,10
2024-09-19 13:52:46.513000,419.0358690238588,1003
2024-09-19 13:52:46.586000,419.0972365602559,996
2024-09-19 13:52:46.598000,419.0796188405711,998
2024-09-19 13:52:46.613000,419.0888928313988,1001
2024-09-19 13:52:46.624000,419.139879570407,8
2024-09-19 13:52:46.625000,419.0607868876164,995
2024-09-19 13:52:46.671000,419.09497235792446,5
2024-09-19 13:52:46.738000,419.06049857128846,1005
2024-09-19 13:52:46.792000,419.1248263729775,14
2024-09-19 13:52:46.812000,419.1104892318557,105
2024-09-19 13:52:46.893000,419.04945909246106,95
2024-09-19 13:52:46.911000,419.1138726356176,1002
2024-09-19 13:52:46.915000,419.08286051102135,1005
2024-09-19 13:52:46.925000,419.07295283125,100
2024-09-19 13:52:47.031000,419.0253234413411,96
2024-09-19 13:52:47.272000,419.09521742135206,101
2024-09-19 13:52:47.324000,419.0336325335976,1002
2024-09-19 13:52:47.349000,419.0176419663696,6
2024-09-19 13:52:47.399000,419.0767184954551,10
2024-09-19 13:52:47.451000,419.0734558592804,5
2024-09-19 13:52:47.527000,419.0792250444405,996
2024-09-19 13:52:47.538000,419.01522516808063,96
2024-09-19 13:52:47.554000,419.02234124433534,996
2024-09-19 13:52:47.575000,419.0532745675019,104
2024-09-19 13:52:47.630000,419.0324650231899,11
2024-09-19 13:52:47.696000,419.0604022248758,97
2024-09-19 13:52:47.720000,419.053413276506,1004
2024-09-19 13:52:47.752000,419.02157898797424,1005
2024-09-19 13:52:47.769000,419.02720354567225,998
2024-09-19 13:52:47.788000,419.0547268857057,11
2024-09-19 13:52:47.804000,419.0850266881978,102
2024-09-19 13:52:47.820000,419.0196510444713,96
2024-09-19 13:52:47.829000,419.0104020277264,995
2024-09-19 13:52:47.842000,419.073692095527,11
2024-09-19 13:52:47.859000,419.0226681640663,15
2024-09-19 13:52:47.921000,419.0529339631032,997
2024-09-19 13:52:47.962000,419.05193093341626,1004
2024-09-19 13:52:47.963000,419.02665454733096,12
2024-09-19 13:52:47.966000,419.07969320612114,1005
2024-09-19 13:52:47.967000,419.0036076431852,97
2024-09-19 13:52:48.013000,419.0579670403167,97
2024-09-19 13:52:48.036000,419.0003918902852,6
2024-09-19 13:52:48.088000,419.0261656236181,998
2024-09-19 13:52:48.119000,419.0391798013906,7
2024-09-19 13:52:48.190000,419.0553118433581,8
2024-09-19 13:52:48.242000,419.0470164597408,98
2024-09-19 13:52:48.285000,419.05029877337904,1005
2024-09-19 13:52:48.377000,418.9515016854782,998
2024-09-19 13:52:48.379000,418.9548964684387,1004
2024-09-19 13:52:48.396000,418.9623058044119,995
2024-09-19 13:52:48.445000,419.0454674881614,5
2024-09-19 13:52:48.457000,419.0226138205051,1005
2024-09-19 13:52:48.475000,418.9934064008426,101
2024-09-19 13:52:48.508000,419.0493339613844,104
2024-09-19 13:52:48.539000,419.0129990716034,997
2024-09-19 13:52:48.552000,419.02037785682927,12
2024-09-19 13:52:48.594000,419.0383525415352,102
2024-09-19 13:52:48.622000,419.019996370457,104
2024-09-19 13:52:48.668000,419.0516259097072,105
2024-09-19 13:52:48.697000,419.0020323018569,99
2024-09-19 13:52:48.729000,419.0181492004564,6
2024-09-19 13:52:48.740000,418.9828932568208,998
2024-09-19 13:52:48.807000,419.0378254612738,105
2024-09-19 13:52:48.829000,419.0061388899424,999
2024-09-19 13:52:48.855000,418.9596831384293,101
2024-09-19 13:52:48.867000,419.0475069190266,97
2024-09-19 13:52:48.927000,419.0502322438069,11
2024-09-19 13:52:49.063000,418.985180664414,9
2024-09-19 13:52:49.079000,418.9610894353143,102
2024-09-19 13:52:49.111000,418.97380580163065,10
2024-09-19 13:52:49.189000,418.9690322550877,95
2024-09-19 13:52:49.197000,418.9722012310663,104
2024-09-19 13:52:49.250000,418.978368049816,7
2024-09-19 13:52:49.282000,418.9518609288812,1005
2024-09-19 13:52:49.303000,418.9786524586991,13
2024-09-19 13:52:49.318000,418.9749916755177,101
2024-09-19 13:52:49.589000,418.9953275683836,1004
2024-09-19 13:52:49.602000,418.95688015822856,102
2024-09-19 13:52:49.688000,418.9604923793384,8
2024-09-19 13:52:49.703000,418.9777289326623,11
2024-09-19 13:52:49.734000,418.9766914203387,102
2024-09-19 13:52:50.117000,418.9783612216467,103
2024-09-19 13:52:50.133000,418.98958886944087,104
2024-09-19 13:52:50.351000,418.9688599194349,101
2024-09-19 13:52:50.538000,418.9871380386187,104
2024-09-19 13:52:50.678000,419.0020721630698,1003
2024-09-19 13:52:50.683000,418.96891787649,1000
2024-09-19 13:52:50.772000,418.9788818025589,995
2024-09-19 13:52:50.890000,418.9775315090978,1004
2024-09-19 13:52:50.967000,418.9855260576004,100
2024-09-19 13:52:51.180000,418.9792159638153,1003
2024-09-19 13:52:51.457000,418.97181943631824,998
2024-09-19 13:52:51.735000,418.9677967587089,1000
2024-09-19 13:52:51.774000,418.9860136224755,14
2024-09-19 13:52:51.885000,418.9968154731456,9
2024-09-19 13:52:51.977000,418.971899899081,5
2024-09-19 13:52:52.132000,418.9888928383145,995
2024-09-19 13:52:52.254000,418.9806239853543,99
2024-09-19 13:52:52.370000,418.9909019805985,5
2024-09-19 13:52:52.720000,419.0069333186114,11
2024-09-19 13:52:52.807000,418.963709124683,996
2024-09-19 13:52:52.849000,418.9737685600074,13
2024-09-19 13:52:52.990000,418.99386943554697,97
2024-09-19 13:52:53.044000,418.951036216894,1004
2024-09-19 13:52:53.060000,418.9547486127876,1001
2024-09-19 13:52:53.170000,418.98239466375753,1004
2024-09-19 13:52:53.227000,418.956051073479,14
2024-09-19 13:52:53.316000,418.97619751508034,102
2024-09-19 13:52:53.439000,418.9581319795152,12
2024-09-19 13:52:53.460000,418.9771018269937,96
2024-09-19 13:52:53.460000,418.9461943121567,1002
2024-09-19 13:52:53.549000,418.9445689386974,1000
2024-09-19 13:52:53.550000,418.96426205145787,1005
2024-09-19 13:52:53.559000,418.99381887547526,1003
2024-09-19 13:52:53.602000,418.9540212603515,11
2024-09-19 13:52:53.620000,418.9558934908025,1004
2024-09-19 13:52:53.691000,418.9617918142896,103
2024-09-19 13:52:53.721000,418.9701922585545,1000
2024-09-19 13:52:53.749000,418.9688235027694,996
2024-09-19 13:52:53.870000,418.9693759803007,1003
2024-09-19 13:52:53.874000,418.9763603458912,10
2024-09-19 13:52:53.924000,418.98271323606735,15
2024-09-19 13:52:53.988000,418.9744779913949,1001
2024-09-19 13:52:54.087000,418.8605224352734,13
2024-09-19 13:52:54.099000,418.90196715271554,10
2024-09-19 13:52:54.139000,418.8695823073853,103
2024-09-19 13:52:54.281000,418.8575871512876,1002
2024-09-19 13:52:54.331000,418.8896242131402,103
2024-09-19 13:52:54.365000,418.8708277316982,8
2024-09-19 13:52:54.432000,418.8879825562396,998
2024-09-19 13:52:54.437000,418.9043805538653,5
2024-09-19 13:52:54.601000,418.89362754849344,995
2024-09-19 13:52:54.602000,418.905021404871,996
2024-09-19 13:52:54.608000,418.92948306198895,1000
2024-09-19 13:52:54.636000,418.8723153413084,98
2024-09-19 13:52:54.709000,418.8505826935223,1001
2024-09-19 13:52:54.744000,418.9538073577877,1000
2024-09-19 13:52:54.845000,418.86515207997087,5
2024-09-19 13:52:54.846000,418.8636689785813,1003
2024-09-19 13:52:55.045000,418.8266144155109,15
2024-09-19 13:52:55.067000,418.81139540392974,98
2024-09-19 13:52:55.132000,418.8172524408028,105
2024-09-19 13:52:55.410000,418.8227844876253,9
2024-09-19 13:52:55.419000,418.8430814650458,1005
2024-09-19 13:52:55.434000,418.85379666977246,1000
2024-09-19 13:52:55.567000,418.8511779146841,1001
2024-09-19 13:52:55.617000,418.8532791297836,1001
2024-09-19 13:52:55.714000,418.8087078280413,96
2024-09-19 13:52:55.817000,418.8066214584344,5
2024-09-19 13:52:55.858000,418.8292323107272,998
2024-09-19 13:52:55.906000,418.84353335590646,100
2024-09-19 13:52:55.955000,418.8675123304915,998
2024-09-19 13:52:56.060000,418.8265536142656,999
2024-09-19 13:52:56.065000,418.8456807686005,101
2024-09-19 13:52:56.084000,418.844872842162,15
2024-09-19 13:52:56.094000,418.84935440275086,998
2024-09-19 13:52:56.257000,418.833844681986,96
2024-09-19 13:52:56.292000,418.87272561997474,96
2024-09-19 13:52:56.330000,418.8490894947138,100
2024-09-19 13:52:56.334000,418.8609605249261,997
2024-09-19 13:52:56.352000,418.85136627123546,7
2024-09-19 13:52:56.355000,418.8121565102485,99
2024-09-19 13:52:56.464000,418.84199586430753,98
2024-09-19 13:52:56.466000,418.8616207313904,6
2024-09-19 13:52:56.559000,418.8415980512253,1005
2024-09-19 13:52:56.560000,418.8312174169176,1000
2024-09-19 13:52:56.638000,418.8734809773498,13
2024-09-19 13:52:56.645000,418.8155446686544,6
2024-09-19 13:52:56.676000,418.8278592367418,1001
2024-09-19 13:52:56.706000,418.85323309200976,997
2024-09-19 13:52:56.761000,418.87951285584194,96
2024-09-19 13:52:56.795000,418.8633453946633,1000
2024-09-19 13:52:56.832000,418.8707926555635,9
2024-09-19 13:52:56.840000,418.829139044499,1002
2024-09-19 13:52:56.876000,418.8330578387541,101
2024-09-19 13:52:56.925000,418.825208380919,8
2024-09-19 13:52:56.925000,418.87901561563206,95
2024-09-19 13:52:56.938000,418.8537463418789,999
2024-09-19 13:52:56.977000,418.83750973376135,1002
2024-09-19 13:52:56.980000,418.8558801836303,6
2024-09-19 13:52:56.984000,418.8758690328087,12
2024-09-19 13:52:57.027000,418.8134251430541,997
2024-09-19 13:52:57.084000,418.8033760481391,13
2024-09-19 13:52:57.137000,418.80615708626266,96
2024-09-19 13:52:57.210000,418.8153192566768,7
2024-09-19 13:52:57.368000,418.83044224823175,105
2024-09-19 13:52:57.539000,418.8210325839778,103
2024-09-19 13:52:57.677000,418.8345404667475,11
2024-09-19 13:52:57.722000,418.8146079680548,98
2024-09-19 13:52:58.028000,418.7938264264835,97
2024-09-19 13:52:58.078000,418.7873060538864,99
2024-09-19 13:52:58.086000,418.80542097890174,10
2024-09-19 13:52:58.094000,418.75542434664106,1000
2024-09-19 13:52:58.124000,418.80204086508434,103
2024-09-19 13:52:58.208000,418.7675853353561,101
2024-09-19 13:52:58.213000,418.7681557179038,997
2024-09-19 13:52:58.232000,418.8008380717241,102
2024-09-19 13:52:58.264000,418.74780173109673,1005
2024-09-19 13:52:58.300000,418.8016881371174,13
2024-09-19 13:52:58.351000,418.7697847289292,104
2024-09-19 13:52:58.372000,418.7521024778456,6
2024-09-19 13:52:58.388000,418.78219701090376,997
2024-09-19 13:52:58.439000,418.82266732947954,96
2024-09-19 13:52:58.440000,418.81428755789824,5
2024-09-19 13:52:58.514000,418.7877028434692,7
2024-09-19 13:52:58.515000,418.77053330990526,98
2024-09-19 13:52:58.518000,418.81377222838455,14
2024-09-19 13:52:58.531000,418.7341611623086,1000
2024-09-19 13:52:58.586000,418.7745273697149,98
2024-09-19 13:52:58.660000,418.7853831054804,97
2024-09-19 13:52:58.662000,418.74141852555016,997
2024-09-19 13:52:58.714000,418.7824894538475,1004
2024-09-19 13:52:58.810000,418.8172917239477,1001
2024-09-19 13:52:58.816000,418.7957743409556,104
2024-09-19 13:52:58.824000,418.7594299790979,9
2024-09-19 13:52:58.898000,418.7954943980602,105
2024-09-19 13:52:58.926000,418.8027544658624,14
2024-09-19 13:52:58.940000,418.7906797765754,105
2024-09-19 13:52:59.010000,418.7906683375545,104
2024-09-19 13:52:59.091000,418.7586232294921,5
2024-09-19 13:52:59.113000,418.79116678523087,998
2024-09-19 13:52:59.159000,418.75828970781305,997
2024-09-19 13:52:59.546000,418.7725429421976,998
2024-09-19 13:52:59.927000,418.7890179717174,8
