Timestamp,Price,Size
2024-09-16 09:51:00.115000,418.1650605607332,995
2024-09-16 09:51:00.621000,418.20939701472895,6
2024-09-16 09:51:00.636000,418.172852464898,6
2024-09-16 09:51:00.714000,418.2303266537023,995
2024-09-16 09:51:00.780000,418.2486156299631,1002
2024-09-16 09:51:00.913000,418.1392137388895,1002
2024-09-16 09:51:00.945000,418.19637391530426,996
2024-09-16 09:51:01.014000,418.24448097328695,995
2024-09-16 09:51:01.104000,418.2496880607341,103
2024-09-16 09:51:01.138000,418.22562473763,1004
2024-09-16 09:51:01.148000,418.2330616472458,100
2024-09-16 09:51:01.286000,418.2421444363198,12
2024-09-16 09:51:01.297000,418.21691518742966,1003
2024-09-16 09:51:01.337000,418.2676484191135,10
2024-09-16 09:51:01.407000,418.2553073083304,15
2024-09-16 09:51:01.443000,418.2678014041463,1000
2024-09-16 09:51:01.455000,418.25258468528745,9
2024-09-16 09:51:01.486000,418.2215204031252,999
2024-09-16 09:51:01.581000,418.22210905922094,103
2024-09-16 09:51:01.665000,418.2441866931375,999
2024-09-16 09:51:01.881000,418.2202151959765,101
2024-09-16 09:51:01.930000,418.2594333461168,7
2024-09-16 09:51:01.997000,418.23068710921314,100
2024-09-16 09:51:02.081000,418.2577466581931,1005
2024-09-16 09:51:02.189000,418.27940595714193,97
2024-09-16 09:51:02.192000,418.2482594959698,8
2024-09-16 09:51:02.238000,418.2744688426235,1000
2024-09-16 09:51:02.257000,418.2532804649211,13
2024-09-16 09:51:02.318000,418.2402777794291,6
2024-09-16 09:51:02.567000,418.2651574330354,1000
2024-09-16 09:51:02.621000,418.2689709719038,95
2024-09-16 09:51:02.668000,418.2566951518372,103
2024-09-16 09:51:02.795000,418.24605685044224,1001
2024-09-16 09:51:02.819000,418.2760973465152,1001
2024-09-16 09:51:03.043000,418.2491433655794,98
2024-09-16 09:51:03.166000,418.1780821592701,102
2024-09-16 09:51:03.259000,418.18295349769,105
2024-09-16 09:51:03.364000,418.2361227915884,11
2024-09-16 09:51:03.365000,418.1814026828122,1002
2024-09-16 09:51:03.397000,418.2225876992677,1003
2024-09-16 09:51:03.404000,418.22327493838674,8
2024-09-16 09:51:03.437000,418.1759443639021,999
2024-09-16 09:51:03.443000,418.23810613763936,7
2024-09-16 09:51:03.467000,418.2043885363741,9
2024-09-16 09:51:03.481000,418.18439763553874,6
2024-09-16 09:51:03.571000,418.2145572826213,102
2024-09-16 09:51:03.746000,418.1649314728127,995
2024-09-16 09:51:03.795000,418.23376745321633,1003
2024-09-16 09:51:03.876000,418.2507823127082,1001
2024-09-16 09:51:03.888000,418.2365866070122,1002
2024-09-16 09:51:03.961000,418.2263128387007,7
2024-09-16 09:51:04.155000,418.1791402560677,12
2024-09-16 09:51:04.172000,418.1679549034874,101
2024-09-16 09:51:04.315000,418.1641775235992,8
2024-09-16 09:51:04.316000,418.16135729258747,1002
2024-09-16 09:51:04.399000,418.1476840170311,103
2024-09-16 09:51:04.562000,418.1515013131393,95
2024-09-16 09:51:04.704000,418.1668059934184,96
2024-09-16 09:51:04.806000,418.1636729549134,15
2024-09-16 09:51:04.839000,418.16030917567366,1000
2024-09-16 09:51:05.111000,418.1540107062278,7
2024-09-16 09:51:05.193000,418.1600377081838,103
2024-09-16 09:51:05.306000,418.1173303634124,11
2024-09-16 09:51:05.388000,418.1167851483538,6
2024-09-16 09:51:05.556000,418.13951674679896,96
2024-09-16 09:51:05.798000,418.1387444148325,1002
2024-09-16 09:51:05.808000,418.1780259483776,97
2024-09-16 09:51:06.495000,418.1744764938694,103
2024-09-16 09:51:06.579000,418.1480697103396,97
2024-09-16 09:51:06.628000,418.159749929914,102
2024-09-16 09:51:06.777000,418.1408100413134,96
2024-09-16 09:51:07.258000,418.1478702226975,13
2024-09-16 09:51:07.426000,418.1296404372303,95
2024-09-16 09:51:07.610000,418.1327282888072,96
2024-09-16 09:51:07.832000,418.1426255621293,98
2024-09-16 09:51:07.998000,418.1473801656391,8
2024-09-16 09:51:08.023000,418.1417873506842,102
2024-09-16 09:51:08.029000,418.1073997126702,100
2024-09-16 09:51:08.080000,418.0998011703818,104
2024-09-16 09:51:08.220000,418.0903011439931,102
2024-09-16 09:51:08.249000,418.12507162940136,13
2024-09-16 09:51:08.297000,418.096941402833,104
2024-09-16 09:51:08.328000,418.1311279269669,1005
2024-09-16 09:51:08.339000,418.1168349106057,8
2024-09-16 09:51:08.370000,418.1161497852754,102
2024-09-16 09:51:08.409000,418.0911368628534,15
2024-09-16 09:51:08.427000,418.09048675954,103
2024-09-16 09:51:08.505000,418.0947429097324,100
2024-09-16 09:51:08.583000,418.09726682753416,999
2024-09-16 09:51:08.754000,418.1328619243465,6
2024-09-16 09:51:08.839000,418.0904477402664,15
2024-09-16 09:51:08.883000,418.0874343756628,100
2024-09-16 09:51:08.908000,418.0847990532931,1000
2024-09-16 09:51:08.940000,418.1131013843665,105
2024-09-16 09:51:08.977000,418.1474333932192,100
2024-09-16 09:51:09.003000,418.1399920405536,995
2024-09-16 09:51:09.040000,418.1509461136567,97
2024-09-16 09:51:09.059000,418.1654489973585,995
2024-09-16 09:51:09.072000,418.1582412495874,1005
2024-09-16 09:51:09.094000,418.16962196623984,995
2024-09-16 09:51:09.135000,418.1389108078019,1003
2024-09-16 09:51:09.237000,418.1467022423956,996
2024-09-16 09:51:09.260000,418.1248610589941,5
2024-09-16 09:51:09.274000,418.1251611138349,1004
2024-09-16 09:51:09.357000,418.1591023966842,14
2024-09-16 09:51:09.366000,418.1211431028424,14
2024-09-16 09:51:09.424000,418.1613467002634,7
2024-09-16 09:51:09.434000,418.16810348060153,9
2024-09-16 09:51:09.495000,418.164344314143,101
2024-09-16 09:51:09.500000,418.1287786326504,5
2024-09-16 09:51:09.542000,418.1697952289302,6
2024-09-16 09:51:09.563000,418.12659101973793,11
2024-09-16 09:51:09.711000,418.1368971749799,1000
2024-09-16 09:51:09.727000,418.1141242216761,1003
2024-09-16 09:51:09.747000,418.14790809210245,105
2024-09-16 09:51:09.758000,418.1511647203632,103
2024-09-16 09:51:09.804000,418.11383561786704,15
2024-09-16 09:51:09.929000,418.1287881414139,97
2024-09-16 09:51:09.931000,418.12721696923103,997
2024-09-16 09:51:09.950000,418.1339831285217,97
2024-09-16 09:51:10.807000,418.1843284495488,15
2024-09-16 09:51:11.024000,418.2230649609421,101
2024-09-16 09:51:11.030000,418.341552550066,14
2024-09-16 09:51:11.051000,418.3309647424811,98
2024-09-16 09:51:11.072000,418.3393719825384,1000
2024-09-16 09:51:11.116000,418.3512673994172,998
2024-09-16 09:51:11.123000,418.3382965547242,998
2024-09-16 09:51:11.146000,418.35570366484393,15
2024-09-16 09:51:11.176000,418.3001678625721,5
2024-09-16 09:51:11.183000,418.3307049383701,12
2024-09-16 09:51:11.334000,418.288618748797,6
2024-09-16 09:51:11.361000,418.2867005530572,997
2024-09-16 09:51:11.437000,418.2686475445033,102
2024-09-16 09:51:11.454000,418.19118719652965,105
2024-09-16 09:51:11.575000,418.270527336001,103
2024-09-16 09:51:11.611000,418.3114531176135,995
2024-09-16 09:51:11.693000,418.3238196472665,15
2024-09-16 09:51:11.701000,418.3104715572072,997
2024-09-16 09:51:11.708000,418.2408904914069,1005
2024-09-16 09:51:11.812000,418.3024837780306,998
2024-09-16 09:51:11.828000,418.2360672300719,995
2024-09-16 09:51:11.837000,418.3310397449838,996
2024-09-16 09:51:11.838000,418.2638410988173,95
2024-09-16 09:51:11.913000,418.2428149572944,14
2024-09-16 09:51:11.933000,418.26283810499,101
2024-09-16 09:51:11.972000,418.23402501008553,9
2024-09-16 09:51:11.992000,418.2979608604597,5
2024-09-16 09:51:12.009000,418.3554380386283,12
2024-09-16 09:51:12.025000,418.3631457379879,104
2024-09-16 09:51:12.090000,418.3864863707548,97
2024-09-16 09:51:12.162000,418.3648779328872,1005
2024-09-16 09:51:12.177000,418.3257866811792,997
2024-09-16 09:51:12.328000,418.40475914606577,997
2024-09-16 09:51:12.346000,418.376604775624,12
2024-09-16 09:51:12.353000,418.4042202742935,1005
2024-09-16 09:51:12.415000,418.38067194309,8
2024-09-16 09:51:12.442000,418.301561557915,1003
2024-09-16 09:51:12.538000,418.3639193017264,8
2024-09-16 09:51:12.557000,418.3904367434636,7
2024-09-16 09:51:12.609000,418.3825051889009,999
2024-09-16 09:51:12.626000,418.4040416228408,996
2024-09-16 09:51:12.638000,418.3792977518104,98
2024-09-16 09:51:12.677000,418.34822212983033,104
2024-09-16 09:51:12.718000,418.40753511801466,15
2024-09-16 09:51:12.791000,418.3967575462654,1005
2024-09-16 09:51:12.829000,418.3074791180354,998
2024-09-16 09:51:12.923000,418.308816311635,995
2024-09-16 09:51:12.986000,418.4044442379588,999
2024-09-16 09:51:12.991000,418.3107539039386,9
2024-09-16 09:51:13.064000,418.2367854962893,101
2024-09-16 09:51:13.190000,418.2096770372146,99
2024-09-16 09:51:13.219000,418.2274762454445,95
2024-09-16 09:51:13.221000,418.2812949576556,995
2024-09-16 09:51:13.231000,418.2298826345801,105
2024-09-16 09:51:13.245000,418.2451037190369,95
2024-09-16 09:51:13.257000,418.2335974454005,999
2024-09-16 09:51:13.311000,418.2695900643737,8
2024-09-16 09:51:13.319000,418.22924780835257,13
2024-09-16 09:51:13.328000,418.2245701371344,1002
2024-09-16 09:51:13.420000,418.2675147337606,9
2024-09-16 09:51:13.438000,418.2230727689635,5
2024-09-16 09:51:13.482000,418.3571313195375,12
2024-09-16 09:51:13.489000,418.2732205873508,995
2024-09-16 09:51:13.593000,418.2400420442431,9
2024-09-16 09:51:13.655000,418.2373665671772,7
2024-09-16 09:51:13.656000,418.3594087791224,104
2024-09-16 09:51:13.665000,418.35050987106086,996
2024-09-16 09:51:13.666000,418.2268671931391,15
2024-09-16 09:51:13.869000,418.3099730400927,13
2024-09-16 09:51:13.882000,418.2347818848384,101
2024-09-16 09:51:13.911000,418.3465133957362,999
2024-09-16 09:51:13.925000,418.2346923046647,15
2024-09-16 09:51:13.973000,418.2542979659822,98
2024-09-16 09:51:13.979000,418.2346371074824,1003
2024-09-16 09:51:14,418.2474889228729,14
2024-09-16 09:51:14.136000,418.2562270585373,101
2024-09-16 09:51:14.162000,418.2300122869708,1001
2024-09-16 09:51:14.177000,418.27174516140064,1005
2024-09-16 09:51:14.396000,418.2313766249858,103
2024-09-16 09:51:14.436000,418.2413018514491,995
2024-09-16 09:51:14.672000,418.2220962553229,103
2024-09-16 09:51:14.838000,418.25224619326826,7
2024-09-16 09:51:14.845000,418.2483013047287,13
2024-09-16 09:51:14.858000,418.23511479247423,998
2024-09-16 09:51:14.979000,418.2480542763492,10
2024-09-16 09:51:15.243000,418.24649284733925,105
2024-09-16 09:51:15.480000,418.24141966622096,14
2024-09-16 09:51:15.691000,418.2434374372313,97
2024-09-16 09:51:15.870000,418.24550943051713,15
2024-09-16 09:51:15.942000,418.2494354046929,102
2024-09-16 09:51:16.116000,418.2464105624064,96
2024-09-16 09:51:16.237000,418.2498262491271,102
2024-09-16 09:51:16.347000,418.2641669063256,996
2024-09-16 09:51:16.801000,418.2412769963961,97
2024-09-16 09:51:17.003000,418.2355568812229,1003
2024-09-16 09:51:17.006000,418.2614475691325,11
2024-09-16 09:51:17.115000,418.2594769903445,9
2024-09-16 09:51:17.168000,418.25150984644375,13
2024-09-16 09:51:17.173000,418.2541470675694,105
2024-09-16 09:51:17.194000,418.2448577495728,15
2024-09-16 09:51:17.203000,418.2462940746132,12
2024-09-16 09:51:17.254000,418.2585163990864,96
2024-09-16 09:51:17.471000,418.2813798481838,14
2024-09-16 09:51:17.489000,418.2444573389094,99
2024-09-16 09:51:17.505000,418.2468461817368,1000
2024-09-16 09:51:17.535000,418.2570471905415,7
2024-09-16 09:51:17.550000,418.2628312851288,1005
2024-09-16 09:51:17.590000,418.2679929229578,15
2024-09-16 09:51:17.602000,418.2680149645404,12
2024-09-16 09:51:17.711000,418.2455983099917,995
2024-09-16 09:51:17.782000,418.22731832612544,1002
2024-09-16 09:51:17.784000,418.23459227278056,97
2024-09-16 09:51:17.841000,418.2629643203889,100
2024-09-16 09:51:17.886000,418.24352311293535,100
2024-09-16 09:51:17.904000,418.24246521326495,95
2024-09-16 09:51:17.957000,418.2624380664391,14
2024-09-16 09:51:17.969000,418.2123849860322,996
2024-09-16 09:51:19.002000,418.2585746048679,11
2024-09-16 09:51:19.051000,418.267256698721,95
2024-09-16 09:51:19.062000,418.22916345980366,15
2024-09-16 09:51:19.099000,418.28066547309567,1003
2024-09-16 09:51:19.109000,418.2804431631882,1002
2024-09-16 09:51:19.158000,418.2215382275184,9
2024-09-16 09:51:19.197000,418.2687992728941,8
2024-09-16 09:51:19.343000,418.2226846168556,1000
2024-09-16 09:51:19.392000,418.2655828601684,101
2024-09-16 09:51:19.412000,418.2692310082425,1000
2024-09-16 09:51:19.431000,418.2813102450922,1005
2024-09-16 09:51:19.557000,418.2691259418276,1000
2024-09-16 09:51:19.582000,418.2511852034749,104
2024-09-16 09:51:19.620000,418.2361804750552,102
2024-09-16 09:51:19.646000,418.273735944128,96
2024-09-16 09:51:19.660000,418.236283955258,100
2024-09-16 09:51:19.723000,418.271639072346,13
2024-09-16 09:51:19.903000,418.2538613484404,99
2024-09-16 09:51:19.943000,418.2652342769502,1002
2024-09-16 09:51:19.973000,418.28288290109833,103
2024-09-16 09:51:20.009000,418.2608302706293,95
2024-09-16 09:51:20.099000,418.2282102151351,1003
2024-09-16 09:51:20.125000,418.3051142927842,1003
2024-09-16 09:51:20.130000,418.2567914304996,102
2024-09-16 09:51:20.151000,418.2273637485671,6
2024-09-16 09:51:20.175000,418.22909176362674,103
2024-09-16 09:51:20.177000,418.27073404952296,95
2024-09-16 09:51:20.183000,418.2163954369949,103
2024-09-16 09:51:20.246000,418.2369942907072,10
2024-09-16 09:51:20.358000,418.2344679991025,998
2024-09-16 09:51:20.508000,418.3076182583836,12
2024-09-16 09:51:20.532000,418.2471133070808,1002
2024-09-16 09:51:20.536000,418.22834131846406,13
2024-09-16 09:51:20.654000,418.2732551381513,6
2024-09-16 09:51:20.718000,418.2923443047304,15
2024-09-16 09:51:20.737000,418.2651360465277,8
2024-09-16 09:51:20.802000,418.2175295519506,1002
2024-09-16 09:51:20.847000,418.2673541693652,996
2024-09-16 09:51:20.885000,418.2247860263013,1003
2024-09-16 09:51:20.888000,418.2468944934007,1005
2024-09-16 09:51:20.968000,418.2576504390358,103
2024-09-16 09:51:21.043000,418.2587768929085,1005
2024-09-16 09:51:21.050000,418.2818424734541,8
2024-09-16 09:51:21.054000,418.2540437245327,11
2024-09-16 09:51:21.249000,418.2670767877652,12
2024-09-16 09:51:21.271000,418.2774042837211,104
2024-09-16 09:51:21.290000,418.28659849802034,998
2024-09-16 09:51:21.346000,418.3158253520087,996
2024-09-16 09:51:21.384000,418.2626673385133,12
2024-09-16 09:51:21.384000,418.3259441290599,11
2024-09-16 09:51:21.427000,418.3256073974271,12
2024-09-16 09:51:21.524000,418.2692532326963,95
2024-09-16 09:51:21.559000,418.278139769132,1005
2024-09-16 09:51:21.616000,418.3319430979136,1003
2024-09-16 09:51:21.672000,418.2412598280109,12
2024-09-16 09:51:21.686000,418.2711074207108,14
2024-09-16 09:51:21.845000,418.3090056724739,995
2024-09-16 09:51:21.943000,418.3219801133864,99
2024-09-16 09:51:21.955000,418.298488458886,11
2024-09-16 09:51:21.967000,418.24151622075465,12
2024-09-16 09:51:22.290000,418.3044694661041,105
2024-09-16 09:51:22.349000,418.3246039509535,105
2024-09-16 09:51:22.753000,418.3131922590254,1005
2024-09-16 09:51:22.874000,418.3140316223328,6
2024-09-16 09:51:22.998000,418.3190796440545,100
2024-09-16 09:51:23.350000,418.28496503569625,104
2024-09-16 09:51:23.510000,418.29337913844034,95
2024-09-16 09:51:23.523000,418.2848511695038,14
2024-09-16 09:51:23.615000,418.2623406523844,105
2024-09-16 09:51:23.905000,418.2978048082688,1005
2024-09-16 09:51:24.225000,418.2553625572427,7
2024-09-16 09:51:24.283000,418.2418542291594,101
2024-09-16 09:51:24.313000,418.2105106670396,105
2024-09-16 09:51:24.351000,418.2631118926533,995
2024-09-16 09:51:24.371000,418.2163425076325,95
2024-09-16 09:51:24.428000,418.23434805330623,998
2024-09-16 09:51:24.469000,418.2632573849524,98
2024-09-16 09:51:24.522000,418.2421676672794,10
2024-09-16 09:51:24.639000,418.25666655776,15
2024-09-16 09:51:24.678000,418.2606857414461,10
2024-09-16 09:51:24.715000,418.2505999852661,996
2024-09-16 09:51:24.722000,418.2329531710914,7
2024-09-16 09:51:24.743000,418.2504576549172,995
2024-09-16 09:51:24.754000,418.2367881378425,1001
2024-09-16 09:51:24.795000,418.2396995199984,5
2024-09-16 09:51:24.807000,418.20405961745934,998
2024-09-16 09:51:24.919000,418.2410392827789,1001
2024-09-16 09:51:24.958000,418.2148145800181,5
2024-09-16 09:51:24.964000,418.23154413832,10
2024-09-16 09:51:25.075000,418.2049739162441,13
2024-09-16 09:51:25.085000,418.2977617604248,105
2024-09-16 09:51:25.273000,418.2825756546789,15
2024-09-16 09:51:25.348000,418.20215639794327,11
2024-09-16 09:51:25.412000,418.1908745983549,996
2024-09-16 09:51:25.419000,418.2262937562265,98
2024-09-16 09:51:25.420000,418.2037360106778,1005
2024-09-16 09:51:25.440000,418.3012727667167,1000
2024-09-16 09:51:25.546000,418.2365291508824,100
2024-09-16 09:51:25.594000,418.2754230368929,104
2024-09-16 09:51:25.618000,418.257453146734,999
2024-09-16 09:51:25.661000,418.28130494048594,96
2024-09-16 09:51:25.767000,418.20111749057247,105
2024-09-16 09:51:25.774000,418.2086614605532,14
2024-09-16 09:51:25.853000,418.2040362994781,98
2024-09-16 09:51:26.329000,418.2712753936832,103
2024-09-16 09:51:26.456000,418.2671422602515,1005
2024-09-16 09:51:26.545000,418.2674427261076,999
2024-09-16 09:51:27.025000,418.2207133373614,9
2024-09-16 09:51:27.067000,418.23649035857454,1003
2024-09-16 09:51:27.082000,418.2625544709496,8
2024-09-16 09:51:27.099000,418.1880792130025,99
2024-09-16 09:51:27.146000,418.2267973788591,1005
2024-09-16 09:51:27.209000,418.2235962570798,101
2024-09-16 09:51:27.218000,418.2268394497357,103
2024-09-16 09:51:27.221000,418.23032892419496,12
2024-09-16 09:51:27.253000,418.25261538260816,996
2024-09-16 09:51:27.304000,418.2283753457405,103
2024-09-16 09:51:27.322000,418.2009135017085,95
2024-09-16 09:51:27.435000,418.228701301151,12
2024-09-16 09:51:27.469000,418.26647945680367,1002
2024-09-16 09:51:27.492000,418.2001265175127,7
2024-09-16 09:51:27.520000,418.2540774571822,8
2024-09-16 09:51:27.537000,418.2111555478211,96
2024-09-16 09:51:27.539000,418.242283257718,15
2024-09-16 09:51:27.613000,418.2610493320476,10
2024-09-16 09:51:27.628000,418.1818927516315,105
2024-09-16 09:51:27.646000,418.16981719044617,997
2024-09-16 09:51:27.661000,418.24064434358553,102
2024-09-16 09:51:27.707000,418.2082037665247,15
2024-09-16 09:51:27.777000,418.1849966566662,12
2024-09-16 09:51:27.792000,418.238714963824,12
2024-09-16 09:51:27.812000,418.2061931897703,96
2024-09-16 09:51:27.818000,418.2448962164941,1002
2024-09-16 09:51:27.867000,418.2404903659517,1003
2024-09-16 09:51:27.902000,418.2281122896016,95
2024-09-16 09:51:27.989000,418.2630755431591,1001
2024-09-16 09:51:28.028000,418.2656648161842,5
2024-09-16 09:51:28.120000,418.26009036436193,1003
2024-09-16 09:51:28.126000,418.2607795238599,14
2024-09-16 09:51:28.190000,418.26419051107007,10
2024-09-16 09:51:28.235000,418.2661973621556,995
2024-09-16 09:51:28.700000,418.2595314022448,11
2024-09-16 09:51:28.820000,418.2651084306963,995
2024-09-16 09:51:28.823000,418.2599574929536,96
2024-09-16 09:51:28.906000,418.2581442049799,998
2024-09-16 09:51:28.975000,418.2523922262475,1002
2024-09-16 09:51:29.023000,418.2321930170875,1000
2024-09-16 09:51:29.036000,418.2891441418829,1003
2024-09-16 09:51:29.046000,418.2990102002501,997
2024-09-16 09:51:29.085000,418.2326724195612,5
2024-09-16 09:51:29.117000,418.2302330875026,997
2024-09-16 09:51:29.172000,418.2209509834569,998
2024-09-16 09:51:29.224000,418.2950255387897,1000
2024-09-16 09:51:29.236000,418.2152226278367,100
2024-09-16 09:51:29.268000,418.3068211020408,997
2024-09-16 09:51:29.352000,418.3230449398187,13
2024-09-16 09:51:29.431000,418.3100688096613,10
2024-09-16 09:51:29.455000,418.3182015160206,14
2024-09-16 09:51:29.480000,418.32069832061023,103
2024-09-16 09:51:29.487000,418.29464844248656,103
2024-09-16 09:51:29.493000,418.26031537549306,14
2024-09-16 09:51:29.498000,418.3116608036828,9
2024-09-16 09:51:29.570000,418.2272335024468,96
2024-09-16 09:51:29.602000,418.2856600171552,100
2024-09-16 09:51:29.657000,418.2336724157464,1003
2024-09-16 09:51:29.703000,418.3130380858372,15
2024-09-16 09:51:29.744000,418.22111343484886,104
2024-09-16 09:51:29.766000,418.19356692174176,97
2024-09-16 09:51:29.824000,418.266171060168,13
2024-09-16 09:51:29.842000,418.3181554831975,105
2024-09-16 09:51:29.870000,418.2617783904879,5
2024-09-16 09:51:29.901000,418.2880335248728,97
2024-09-16 09:51:29.927000,418.21810792379085,102
2024-09-16 09:51:29.939000,418.3210536531784,5
2024-09-16 09:51:29.945000,418.22061540470025,997
2024-09-16 09:51:30.009000,418.27430698565087,1002
2024-09-16 09:51:30.013000,418.19328450701096,101
2024-09-16 09:51:30.050000,418.2542842486415,98
2024-09-16 09:51:30.066000,418.200507689811,9
2024-09-16 09:51:30.084000,418.2516850333904,1005
2024-09-16 09:51:30.095000,418.2167427857229,9
2024-09-16 09:51:30.148000,418.2549502444133,1001
2024-09-16 09:51:30.189000,418.2797288554388,8
2024-09-16 09:51:30.200000,418.2664831521248,105
2024-09-16 09:51:30.211000,418.2949712225574,6
2024-09-16 09:51:30.216000,418.2523237157267,95
2024-09-16 09:51:30.254000,418.31813432900566,96
2024-09-16 09:51:30.258000,418.1972605859167,997
2024-09-16 09:51:30.267000,418.2940530161856,98
2024-09-16 09:51:30.350000,418.26445525620767,13
2024-09-16 09:51:30.383000,418.31051711778775,102
2024-09-16 09:51:30.423000,418.2514814393592,1003
2024-09-16 09:51:30.447000,418.3120429981003,997
2024-09-16 09:51:30.460000,418.2447591948119,998
2024-09-16 09:51:30.491000,418.2849586335048,1001
2024-09-16 09:51:30.497000,418.2805539585096,5
2024-09-16 09:51:30.698000,418.2448140652638,98
2024-09-16 09:51:30.708000,418.254883424424,14
2024-09-16 09:51:30.712000,418.2619962196764,10
2024-09-16 09:51:30.783000,418.2437033937876,99
2024-09-16 09:51:30.828000,418.23026771915846,100
2024-09-16 09:51:30.936000,418.2801335822713,96
2024-09-16 09:51:30.970000,418.30987383159305,15
2024-09-16 09:51:31.006000,418.22173904259023,8
2024-09-16 09:51:31.013000,418.2783816353011,9
2024-09-16 09:51:31.155000,418.25587359132015,13
2024-09-16 09:51:31.191000,418.2634579402627,100
2024-09-16 09:51:31.198000,418.2779392188253,997
2024-09-16 09:51:31.243000,418.2432628840184,99
2024-09-16 09:51:31.256000,418.2680229167538,97
2024-09-16 09:51:31.352000,418.2766318074849,101
2024-09-16 09:51:31.368000,418.2533561641374,101
2024-09-16 09:51:31.382000,418.2563098574345,11
2024-09-16 09:51:31.404000,418.2870588800107,996
2024-09-16 09:51:31.418000,418.2364758877003,997
2024-09-16 09:51:31.422000,418.2934347638573,97
2024-09-16 09:51:31.437000,418.2652360736794,9
2024-09-16 09:51:31.539000,418.2292964548384,995
2024-09-16 09:51:31.556000,418.277338748823,13
2024-09-16 09:51:31.573000,418.27051823609713,15
2024-09-16 09:51:31.684000,418.2843600331425,997
2024-09-16 09:51:31.775000,418.2428030804077,104
2024-09-16 09:51:31.791000,418.2209980311986,10
2024-09-16 09:51:31.846000,418.2652729741125,1005
2024-09-16 09:51:31.848000,418.2704483529012,999
2024-09-16 09:51:31.880000,418.2881540773508,98
2024-09-16 09:51:31.897000,418.250779607265,98
2024-09-16 09:51:31.908000,418.23492329954746,101
2024-09-16 09:51:31.924000,418.25032477344064,11
2024-09-16 09:51:31.940000,418.2772015771543,9
2024-09-16 09:51:31.981000,418.2164212345836,998
2024-09-16 09:51:32.006000,418.2665991318065,996
2024-09-16 09:51:32.031000,418.2391175638812,7
2024-09-16 09:51:32.037000,418.2127526869614,8
2024-09-16 09:51:32.089000,418.22791470839127,1005
2024-09-16 09:51:32.162000,418.2406111168455,11
2024-09-16 09:51:32.190000,418.25438625918855,15
2024-09-16 09:51:32.212000,418.2694738584611,95
2024-09-16 09:51:32.222000,418.2227047937941,13
2024-09-16 09:51:32.266000,418.2110964140142,6
2024-09-16 09:51:32.336000,418.2187444643888,6
2024-09-16 09:51:32.352000,418.2027050564117,103
2024-09-16 09:51:32.358000,418.20557819005376,100
2024-09-16 09:51:32.375000,418.22439161812446,105
2024-09-16 09:51:32.446000,418.2346899542169,1003
2024-09-16 09:51:32.449000,418.2460039299124,6
2024-09-16 09:51:32.470000,418.2082288732361,996
2024-09-16 09:51:32.517000,418.24313305497367,12
2024-09-16 09:51:32.600000,418.2424276930221,97
2024-09-16 09:51:32.641000,418.25111839046446,998
2024-09-16 09:51:32.672000,418.25128513775394,100
2024-09-16 09:51:32.720000,418.2357541394981,13
2024-09-16 09:51:32.741000,418.2428912941402,5
2024-09-16 09:51:32.793000,418.207269591898,105
2024-09-16 09:51:32.799000,418.21656474496353,1003
2024-09-16 09:51:32.889000,418.23459229857673,1002
2024-09-16 09:51:32.898000,418.2559715619748,13
2024-09-16 09:51:32.918000,418.2383891580691,103
2024-09-16 09:51:32.943000,418.2514424990008,99
2024-09-16 09:51:32.977000,418.2094921378225,9
2024-09-16 09:51:33.048000,418.2839837002061,12
2024-09-16 09:51:33.085000,418.2636383358071,105
2024-09-16 09:51:33.131000,418.2846554281619,12
2024-09-16 09:51:33.162000,418.21941444410623,1005
2024-09-16 09:51:33.175000,418.20099924023646,1005
2024-09-16 09:51:33.258000,418.2458853618323,7
2024-09-16 09:51:33.322000,418.20623062151935,11
2024-09-16 09:51:33.419000,418.253379421795,104
2024-09-16 09:51:33.494000,418.2815470075397,996
2024-09-16 09:51:33.517000,418.2447922762261,1002
2024-09-16 09:51:33.521000,418.2813577063659,100
2024-09-16 09:51:33.589000,418.2655880215248,98
2024-09-16 09:51:33.722000,418.237083547514,1004
2024-09-16 09:51:33.735000,418.2751630576826,99
2024-09-16 09:51:33.759000,418.2662304432114,1001
2024-09-16 09:51:33.776000,418.21781330964745,100
2024-09-16 09:51:33.820000,418.2888428300549,12
2024-09-16 09:51:33.829000,418.2095556855638,998
2024-09-16 09:51:33.837000,418.2013576382136,1001
2024-09-16 09:51:33.880000,418.2729901387566,9
2024-09-16 09:51:33.919000,418.2088219210392,98
2024-09-16 09:51:33.938000,418.3007774545653,996
2024-09-16 09:51:33.976000,418.27563474935965,14
2024-09-16 09:51:34.012000,418.3289928471918,13
2024-09-16 09:51:34.173000,418.3079338656761,997
2024-09-16 09:51:34.175000,418.2832554714478,1004
2024-09-16 09:51:34.201000,418.27676731094505,98
2024-09-16 09:51:34.217000,418.28842796592585,10
2024-09-16 09:51:34.293000,418.2898380396747,98
2024-09-16 09:51:34.357000,418.2807320359453,95
2024-09-16 09:51:34.365000,418.3218361262527,100
2024-09-16 09:51:34.374000,418.3310560576834,10
2024-09-16 09:51:34.433000,418.3260097318753,998
2024-09-16 09:51:34.658000,418.3042141709978,7
2024-09-16 09:51:34.662000,418.3201455319693,8
2024-09-16 09:51:34.669000,418.2863713410996,1004
2024-09-16 09:51:34.670000,418.2905540117709,1005
2024-09-16 09:51:34.682000,418.31407983294974,1001
2024-09-16 09:51:34.757000,418.29943240210775,12
2024-09-16 09:51:34.808000,418.2991478118064,15
2024-09-16 09:51:34.810000,418.2935820841297,997
2024-09-16 09:51:34.818000,418.3059664338036,8
2024-09-16 09:51:34.850000,418.3381125862289,12
2024-09-16 09:51:34.963000,418.3144142374073,1005
2024-09-16 09:51:34.971000,418.3121191238637,1001
2024-09-16 09:51:35.268000,418.25902757811394,98
2024-09-16 09:51:35.335000,418.2835478863911,100
2024-09-16 09:51:35.400000,418.27348335430406,1000
2024-09-16 09:51:35.435000,418.2893042864133,7
2024-09-16 09:51:35.486000,418.26864605346975,1002
2024-09-16 09:51:35.590000,418.255909933583,1002
2024-09-16 09:51:35.881000,418.2706167163325,12
2024-09-16 09:51:35.919000,418.2739093103072,1000
2024-09-16 09:51:36.108000,418.3001144513156,1001
2024-09-16 09:51:36.148000,418.2907333249938,1004
2024-09-16 09:51:36.173000,418.3005254573494,998
2024-09-16 09:51:36.201000,418.33996399672975,96
2024-09-16 09:51:36.235000,418.33118437004674,9
2024-09-16 09:51:36.284000,418.2922078643068,7
2024-09-16 09:51:36.515000,418.34870109229206,96
2024-09-16 09:51:36.543000,418.2928598616751,6
2024-09-16 09:51:36.555000,418.29056224256897,12
2024-09-16 09:51:36.557000,418.3100301103649,996
2024-09-16 09:51:36.563000,418.34003170372,1002
2024-09-16 09:51:36.570000,418.29393366901047,95
2024-09-16 09:51:36.613000,418.2921371852577,1002
2024-09-16 09:51:36.632000,418.3122643694449,97
2024-09-16 09:51:36.759000,418.3412792999343,95
2024-09-16 09:51:36.774000,418.2860364589471,1004
2024-09-16 09:51:36.871000,418.3390802986679,104
2024-09-16 09:51:36.886000,418.3099281193691,995
2024-09-16 09:51:36.889000,418.28708591416745,10
2024-09-16 09:51:36.925000,418.3038487256438,103
2024-09-16 09:51:36.925000,418.2985207871994,13
2024-09-16 09:51:37.553000,418.2869884305106,1005
2024-09-16 09:51:37.988000,418.2690972272292,995
2024-09-16 09:51:38.016000,418.2775180642576,1003
2024-09-16 09:51:38.025000,418.3551005716971,10
2024-09-16 09:51:38.071000,418.3518478257883,101
2024-09-16 09:51:38.237000,418.2725870921759,1004
2024-09-16 09:51:38.401000,418.2784966381618,103
2024-09-16 09:51:38.444000,418.2840527535932,996
2024-09-16 09:51:38.501000,418.2663517645249,97
2024-09-16 09:51:38.507000,418.26865626809774,103
2024-09-16 09:51:38.597000,418.2629985686044,102
2024-09-16 09:51:38.644000,418.27606129705305,9
2024-09-16 09:51:38.689000,418.2673388226741,101
2024-09-16 09:51:38.707000,418.32476468723297,98
2024-09-16 09:51:38.720000,418.30455725441976,5
2024-09-16 09:51:38.766000,418.2782314031924,9
2024-09-16 09:51:38.841000,418.2698212514677,1002
2024-09-16 09:51:38.865000,418.3204240639489,995
2024-09-16 09:51:38.934000,418.3038606157901,95
2024-09-16 09:51:38.936000,418.3283412425892,995
2024-09-16 09:51:39.038000,418.3191141833965,10
2024-09-16 09:51:39.043000,418.322922039676,1003
2024-09-16 09:51:39.063000,418.32834438956274,1000
2024-09-16 09:51:39.088000,418.3570843339178,98
2024-09-16 09:51:39.234000,418.31971065834057,1003
2024-09-16 09:51:39.303000,418.26730892284434,1005
2024-09-16 09:51:39.330000,418.3084723314362,998
2024-09-16 09:51:39.359000,418.3253419750682,100
2024-09-16 09:51:39.472000,418.2918213283964,103
2024-09-16 09:51:39.483000,418.3193845650607,101
2024-09-16 09:51:39.506000,418.3075953629764,5
2024-09-16 09:51:39.540000,418.2628039020718,1002
2024-09-16 09:51:39.567000,418.2614525521937,12
2024-09-16 09:51:39.594000,418.31039605547386,1003
2024-09-16 09:51:39.597000,418.2862913121665,15
2024-09-16 09:51:39.645000,418.2836011752163,102
2024-09-16 09:51:39.695000,418.2881946444355,7
2024-09-16 09:51:39.700000,418.3022331876807,99
2024-09-16 09:51:39.711000,418.2659155404422,5
2024-09-16 09:51:39.734000,418.2467684354807,99
2024-09-16 09:51:39.765000,418.3209267727414,8
2024-09-16 09:51:39.770000,418.3204271605282,1004
2024-09-16 09:51:39.794000,418.3057288416144,7
2024-09-16 09:51:39.834000,418.3044134729016,997
2024-09-16 09:51:39.899000,418.2982589883216,1002
2024-09-16 09:51:39.908000,418.3014926504417,97
2024-09-16 09:51:39.934000,418.2988648977553,1003
2024-09-16 09:51:39.970000,418.305404072992,100
2024-09-16 09:51:39.987000,418.31732899994,98
2024-09-16 09:51:40.070000,418.28587612550257,998
2024-09-16 09:51:40.286000,418.25414099163896,98
2024-09-16 09:51:40.456000,418.2472802660511,104
2024-09-16 09:51:40.631000,418.2519049988399,998
2024-09-16 09:51:40.832000,418.2858332354798,101
2024-09-16 09:51:40.841000,418.29267301435215,1004
2024-09-16 09:51:40.842000,418.2451307740496,997
2024-09-16 09:51:41.062000,418.268755530303,103
2024-09-16 09:51:41.136000,418.2896266703165,97
2024-09-16 09:51:41.588000,418.2674281837018,15
2024-09-16 09:51:41.794000,418.26394434625314,95
2024-09-16 09:51:42.529000,418.2467935012359,14
2024-09-16 09:51:42.899000,418.2369103024384,102
2024-09-16 09:51:42.911000,418.2530852902325,102
2024-09-16 09:51:43.008000,418.17324539753264,103
2024-09-16 09:51:43.043000,418.16801701483575,1004
2024-09-16 09:51:43.112000,418.180612260998,5
2024-09-16 09:51:43.117000,418.1871847745047,12
2024-09-16 09:51:43.147000,418.1852627570731,8
2024-09-16 09:51:43.160000,418.1784764145377,10
2024-09-16 09:51:43.185000,418.1939555070538,97
2024-09-16 09:51:43.317000,418.1898428783816,100
2024-09-16 09:51:43.324000,418.1766129902532,6
2024-09-16 09:51:43.361000,418.1647964844876,1002
2024-09-16 09:51:43.385000,418.1987184091116,996
2024-09-16 09:51:43.539000,418.17627411636926,999
2024-09-16 09:51:43.587000,418.2088711311576,96
2024-09-16 09:51:43.617000,418.1802155120841,10
2024-09-16 09:51:43.648000,418.1616739725521,996
2024-09-16 09:51:43.677000,418.2298997660813,104
2024-09-16 09:51:43.725000,418.1779254757594,10
2024-09-16 09:51:43.756000,418.1806968844394,998
2024-09-16 09:51:43.832000,418.1532214527572,96
2024-09-16 09:51:43.936000,418.18580926013664,105
2024-09-16 09:51:43.960000,418.1906575908874,5
2024-09-16 09:51:43.968000,418.19274475026697,95
2024-09-16 09:51:43.989000,418.2421995848817,6
2024-09-16 09:51:44.028000,418.1934649062878,96
2024-09-16 09:51:44.097000,418.1485172717052,1004
2024-09-16 09:51:44.205000,418.1634909571043,102
2024-09-16 09:51:44.207000,418.1981323595815,1005
2024-09-16 09:51:44.233000,418.2135993115096,1000
2024-09-16 09:51:44.242000,418.19735264684834,997
2024-09-16 09:51:44.296000,418.1449280382621,997
2024-09-16 09:51:44.303000,418.20254416516354,9
2024-09-16 09:51:44.371000,418.2111794883266,1005
2024-09-16 09:51:44.372000,418.1992488598677,13
2024-09-16 09:51:44.379000,418.1379102744612,95
2024-09-16 09:51:44.388000,418.2054647193432,1000
2024-09-16 09:51:44.403000,418.2135968871293,1003
2024-09-16 09:51:44.410000,418.1395728464537,996
2024-09-16 09:51:44.426000,418.19440391076034,11
2024-09-16 09:51:44.441000,418.2213584687006,995
2024-09-16 09:51:44.467000,418.1978314123693,97
2024-09-16 09:51:44.507000,418.2161215812148,998
2024-09-16 09:51:44.584000,418.2087305681951,13
2024-09-16 09:51:44.592000,418.1688475023554,998
2024-09-16 09:51:44.628000,418.2031634754371,105
2024-09-16 09:51:44.658000,418.17321299737495,998
2024-09-16 09:51:44.715000,418.172424732271,100
2024-09-16 09:51:44.719000,418.1879519183065,97
2024-09-16 09:51:44.799000,418.1880690792888,15
2024-09-16 09:51:44.818000,418.18863884387656,103
2024-09-16 09:51:44.843000,418.1587117165094,100
2024-09-16 09:51:44.851000,418.2073066098226,995
2024-09-16 09:51:44.884000,418.1908778987991,100
2024-09-16 09:51:44.919000,418.19011559504486,11
2024-09-16 09:51:45.020000,418.13857313549687,97
2024-09-16 09:51:45.473000,418.1554412735679,999
2024-09-16 09:51:45.681000,418.1520007485129,103
2024-09-16 09:51:45.753000,418.1478758458169,104
2024-09-16 09:51:45.801000,418.1421510684005,15
2024-09-16 09:51:46.104000,418.1574360951146,997
2024-09-16 09:51:47.082000,418.1768905002601,7
2024-09-16 09:51:47.099000,418.15033121832914,1002
2024-09-16 09:51:47.267000,418.2537083465816,103
2024-09-16 09:51:47.470000,418.22064135247865,1002
2024-09-16 09:51:47.476000,418.1522554561816,104
2024-09-16 09:51:47.523000,418.2529298709381,1000
2024-09-16 09:51:47.532000,418.2109823770463,14
2024-09-16 09:51:47.578000,418.1487349610983,105
2024-09-16 09:51:47.667000,418.25639257998336,9
2024-09-16 09:51:47.686000,418.240725834425,1004
2024-09-16 09:51:47.702000,418.2476635803343,97
2024-09-16 09:51:47.715000,418.2040287499906,1003
2024-09-16 09:51:47.748000,418.1594471402074,12
2024-09-16 09:51:47.763000,418.1772408008368,98
2024-09-16 09:51:47.797000,418.2394624284665,999
2024-09-16 09:51:47.822000,418.23534716764925,100
2024-09-16 09:51:47.897000,418.24375286510985,6
2024-09-16 09:51:47.954000,418.2393233874234,6
2024-09-16 09:51:47.959000,418.2388850641084,996
2024-09-16 09:51:48.056000,418.26417364739336,14
2024-09-16 09:51:48.057000,418.23975690145966,998
2024-09-16 09:51:48.111000,418.2361607866184,6
2024-09-16 09:51:48.142000,418.25906025990776,1002
2024-09-16 09:51:48.166000,418.2657495559498,1003
2024-09-16 09:51:48.204000,418.25319636046993,12
2024-09-16 09:51:48.220000,418.24780401164094,105
2024-09-16 09:51:48.223000,418.2469223892864,1003
2024-09-16 09:51:48.248000,418.2824483057165,1004
2024-09-16 09:51:48.273000,418.27777653739486,102
2024-09-16 09:51:48.304000,418.2748092086344,1000
2024-09-16 09:51:48.308000,418.252127638219,104
2024-09-16 09:51:48.337000,418.2822251119381,15
2024-09-16 09:51:48.381000,418.29214968373617,98
2024-09-16 09:51:48.444000,418.2454924815876,102
2024-09-16 09:51:48.518000,418.2744132993521,103
2024-09-16 09:51:48.536000,418.2316662536858,1000
2024-09-16 09:51:48.645000,418.28417234101454,96
2024-09-16 09:51:48.651000,418.2748220595409,6
2024-09-16 09:51:48.651000,418.2469732039773,103
2024-09-16 09:51:48.658000,418.2208793465289,102
2024-09-16 09:51:48.742000,418.2377732911207,98
2024-09-16 09:51:48.747000,418.28308993004094,5
2024-09-16 09:51:48.775000,418.2800621057103,97
2024-09-16 09:51:48.791000,418.2710648512693,99
2024-09-16 09:51:48.889000,418.28298801530616,1005
2024-09-16 09:51:48.920000,418.2520076506977,104
2024-09-16 09:51:49.079000,418.1985547530421,11
2024-09-16 09:51:49.151000,418.198659883497,103
2024-09-16 09:51:49.246000,418.1737201725086,9
2024-09-16 09:51:49.419000,418.199181122924,102
2024-09-16 09:51:49.523000,418.19896978988766,1001
2024-09-16 09:51:49.547000,418.1973771941471,95
2024-09-16 09:51:49.800000,418.1951264408036,99
2024-09-16 09:51:49.809000,418.2017529420879,1000
2024-09-16 09:51:49.994000,418.18312817111575,12
2024-09-16 09:51:50.131000,418.2007088009052,15
2024-09-16 09:51:50.433000,418.2121882517051,8
2024-09-16 09:51:50.482000,418.19964674862536,7
2024-09-16 09:51:51.034000,418.2570132355447,13
2024-09-16 09:51:51.055000,418.19576893344,8
2024-09-16 09:51:51.117000,418.1924679965989,6
2024-09-16 09:51:51.263000,418.2168441838793,14
2024-09-16 09:51:51.266000,418.2906835536055,9
2024-09-16 09:51:51.369000,418.20727018447474,1003
2024-09-16 09:51:51.519000,418.2450703348289,100
2024-09-16 09:51:51.590000,418.2646823655251,98
2024-09-16 09:51:51.646000,418.25427603970536,1004
2024-09-16 09:51:51.657000,418.2604353613684,999
2024-09-16 09:51:51.700000,418.224882740138,11
2024-09-16 09:51:51.871000,418.2840120291788,97
2024-09-16 09:51:51.943000,418.2607624598989,9
2024-09-16 09:51:52.221000,418.30226299915375,96
2024-09-16 09:51:52.254000,418.3467424927864,103
2024-09-16 09:51:52.412000,418.2960111048856,101
2024-09-16 09:51:52.598000,418.3345000209098,100
2024-09-16 09:51:52.609000,418.3525276938819,1004
2024-09-16 09:51:53.070000,418.2810270025033,6
2024-09-16 09:51:53.096000,418.3077942221549,13
2024-09-16 09:51:53.191000,418.3197411732688,101
2024-09-16 09:51:53.214000,418.3060699001129,1001
2024-09-16 09:51:53.232000,418.3233900111733,1003
2024-09-16 09:51:53.328000,418.31410142055535,101
2024-09-16 09:51:53.466000,418.3570410980216,101
2024-09-16 09:51:53.467000,418.2894269302238,101
2024-09-16 09:51:53.517000,418.3399575152887,15
2024-09-16 09:51:53.540000,418.3051245795187,99
2024-09-16 09:51:53.577000,418.3109828266311,102
2024-09-16 09:51:53.631000,418.299572791266,1000
2024-09-16 09:51:53.690000,418.2940620858836,102
2024-09-16 09:51:53.745000,418.3162943614728,995
2024-09-16 09:51:53.783000,418.332589891465,6
2024-09-16 09:51:53.824000,418.2917471103372,1005
2024-09-16 09:51:53.878000,418.30464199917816,105
2024-09-16 09:51:53.976000,418.2947094657382,1001
2024-09-16 09:51:54.124000,418.29063311286296,8
2024-09-16 09:51:54.162000,418.2632497398847,1000
2024-09-16 09:51:54.183000,418.2471129612513,13
2024-09-16 09:51:54.198000,418.2791155544501,100
2024-09-16 09:51:54.256000,418.26030653668414,13
2024-09-16 09:51:54.291000,418.25472272767945,996
2024-09-16 09:51:54.340000,418.2847325711052,13
2024-09-16 09:51:54.343000,418.2793776147899,999
2024-09-16 09:51:54.525000,418.243150381549,998
2024-09-16 09:51:54.539000,418.2989235610482,999
2024-09-16 09:51:54.662000,418.3020422874111,1002
2024-09-16 09:51:54.724000,418.30563531370615,1005
2024-09-16 09:51:54.861000,418.311470353173,104
2024-09-16 09:51:54.863000,418.25904329114746,102
2024-09-16 09:51:54.880000,418.267705109643,101
2024-09-16 09:51:54.976000,418.2538062035688,1005
2024-09-16 09:51:55.028000,418.2557616488021,1003
2024-09-16 09:51:55.061000,418.2578511314133,997
2024-09-16 09:51:55.070000,418.2253501223957,13
2024-09-16 09:51:55.110000,418.3065530788074,104
2024-09-16 09:51:55.112000,418.2136150229625,996
2024-09-16 09:51:55.141000,418.2387032131136,1005
2024-09-16 09:51:55.189000,418.2433421212572,100
2024-09-16 09:51:55.246000,418.2731232909537,12
2024-09-16 09:51:55.349000,418.2825622907857,105
2024-09-16 09:51:55.395000,418.191176549448,104
2024-09-16 09:51:55.455000,418.2686344685856,96
2024-09-16 09:51:55.465000,418.2109827983072,7
2024-09-16 09:51:55.492000,418.2501814384808,95
2024-09-16 09:51:55.508000,418.229430479716,1004
2024-09-16 09:51:55.526000,418.3074579407957,102
2024-09-16 09:51:55.533000,418.237127356481,10
2024-09-16 09:51:55.586000,418.2767574295594,1002
2024-09-16 09:51:55.600000,418.2906316125847,99
2024-09-16 09:51:55.612000,418.2491289866469,15
2024-09-16 09:51:55.614000,418.2361363064777,9
2024-09-16 09:51:55.624000,418.2519094627376,102
2024-09-16 09:51:55.629000,418.2325669461839,103
2024-09-16 09:51:55.660000,418.2977174782477,997
2024-09-16 09:51:55.698000,418.2946149297276,103
2024-09-16 09:51:55.728000,418.24201258215845,5
2024-09-16 09:51:55.844000,418.2577420318274,1003
2024-09-16 09:51:55.853000,418.2958200836125,103
2024-09-16 09:51:55.854000,418.2401991670977,997
2024-09-16 09:51:55.907000,418.2642119355013,1005
2024-09-16 09:51:56.046000,418.2046090720713,100
2024-09-16 09:51:56.080000,418.200410407605,9
2024-09-16 09:51:56.177000,418.1962822413015,98
2024-09-16 09:51:56.182000,418.2000132575501,12
2024-09-16 09:51:56.240000,418.1998971596879,1002
2024-09-16 09:51:56.242000,418.2123618970064,12
2024-09-16 09:51:56.324000,418.21593577531945,98
2024-09-16 09:51:56.341000,418.2223260665359,100
2024-09-16 09:51:56.455000,418.2077358657509,15
2024-09-16 09:51:56.580000,418.2153734721288,104
2024-09-16 09:51:56.583000,418.2090432722709,1003
2024-09-16 09:51:56.632000,418.2025253314746,99
2024-09-16 09:51:56.637000,418.1952905176773,13
2024-09-16 09:51:56.673000,418.2183617697801,101
2024-09-16 09:51:56.702000,418.21678761489386,6
2024-09-16 09:51:56.762000,418.2021361241918,102
2024-09-16 09:51:56.784000,418.183327506717,14
2024-09-16 09:51:56.793000,418.2219333771321,105
2024-09-16 09:51:56.828000,418.19178416074175,13
2024-09-16 09:51:56.931000,418.1974518140543,1002
2024-09-16 09:51:56.965000,418.2013759483135,1001
2024-09-16 09:51:56.982000,418.2091907392783,6
2024-09-16 09:51:57.158000,418.1926001143162,102
2024-09-16 09:51:57.294000,418.2018438612656,13
2024-09-16 09:51:57.405000,418.2040388144328,10
2024-09-16 09:51:57.612000,418.1849471705063,998
2024-09-16 09:51:57.846000,418.1925793364903,8
2024-09-16 09:51:58.001000,418.1889641338442,15
2024-09-16 09:51:58.021000,418.1903521446731,1003
2024-09-16 09:51:58.053000,418.2034911635295,105
2024-09-16 09:51:58.057000,418.2098390435108,999
2024-09-16 09:51:58.116000,418.1879437394595,1005
2024-09-16 09:51:58.165000,418.1890606315302,103
2024-09-16 09:51:58.198000,418.2064001485494,999
2024-09-16 09:51:58.274000,418.1957272532098,1002
2024-09-16 09:51:58.288000,418.188497238376,105
2024-09-16 09:51:58.334000,418.1997383808667,9
2024-09-16 09:51:58.337000,418.1715911818784,101
2024-09-16 09:51:58.342000,418.16208886674497,11
2024-09-16 09:51:58.493000,418.1912242219983,12
2024-09-16 09:51:58.536000,418.20929269306265,11
2024-09-16 09:51:58.577000,418.1848626398146,1002
2024-09-16 09:51:58.774000,418.1884657337737,104
2024-09-16 09:51:58.872000,418.1879094972482,999
2024-09-16 09:51:58.883000,418.1803183214668,9
2024-09-16 09:51:59.120000,418.1813058122662,997
2024-09-16 09:51:59.120000,418.1621900750882,1001
2024-09-16 09:51:59.134000,418.1486789149064,105
2024-09-16 09:51:59.139000,418.1734160746988,12
2024-09-16 09:51:59.162000,418.16657474208034,1002
2024-09-16 09:51:59.168000,418.1905379320907,101
2024-09-16 09:51:59.246000,418.1898046506832,104
2024-09-16 09:51:59.256000,418.16986085282247,12
2024-09-16 09:51:59.266000,418.1724315465776,1002
2024-09-16 09:51:59.314000,418.156012655669,1005
2024-09-16 09:51:59.319000,418.18447783267857,14
2024-09-16 09:51:59.384000,418.2079911585683,8
2024-09-16 09:51:59.448000,418.1819028865496,100
2024-09-16 09:51:59.484000,418.211711085744,7
2024-09-16 09:51:59.503000,418.1736171570625,102
2024-09-16 09:51:59.560000,418.1922514302932,1000
2024-09-16 09:51:59.584000,418.1732781349591,997
2024-09-16 09:51:59.657000,418.1859534886727,101
2024-09-16 09:51:59.719000,418.1722750450481,104
2024-09-16 09:51:59.727000,418.17390753775214,104
2024-09-16 09:51:59.761000,418.1600358137798,5
2024-09-16 09:51:59.794000,418.1731566036985,997
2024-09-16 09:51:59.843000,418.17283877342726,104
2024-09-16 09:51:59.875000,418.1666941010576,95
2024-09-16 09:51:59.880000,418.195266968172,1002
2024-09-16 09:51:59.952000,418.17149814741566,8
2024-09-16 09:51:59.956000,418.1931121449935,96
2024-09-16 09:51:59.966000,418.1705192384732,995
2024-09-16 09:51:59.987000,418.17882380105794,100
