Timestamp,Price,Size
2024-09-19 10:59:00.054000,419.9745433100061,1002
2024-09-19 10:59:00.067000,419.97405111548034,98
2024-09-19 10:59:00.070000,420.0474978702616,996
2024-09-19 10:59:00.198000,420.0153634088333,97
2024-09-19 10:59:00.611000,420.0310594708815,14
2024-09-19 10:59:00.773000,419.9849159127855,6
2024-09-19 10:59:00.906000,420.0415034028299,997
2024-09-19 10:59:01.037000,420.07447520587255,996
2024-09-19 10:59:01.171000,420.0677794380097,998
2024-09-19 10:59:01.386000,420.0525721004059,97
2024-09-19 10:59:01.574000,420.0586608653472,11
2024-09-19 10:59:01.575000,420.0705526818117,999
2024-09-19 10:59:01.591000,420.0247919090529,1005
2024-09-19 10:59:01.667000,420.0535844303529,1004
2024-09-19 10:59:01.777000,420.0678324262936,998
2024-09-19 10:59:01.848000,420.0442743763968,12
2024-09-19 10:59:02.108000,420.0116850569901,995
2024-09-19 10:59:02.117000,420.0700403556637,5
2024-09-19 10:59:02.158000,419.9965398022874,6
2024-09-19 10:59:02.168000,420.05418822670737,996
2024-09-19 10:59:02.260000,419.9918348882739,100
2024-09-19 10:59:02.268000,420.013857622827,1001
2024-09-19 10:59:02.297000,420.074906310844,8
2024-09-19 10:59:02.315000,420.0136095640182,10
2024-09-19 10:59:02.326000,420.01476564574943,1000
2024-09-19 10:59:02.511000,420.0790013292496,5
2024-09-19 10:59:02.593000,420.0682478005272,96
2024-09-19 10:59:02.690000,419.99894909818585,1005
2024-09-19 10:59:02.705000,420.05533034863697,999
2024-09-19 10:59:02.765000,420.071578121404,104
2024-09-19 10:59:02.781000,420.06135087263846,101
2024-09-19 10:59:02.824000,420.0049796816115,98
2024-09-19 10:59:02.884000,420.0455873302736,9
2024-09-19 10:59:02.909000,420.01965372743047,101
2024-09-19 10:59:04.006000,420.0693015047351,10
2024-09-19 10:59:04.015000,420.0712141149776,11
2024-09-19 10:59:04.022000,420.04179509514097,995
2024-09-19 10:59:04.040000,420.0447858993654,103
2024-09-19 10:59:04.057000,420.0456101955806,996
2024-09-19 10:59:04.058000,420.0785128321347,998
2024-09-19 10:59:04.060000,420.0641441379113,995
2024-09-19 10:59:04.074000,420.0527015394808,996
2024-09-19 10:59:04.152000,420.0622305251042,1005
2024-09-19 10:59:04.158000,420.0622629028852,102
2024-09-19 10:59:04.198000,420.0964912485639,998
2024-09-19 10:59:04.227000,420.095021753956,5
2024-09-19 10:59:04.228000,420.0784942840809,10
2024-09-19 10:59:04.241000,420.02280268420833,1003
2024-09-19 10:59:04.266000,420.0953380347983,5
2024-09-19 10:59:04.272000,420.0208494846106,104
2024-09-19 10:59:04.307000,420.07049464634207,1003
2024-09-19 10:59:04.350000,420.0500500448823,995
2024-09-19 10:59:04.453000,420.0441343322171,101
2024-09-19 10:59:04.455000,420.0918108382084,98
2024-09-19 10:59:04.459000,420.06958280694937,103
2024-09-19 10:59:04.465000,420.0815155359553,15
2024-09-19 10:59:04.486000,420.03681657536055,13
2024-09-19 10:59:04.530000,420.0853722245244,12
2024-09-19 10:59:04.551000,420.07820000073065,15
2024-09-19 10:59:04.620000,420.0524629445304,7
2024-09-19 10:59:04.669000,420.0512609915847,999
2024-09-19 10:59:04.673000,420.0795584612825,10
2024-09-19 10:59:04.767000,420.0626837099856,1001
2024-09-19 10:59:04.845000,420.0533448898186,8
2024-09-19 10:59:05.009000,420.1006084563529,14
2024-09-19 10:59:05.036000,420.1211370766629,1000
2024-09-19 10:59:05.081000,420.1181351821674,100
2024-09-19 10:59:05.177000,420.11574937742193,101
2024-09-19 10:59:05.238000,420.1203049585457,1000
2024-09-19 10:59:05.260000,420.0920779400592,98
2024-09-19 10:59:05.287000,420.09359580814254,1002
2024-09-19 10:59:05.362000,420.0639557265899,8
2024-09-19 10:59:05.394000,420.07151100003614,1001
2024-09-19 10:59:05.411000,420.0989457596398,6
2024-09-19 10:59:05.412000,420.1244317475824,97
2024-09-19 10:59:05.489000,420.1135720252445,101
2024-09-19 10:59:05.616000,420.12479927279264,7
2024-09-19 10:59:05.620000,420.1225205964471,1001
2024-09-19 10:59:05.734000,420.1068755011492,5
2024-09-19 10:59:05.765000,420.1110441738783,99
2024-09-19 10:59:05.852000,420.1106888824369,1000
2024-09-19 10:59:05.926000,420.0664531233372,1002
2024-09-19 10:59:06.087000,420.07503388066704,6
2024-09-19 10:59:06.373000,420.0735494061069,1001
2024-09-19 10:59:06.732000,420.0821451994921,1005
2024-09-19 10:59:07.046000,420.0483811837302,998
2024-09-19 10:59:07.106000,420.0470465859099,12
2024-09-19 10:59:07.152000,420.0909817643792,97
2024-09-19 10:59:07.161000,420.0592492518171,1000
2024-09-19 10:59:07.187000,420.08077048337776,103
2024-09-19 10:59:07.203000,420.0555554908632,1001
2024-09-19 10:59:07.302000,420.07786919076176,7
2024-09-19 10:59:07.332000,420.072737717572,7
2024-09-19 10:59:07.337000,420.068135594399,12
2024-09-19 10:59:07.576000,420.0645696900759,95
2024-09-19 10:59:07.599000,420.0728968514009,1003
2024-09-19 10:59:07.608000,420.070655874537,97
2024-09-19 10:59:07.613000,420.0502009913717,997
2024-09-19 10:59:07.623000,420.0814017473548,5
2024-09-19 10:59:07.705000,420.0520840507308,996
2024-09-19 10:59:07.734000,420.0579334473844,13
2024-09-19 10:59:07.782000,420.0521163845306,1000
2024-09-19 10:59:07.864000,420.0577485352536,15
2024-09-19 10:59:07.873000,420.0798042663557,97
2024-09-19 10:59:07.903000,420.10103379876375,11
2024-09-19 10:59:07.910000,420.061685604418,999
2024-09-19 10:59:07.950000,420.0614407660329,996
2024-09-19 10:59:07.950000,420.10803521525605,998
2024-09-19 10:59:07.956000,420.0772907342723,101
2024-09-19 10:59:07.971000,420.0768765606643,6
2024-09-19 10:59:08.278000,420.08727910987545,105
2024-09-19 10:59:08.293000,420.07671559928025,1001
2024-09-19 10:59:08.344000,420.06050931218624,10
2024-09-19 10:59:08.345000,420.1094545165388,99
2024-09-19 10:59:08.376000,420.07299965212206,996
2024-09-19 10:59:08.411000,420.0701959863941,1001
2024-09-19 10:59:08.415000,420.0842385731471,1005
2024-09-19 10:59:08.519000,420.0861075488195,1000
2024-09-19 10:59:08.803000,420.1057812131302,7
2024-09-19 10:59:08.837000,420.07153297987225,9
2024-09-19 10:59:08.870000,420.0626383341156,1005
2024-09-19 10:59:08.890000,420.0596802359327,9
2024-09-19 10:59:08.920000,420.09075075235006,1003
2024-09-19 10:59:09.087000,420.0923819540299,1003
2024-09-19 10:59:09.134000,420.0841201145589,13
2024-09-19 10:59:09.511000,420.08626521485786,97
2024-09-19 10:59:09.661000,420.0788463123493,14
2024-09-19 10:59:09.701000,420.09068949924574,8
2024-09-19 10:59:09.938000,420.0694474806741,9
2024-09-19 10:59:10.009000,420.0708253013329,995
2024-09-19 10:59:10.032000,420.0641937473636,15
2024-09-19 10:59:10.044000,420.1263893140517,1005
2024-09-19 10:59:10.064000,420.0475024421232,8
2024-09-19 10:59:10.113000,420.07056647366414,105
2024-09-19 10:59:10.151000,420.062242142352,6
2024-09-19 10:59:10.169000,420.1387074791394,97
2024-09-19 10:59:10.221000,420.03978010320907,1003
2024-09-19 10:59:10.224000,420.1327141034258,14
2024-09-19 10:59:10.270000,420.0781063096817,14
2024-09-19 10:59:10.305000,420.05621628589415,1000
2024-09-19 10:59:10.315000,420.06686167805225,101
2024-09-19 10:59:10.316000,420.0498113324532,11
2024-09-19 10:59:10.337000,420.0550898748028,998
2024-09-19 10:59:10.409000,420.051529914668,15
2024-09-19 10:59:10.436000,420.0628024429816,1004
2024-09-19 10:59:10.472000,420.0755007370957,999
2024-09-19 10:59:10.476000,420.0569332751981,999
2024-09-19 10:59:10.495000,420.11493148800827,97
2024-09-19 10:59:10.533000,420.1090931716049,15
2024-09-19 10:59:10.540000,420.11994633584834,10
2024-09-19 10:59:10.546000,420.0546685631237,9
2024-09-19 10:59:10.749000,420.0552722152677,997
2024-09-19 10:59:10.796000,420.0500539681626,105
2024-09-19 10:59:10.830000,420.0581523133849,999
2024-09-19 10:59:10.842000,420.15314395706736,995
2024-09-19 10:59:10.850000,420.0731054971736,98
2024-09-19 10:59:10.953000,420.05463600310406,15
2024-09-19 10:59:10.962000,420.04790104657593,95
2024-09-19 10:59:11.048000,420.1963026952799,1004
2024-09-19 10:59:11.079000,420.2920907414421,104
2024-09-19 10:59:11.106000,420.2658296928398,11
2024-09-19 10:59:11.225000,420.1965713767846,13
2024-09-19 10:59:11.227000,420.1947321462198,12
2024-09-19 10:59:11.277000,420.26657788042405,1001
2024-09-19 10:59:11.290000,420.1883453742395,1000
2024-09-19 10:59:11.326000,420.26706312686514,104
2024-09-19 10:59:11.336000,420.2697504813653,14
2024-09-19 10:59:11.450000,420.2952703444436,998
2024-09-19 10:59:11.463000,420.26256918395336,11
2024-09-19 10:59:11.474000,420.14700513924527,7
2024-09-19 10:59:11.502000,420.2994792924042,996
2024-09-19 10:59:11.509000,420.1748367684387,102
2024-09-19 10:59:11.512000,420.1637116758719,103
2024-09-19 10:59:11.527000,420.2966892011911,11
2024-09-19 10:59:11.600000,420.22016846253854,996
2024-09-19 10:59:11.601000,420.3143052370511,105
2024-09-19 10:59:11.682000,420.2777665647336,9
2024-09-19 10:59:11.684000,420.3132146117244,8
2024-09-19 10:59:11.734000,420.2028170039759,15
2024-09-19 10:59:11.820000,420.1992792907307,97
2024-09-19 10:59:11.905000,420.2374255121719,13
2024-09-19 10:59:11.942000,420.186522721947,14
2024-09-19 10:59:11.981000,420.2369803405521,6
2024-09-19 10:59:11.986000,420.2835290045626,997
2024-09-19 10:59:11.986000,420.24500021969794,5
2024-09-19 10:59:12.163000,420.2980991280068,96
2024-09-19 10:59:12.269000,420.3037523932268,100
2024-09-19 10:59:12.455000,420.24696416170406,105
2024-09-19 10:59:12.499000,420.26144839633935,104
2024-09-19 10:59:12.519000,420.2758827881224,100
2024-09-19 10:59:12.550000,420.3126530704165,103
2024-09-19 10:59:12.691000,420.28559560442943,6
2024-09-19 10:59:12.729000,420.25850313277033,98
2024-09-19 10:59:12.780000,420.2968592132125,1004
2024-09-19 10:59:13.012000,420.2884140490833,102
2024-09-19 10:59:13.152000,420.346244641944,1004
2024-09-19 10:59:13.581000,420.33693278289,11
2024-09-19 10:59:13.857000,420.3383812613393,104
2024-09-19 10:59:14.044000,420.2883780297682,97
2024-09-19 10:59:14.270000,420.34962966997614,95
2024-09-19 10:59:14.313000,420.29839846927297,995
2024-09-19 10:59:14.525000,420.32497354278144,998
2024-09-19 10:59:14.605000,420.3188500257178,1005
2024-09-19 10:59:14.692000,420.3130957498821,99
2024-09-19 10:59:14.700000,420.3144361468037,97
2024-09-19 10:59:14.726000,420.3130915031997,103
2024-09-19 10:59:14.741000,420.3180738159943,105
2024-09-19 10:59:14.761000,420.31401210248566,5
2024-09-19 10:59:14.762000,420.3284997795752,9
2024-09-19 10:59:14.869000,420.3193803654791,105
2024-09-19 10:59:14.935000,420.30892707675497,8
2024-09-19 10:59:14.999000,420.3207829672822,1001
2024-09-19 10:59:15.059000,420.2450046827015,100
2024-09-19 10:59:15.069000,420.2667361368492,9
2024-09-19 10:59:15.076000,420.255661860977,1003
2024-09-19 10:59:15.122000,420.2801151307324,1005
2024-09-19 10:59:15.164000,420.28793816699846,105
2024-09-19 10:59:15.200000,420.2635282771792,995
2024-09-19 10:59:15.561000,420.2725629049869,101
2024-09-19 10:59:15.586000,420.2566034788889,1005
2024-09-19 10:59:15.698000,420.2707248823424,95
2024-09-19 10:59:15.734000,420.2635727086715,1000
2024-09-19 10:59:15.776000,420.2512793979943,8
2024-09-19 10:59:15.813000,420.257966081355,999
2024-09-19 10:59:15.995000,420.3138538553517,102
2024-09-19 10:59:16.030000,420.26912976399007,9
2024-09-19 10:59:16.071000,420.21711065175,102
2024-09-19 10:59:16.100000,420.255888724312,1005
2024-09-19 10:59:16.118000,420.225457552056,99
2024-09-19 10:59:16.126000,420.2340968951085,1005
2024-09-19 10:59:16.154000,420.2088617805628,1001
2024-09-19 10:59:16.162000,420.2567360418449,100
2024-09-19 10:59:16.193000,420.2423727132799,15
2024-09-19 10:59:16.201000,420.2404333891034,995
2024-09-19 10:59:16.216000,420.2420739282737,100
2024-09-19 10:59:16.220000,420.26344644615887,11
2024-09-19 10:59:16.263000,420.2501269515601,1003
2024-09-19 10:59:16.363000,420.24630862750325,97
2024-09-19 10:59:16.402000,420.2735399626079,1003
2024-09-19 10:59:16.481000,420.2297036464836,996
2024-09-19 10:59:16.603000,420.2391644052528,101
2024-09-19 10:59:16.607000,420.2596322809837,995
2024-09-19 10:59:16.610000,420.2597184687215,995
2024-09-19 10:59:16.636000,420.2303350739404,1004
2024-09-19 10:59:16.689000,420.2409294816265,6
2024-09-19 10:59:16.700000,420.2201483263876,1005
2024-09-19 10:59:16.725000,420.2395153838405,1002
2024-09-19 10:59:16.787000,420.2460080619296,1001
2024-09-19 10:59:16.823000,420.24663620727824,105
2024-09-19 10:59:16.964000,420.2405721569913,1002
2024-09-19 10:59:17.296000,420.2428496354061,100
2024-09-19 10:59:17.346000,420.2358375428021,5
2024-09-19 10:59:17.418000,420.24735857865966,14
2024-09-19 10:59:17.444000,420.23006327936,1005
2024-09-19 10:59:17.559000,420.240222452242,13
2024-09-19 10:59:17.699000,420.2239167745207,98
2024-09-19 10:59:17.743000,420.2482184214928,8
2024-09-19 10:59:17.775000,420.2417540953493,995
2024-09-19 10:59:17.956000,420.235570158985,996
2024-09-19 10:59:18.034000,420.2349103723778,1001
2024-09-19 10:59:18.041000,420.2514689717895,1003
2024-09-19 10:59:18.055000,420.2624833640362,100
2024-09-19 10:59:18.100000,420.2439600434757,999
2024-09-19 10:59:18.218000,420.2575125647398,1004
2024-09-19 10:59:18.226000,420.2668415456184,1001
2024-09-19 10:59:18.287000,420.2261584589999,1002
2024-09-19 10:59:18.320000,420.2204218501771,96
2024-09-19 10:59:18.366000,420.2553859163662,101
2024-09-19 10:59:18.442000,420.24123273919287,5
2024-09-19 10:59:18.491000,420.2446773506167,101
2024-09-19 10:59:18.572000,420.2656451406616,8
2024-09-19 10:59:18.726000,420.2306646548092,6
2024-09-19 10:59:18.739000,420.2399514000088,9
2024-09-19 10:59:18.787000,420.2610979270691,999
2024-09-19 10:59:18.818000,420.2061118438055,12
2024-09-19 10:59:18.826000,420.23431239757815,1005
2024-09-19 10:59:18.861000,420.2240040681343,1002
2024-09-19 10:59:18.988000,420.2462314203654,1001
2024-09-19 10:59:19.023000,420.2541411959824,1002
2024-09-19 10:59:19.033000,420.2092677717552,11
2024-09-19 10:59:19.155000,420.2736295195712,98
2024-09-19 10:59:19.191000,420.2912221738838,8
2024-09-19 10:59:19.200000,420.28469987347626,996
2024-09-19 10:59:19.212000,420.2788218479481,95
2024-09-19 10:59:19.467000,420.2669763993305,999
2024-09-19 10:59:19.509000,420.3422171657468,1002
2024-09-19 10:59:19.634000,420.31711548905474,12
2024-09-19 10:59:19.637000,420.3215998378851,15
2024-09-19 10:59:19.670000,420.26503137760847,1003
2024-09-19 10:59:19.713000,420.3315033361471,999
2024-09-19 10:59:19.801000,420.2847750508967,12
2024-09-19 10:59:19.817000,420.32088719605616,103
2024-09-19 10:59:19.823000,420.2975525223448,100
2024-09-19 10:59:19.829000,420.29271030719417,96
2024-09-19 10:59:19.935000,420.2657075163763,998
2024-09-19 10:59:19.976000,420.28484498483584,99
2024-09-19 10:59:20.401000,420.2146380604709,12
2024-09-19 10:59:20.640000,420.21902690002497,1001
2024-09-19 10:59:20.746000,420.2240652175664,14
2024-09-19 10:59:21.061000,420.2234091759476,14
2024-09-19 10:59:21.061000,420.2517354681869,998
2024-09-19 10:59:21.074000,420.22052489981104,5
2024-09-19 10:59:21.164000,420.24747489184665,7
2024-09-19 10:59:21.203000,420.22650565331526,997
2024-09-19 10:59:21.232000,420.2213862155651,10
2024-09-19 10:59:21.261000,420.2062251022445,9
2024-09-19 10:59:21.264000,420.2280075823052,105
2024-09-19 10:59:21.339000,420.23545951199856,98
2024-09-19 10:59:21.406000,420.2262223650631,98
2024-09-19 10:59:21.448000,420.2180308885586,95
2024-09-19 10:59:21.451000,420.2349116432891,996
2024-09-19 10:59:21.514000,420.2440722078222,102
2024-09-19 10:59:21.520000,420.2267884693773,999
2024-09-19 10:59:21.716000,420.21777006362015,996
2024-09-19 10:59:21.727000,420.2118580671183,102
2024-09-19 10:59:21.884000,420.2305848173567,1004
2024-09-19 10:59:21.884000,420.2300919430013,1003
2024-09-19 10:59:21.896000,420.2000056050807,104
2024-09-19 10:59:21.968000,420.21943188565257,996
2024-09-19 10:59:22.019000,420.13724656681103,7
2024-09-19 10:59:22.021000,420.1189519380726,1002
2024-09-19 10:59:22.039000,420.1142751767891,9
2024-09-19 10:59:22.052000,420.21633190915753,8
2024-09-19 10:59:22.057000,420.2344461639356,95
2024-09-19 10:59:22.212000,420.13177068609167,9
2024-09-19 10:59:22.219000,420.1045743595178,1003
2024-09-19 10:59:22.234000,420.1070295884329,99
2024-09-19 10:59:22.260000,420.1123873886067,11
2024-09-19 10:59:22.542000,420.190514565674,12
2024-09-19 10:59:22.571000,420.1015480365511,7
2024-09-19 10:59:22.671000,420.2411526054048,101
2024-09-19 10:59:22.681000,420.1164885063604,1003
2024-09-19 10:59:22.694000,420.1479353419619,9
2024-09-19 10:59:22.696000,420.133148389775,95
2024-09-19 10:59:22.704000,420.0991938413778,999
2024-09-19 10:59:22.792000,420.23119928502814,95
2024-09-19 10:59:22.799000,420.2421472520688,10
2024-09-19 10:59:22.803000,420.2274394643573,995
2024-09-19 10:59:22.814000,420.2551777309205,96
2024-09-19 10:59:22.823000,420.2504047189508,101
2024-09-19 10:59:22.857000,420.2414945751749,105
2024-09-19 10:59:22.857000,420.1622606531682,101
2024-09-19 10:59:22.902000,420.2430364865928,7
2024-09-19 10:59:22.948000,420.1009501608113,1000
2024-09-19 10:59:22.955000,420.1103562495628,1003
2024-09-19 10:59:22.956000,420.1062257159103,15
2024-09-19 10:59:22.970000,420.1093896811846,999
2024-09-19 10:59:23.024000,420.08737066343343,995
2024-09-19 10:59:23.028000,420.08922486601296,14
2024-09-19 10:59:23.306000,420.0885675110769,97
2024-09-19 10:59:23.966000,420.1011752773609,1001
2024-09-19 10:59:23.995000,420.0986291696733,7
2024-09-19 10:59:24.062000,420.0877275961249,1005
2024-09-19 10:59:24.148000,420.0865731710885,999
2024-09-19 10:59:24.158000,420.1067142267577,999
2024-09-19 10:59:24.256000,420.1155791574906,1002
2024-09-19 10:59:24.305000,420.0769022190886,14
2024-09-19 10:59:24.308000,420.1137182657147,102
2024-09-19 10:59:24.387000,420.1070297962068,1002
2024-09-19 10:59:24.492000,420.09266315282287,995
2024-09-19 10:59:24.559000,420.10279822423206,7
2024-09-19 10:59:24.575000,420.079264291331,98
2024-09-19 10:59:24.580000,420.0871475118103,7
2024-09-19 10:59:24.839000,420.1084013117632,99
2024-09-19 10:59:24.858000,420.0871448035778,5
2024-09-19 10:59:24.919000,420.10532827658506,999
2024-09-19 10:59:25.400000,420.1173280129235,101
2024-09-19 10:59:25.541000,420.09967930483793,12
2024-09-19 10:59:25.541000,420.1076355057551,999
2024-09-19 10:59:25.573000,420.1080528280863,100
2024-09-19 10:59:25.954000,420.1121065453329,95
2024-09-19 10:59:26.068000,420.0609457598087,95
2024-09-19 10:59:26.157000,420.0674700101738,101
2024-09-19 10:59:26.168000,420.07743350440296,1000
2024-09-19 10:59:26.172000,420.09842465990806,97
2024-09-19 10:59:26.203000,420.0988212262407,998
2024-09-19 10:59:26.212000,420.08761026987537,15
2024-09-19 10:59:26.390000,420.0999002031265,7
2024-09-19 10:59:26.503000,420.09206797819365,103
2024-09-19 10:59:26.514000,420.0823190349841,1003
2024-09-19 10:59:26.518000,420.1182176202975,102
2024-09-19 10:59:26.532000,420.0665915614776,14
2024-09-19 10:59:26.549000,420.1067908252805,1003
2024-09-19 10:59:26.569000,420.0784705610316,1002
2024-09-19 10:59:26.631000,420.0692107082813,100
2024-09-19 10:59:26.834000,420.0656222670478,101
2024-09-19 10:59:26.950000,420.0857807158531,996
2024-09-19 10:59:27.006000,420.094441608552,5
2024-09-19 10:59:27.202000,420.1435292478412,1002
2024-09-19 10:59:27.336000,420.0969059545917,102
2024-09-19 10:59:27.390000,420.1430236751379,15
2024-09-19 10:59:27.467000,420.1167351970352,100
2024-09-19 10:59:27.505000,420.0962555782301,102
2024-09-19 10:59:27.670000,420.1363307758285,1001
2024-09-19 10:59:27.825000,420.09081044891445,10
2024-09-19 10:59:27.853000,420.0907882999999,997
2024-09-19 10:59:27.872000,420.06745203778496,104
2024-09-19 10:59:28.012000,420.1462556608024,98
2024-09-19 10:59:28.144000,420.1522110181705,15
2024-09-19 10:59:28.146000,420.1317320872213,1000
2024-09-19 10:59:28.198000,420.1378679125595,9
2024-09-19 10:59:28.280000,420.13354204942414,1003
2024-09-19 10:59:28.518000,420.1478347682707,12
2024-09-19 10:59:28.637000,420.1447426044788,97
2024-09-19 10:59:28.646000,420.1433431522413,100
2024-09-19 10:59:28.928000,420.1404303679038,101
2024-09-19 10:59:28.929000,420.1371049927614,1005
2024-09-19 10:59:28.994000,420.1527820161554,102
2024-09-19 10:59:29.030000,420.1528403262552,13
2024-09-19 10:59:29.030000,420.1448211698898,1002
2024-09-19 10:59:29.061000,420.12852754265793,11
2024-09-19 10:59:29.073000,420.17718351249977,1003
2024-09-19 10:59:29.075000,420.1466821795506,8
2024-09-19 10:59:29.124000,420.10185915617984,997
2024-09-19 10:59:29.225000,420.1220605098569,101
2024-09-19 10:59:29.232000,420.16685417156623,6
2024-09-19 10:59:29.271000,420.15714557208565,996
2024-09-19 10:59:29.335000,420.1742519265925,1005
2024-09-19 10:59:29.341000,420.1653340837207,1002
2024-09-19 10:59:29.355000,420.1475469417804,99
2024-09-19 10:59:29.365000,420.15168376159534,98
2024-09-19 10:59:29.381000,420.1107784471748,1003
2024-09-19 10:59:29.387000,420.1700717980447,996
2024-09-19 10:59:29.444000,420.1552710985776,995
2024-09-19 10:59:29.467000,420.1541707940378,104
2024-09-19 10:59:29.479000,420.16679921068703,97
2024-09-19 10:59:29.521000,420.1445071380417,8
2024-09-19 10:59:29.629000,420.1528635207724,14
2024-09-19 10:59:29.635000,420.1345252741791,1000
2024-09-19 10:59:29.698000,420.1712539587256,1004
2024-09-19 10:59:29.703000,420.16326766949726,1001
2024-09-19 10:59:29.714000,420.1427635627313,96
2024-09-19 10:59:29.854000,420.1566602805208,98
2024-09-19 10:59:29.896000,420.13678757852585,97
2024-09-19 10:59:29.903000,420.13219380717226,104
2024-09-19 10:59:29.952000,420.1391219114351,100
2024-09-19 10:59:30.124000,420.22723159555255,998
2024-09-19 10:59:30.207000,420.2068123685883,11
2024-09-19 10:59:30.481000,420.2148004190536,95
2024-09-19 10:59:30.539000,420.2263393646939,996
2024-09-19 10:59:30.550000,420.2146242893182,98
2024-09-19 10:59:30.905000,420.21158852683135,96
2024-09-19 10:59:31.052000,420.1594077114083,96
2024-09-19 10:59:31.059000,420.1942440077461,104
2024-09-19 10:59:31.072000,420.1861895596041,1002
2024-09-19 10:59:31.073000,420.1803187330951,104
2024-09-19 10:59:31.075000,420.143622611061,995
2024-09-19 10:59:31.076000,420.1375560738048,102
2024-09-19 10:59:31.091000,420.1735749635596,98
2024-09-19 10:59:31.264000,420.16555287195183,1001
2024-09-19 10:59:31.301000,420.1905252053371,1002
2024-09-19 10:59:31.302000,420.17895427248567,998
2024-09-19 10:59:31.306000,420.127819903043,1005
2024-09-19 10:59:31.322000,420.2059018672053,7
2024-09-19 10:59:31.413000,420.18423723187857,7
2024-09-19 10:59:31.480000,420.1816555162381,1005
2024-09-19 10:59:31.495000,420.13008777033474,1005
2024-09-19 10:59:31.549000,420.1889406506784,1000
2024-09-19 10:59:31.559000,420.1932394899125,100
2024-09-19 10:59:31.607000,420.1947101217253,5
2024-09-19 10:59:31.613000,420.18716695425553,995
2024-09-19 10:59:31.749000,420.1865228021543,995
2024-09-19 10:59:31.857000,420.19178783195815,98
2024-09-19 10:59:31.934000,420.1210644941232,11
2024-09-19 10:59:31.949000,420.2003365952692,103
2024-09-19 10:59:32.146000,420.1151397526676,6
2024-09-19 10:59:32.153000,420.1469600013365,999
2024-09-19 10:59:32.237000,420.1413688379471,1004
2024-09-19 10:59:32.252000,420.1295118169359,102
2024-09-19 10:59:32.272000,420.1358238592072,100
2024-09-19 10:59:32.295000,420.1339274748262,12
2024-09-19 10:59:32.349000,420.1458814371555,11
2024-09-19 10:59:32.368000,420.160092344848,97
2024-09-19 10:59:32.400000,420.1394951609285,1003
2024-09-19 10:59:32.408000,420.11691335254335,7
2024-09-19 10:59:32.443000,420.1229077118613,15
2024-09-19 10:59:32.554000,420.12174429148223,11
2024-09-19 10:59:32.593000,420.121682712847,8
2024-09-19 10:59:32.711000,420.1560587955029,102
2024-09-19 10:59:32.733000,420.1170618517544,14
2024-09-19 10:59:32.790000,420.1121061069975,7
2024-09-19 10:59:32.797000,420.11135401904016,13
2024-09-19 10:59:32.823000,420.1254516837829,102
2024-09-19 10:59:32.904000,420.1520118161519,996
2024-09-19 10:59:32.914000,420.1694084083972,14
2024-09-19 10:59:32.918000,420.1342216233732,8
2024-09-19 10:59:33.022000,420.1017848225186,15
2024-09-19 10:59:33.032000,420.09630608026094,96
2024-09-19 10:59:33.047000,420.1046880416333,10
2024-09-19 10:59:33.145000,420.081235841124,7
2024-09-19 10:59:33.167000,420.0769042166112,9
2024-09-19 10:59:33.175000,420.1050290855497,995
2024-09-19 10:59:33.196000,420.094681816669,999
2024-09-19 10:59:33.239000,420.0735830755447,105
2024-09-19 10:59:33.258000,420.07845795928665,9
2024-09-19 10:59:33.265000,420.1062572477767,9
2024-09-19 10:59:33.271000,420.0586909467323,11
2024-09-19 10:59:33.275000,420.109722286767,1002
2024-09-19 10:59:33.318000,420.1100333842528,9
2024-09-19 10:59:33.429000,420.0768326938007,11
2024-09-19 10:59:33.449000,420.0962470225847,8
2024-09-19 10:59:33.523000,420.0794467034938,14
2024-09-19 10:59:33.560000,420.0877758280707,104
2024-09-19 10:59:33.584000,420.0987282901261,104
2024-09-19 10:59:33.684000,420.0713067887624,95
2024-09-19 10:59:33.700000,420.10400635000326,1005
2024-09-19 10:59:33.823000,420.1010026181248,997
2024-09-19 10:59:33.843000,420.0850262094664,105
2024-09-19 10:59:33.909000,420.0864228496774,998
2024-09-19 10:59:33.912000,420.0582583901331,997
2024-09-19 10:59:33.943000,420.0842337960916,95
2024-09-19 10:59:33.993000,420.09006481137305,14
2024-09-19 10:59:34.063000,420.1262680310667,1005
2024-09-19 10:59:34.082000,420.1284682161643,99
2024-09-19 10:59:34.125000,420.10403999838576,999
2024-09-19 10:59:34.135000,420.0934028404001,99
2024-09-19 10:59:34.242000,420.1325197424499,995
2024-09-19 10:59:34.582000,420.0818724086656,996
2024-09-19 10:59:34.608000,420.1384345539918,15
2024-09-19 10:59:34.699000,420.1205085432375,1001
2024-09-19 10:59:34.761000,420.1351998114306,1005
2024-09-19 10:59:34.776000,420.113034433552,9
2024-09-19 10:59:34.846000,420.0883582337528,997
2024-09-19 10:59:34.868000,420.0786273045692,1000
2024-09-19 10:59:34.886000,420.1457926943864,11
2024-09-19 10:59:35.601000,420.0912754791296,14
2024-09-19 10:59:35.615000,420.0916136745436,96
2024-09-19 10:59:35.893000,420.1009135810518,99
2024-09-19 10:59:36.034000,420.0979642476531,1004
2024-09-19 10:59:36.185000,420.0942777459176,105
2024-09-19 10:59:36.193000,420.1145698578095,11
2024-09-19 10:59:36.196000,420.10575046527686,12
2024-09-19 10:59:36.218000,420.058773465173,995
2024-09-19 10:59:36.329000,420.1092636821159,999
2024-09-19 10:59:36.348000,420.0920895795552,10
2024-09-19 10:59:36.415000,420.0911041061966,997
2024-09-19 10:59:36.591000,420.0681068977677,13
2024-09-19 10:59:36.706000,420.0943021171137,104
2024-09-19 10:59:36.760000,420.0762597721578,105
2024-09-19 10:59:36.770000,420.0719868598595,1001
2024-09-19 10:59:36.774000,420.1090252029605,1002
2024-09-19 10:59:36.843000,420.0783714843422,1004
2024-09-19 10:59:36.846000,420.10796149768606,1003
2024-09-19 10:59:36.899000,420.1217204680223,100
2024-09-19 10:59:36.934000,420.09344985475184,9
2024-09-19 10:59:37.248000,420.05112794781775,9
2024-09-19 10:59:37.404000,420.0634264408896,1004
2024-09-19 10:59:37.588000,420.0494506133578,1005
2024-09-19 10:59:37.774000,420.0441759314224,1003
2024-09-19 10:59:37.796000,420.0468339836788,997
2024-09-19 10:59:38.173000,420.1040398177396,14
2024-09-19 10:59:38.257000,420.0921360583746,11
2024-09-19 10:59:38.492000,420.0825198704374,6
2024-09-19 10:59:38.570000,420.09849356929146,1005
2024-09-19 10:59:38.908000,420.06854860545394,14
2024-09-19 10:59:39.031000,420.08838747353497,12
2024-09-19 10:59:39.063000,420.11984784107767,105
2024-09-19 10:59:39.106000,420.1339172365121,95
2024-09-19 10:59:39.175000,420.1034089156963,997
2024-09-19 10:59:39.208000,420.0905813742389,14
2024-09-19 10:59:39.333000,420.09660388515744,1000
2024-09-19 10:59:39.348000,420.1239754722003,999
2024-09-19 10:59:39.357000,420.1018790916952,102
2024-09-19 10:59:39.417000,420.0997893450365,10
2024-09-19 10:59:39.459000,420.1183546738173,999
2024-09-19 10:59:39.484000,420.12507610031656,100
2024-09-19 10:59:39.500000,420.1257885943861,105
2024-09-19 10:59:39.597000,420.1240593666181,100
2024-09-19 10:59:39.606000,420.09088786956937,998
2024-09-19 10:59:39.642000,420.1103925459861,12
2024-09-19 10:59:39.702000,420.0932215690691,996
2024-09-19 10:59:39.717000,420.10747892305415,104
2024-09-19 10:59:39.794000,420.1131055540103,99
2024-09-19 10:59:39.820000,420.11982897401566,1002
2024-09-19 10:59:39.824000,420.0958622810208,997
2024-09-19 10:59:39.855000,420.0941013157462,98
2024-09-19 10:59:39.867000,420.10326359749433,996
2024-09-19 10:59:39.889000,420.0939287587929,105
2024-09-19 10:59:39.965000,420.1202152091417,1000
2024-09-19 10:59:40.067000,420.1675214339866,995
2024-09-19 10:59:40.109000,420.15178651227,1001
2024-09-19 10:59:40.235000,420.1062087023544,996
2024-09-19 10:59:40.406000,420.10243597801633,105
2024-09-19 10:59:40.431000,420.1653148295562,1004
2024-09-19 10:59:40.582000,420.1537302875921,1004
2024-09-19 10:59:40.596000,420.1405741526914,998
2024-09-19 10:59:40.608000,420.1652438006842,12
2024-09-19 10:59:40.625000,420.0987893086247,6
2024-09-19 10:59:40.655000,420.1405155332318,103
2024-09-19 10:59:40.678000,420.1519154901327,103
2024-09-19 10:59:40.726000,420.1070965742748,1005
2024-09-19 10:59:40.922000,420.15166647167126,11
2024-09-19 10:59:40.931000,420.0982173835091,98
2024-09-19 10:59:40.940000,420.1409242407293,12
2024-09-19 10:59:40.968000,420.13948103733935,14
2024-09-19 10:59:40.971000,420.1610670659032,105
2024-09-19 10:59:41.772000,420.1715817075655,105
2024-09-19 10:59:42.213000,420.1469312668399,13
2024-09-19 10:59:42.894000,420.1476960225951,5
2024-09-19 10:59:42.925000,420.1531597058079,995
2024-09-19 10:59:43.051000,420.14640921895005,999
2024-09-19 10:59:43.067000,420.05552176618886,9
2024-09-19 10:59:43.069000,420.14033068372873,12
2024-09-19 10:59:43.072000,420.1460722337415,101
2024-09-19 10:59:43.174000,420.1170706543526,14
2024-09-19 10:59:43.248000,420.07667879861856,1005
2024-09-19 10:59:43.300000,420.10739919104566,12
2024-09-19 10:59:43.304000,420.1119634233894,1004
2024-09-19 10:59:43.393000,420.1473565939003,1005
2024-09-19 10:59:43.423000,420.108797192336,5
2024-09-19 10:59:43.426000,420.1154915127537,15
2024-09-19 10:59:43.449000,420.048898079758,105
2024-09-19 10:59:43.451000,420.0485014058361,14
2024-09-19 10:59:43.556000,420.1175471259587,9
2024-09-19 10:59:43.572000,420.1192247368498,98
2024-09-19 10:59:43.635000,420.1458014247467,1000
2024-09-19 10:59:43.703000,420.0808738824387,1002
2024-09-19 10:59:43.725000,420.1415424319252,1003
2024-09-19 10:59:43.729000,420.0650357483066,7
2024-09-19 10:59:43.733000,420.10743120313896,10
2024-09-19 10:59:43.884000,420.1189884888148,9
2024-09-19 10:59:43.897000,420.1384434375013,103
2024-09-19 10:59:43.914000,420.1464812093996,10
2024-09-19 10:59:44.167000,420.0860440419712,103
2024-09-19 10:59:44.188000,420.116067269703,15
2024-09-19 10:59:44.251000,420.0968987324174,100
2024-09-19 10:59:44.572000,420.10928978096194,99
2024-09-19 10:59:45.139000,420.07399049307855,95
2024-09-19 10:59:45.173000,420.102377501318,9
2024-09-19 10:59:45.178000,420.0668491933265,104
2024-09-19 10:59:45.217000,420.04603696412966,996
2024-09-19 10:59:45.413000,420.0937455612232,14
2024-09-19 10:59:45.415000,420.06342208513024,101
2024-09-19 10:59:45.582000,420.08871493840144,96
2024-09-19 10:59:45.643000,420.0794913813812,998
2024-09-19 10:59:45.659000,420.0899172162119,12
2024-09-19 10:59:45.660000,420.1035303584092,14
2024-09-19 10:59:45.816000,420.0754877308581,9
2024-09-19 10:59:45.891000,420.0839045265877,100
2024-09-19 10:59:45.904000,420.063432530176,97
2024-09-19 10:59:45.925000,420.0943401884688,15
2024-09-19 10:59:46.030000,420.0809667957436,12
2024-09-19 10:59:46.672000,420.09913950875466,997
2024-09-19 10:59:47.060000,420.09163408106696,8
2024-09-19 10:59:47.122000,420.10596866079504,8
2024-09-19 10:59:47.159000,420.0939690225234,1004
2024-09-19 10:59:47.164000,420.1039486465045,95
2024-09-19 10:59:47.175000,420.1742460352268,997
2024-09-19 10:59:47.176000,420.1085433300932,1004
2024-09-19 10:59:47.179000,420.1215994430109,15
2024-09-19 10:59:47.205000,420.1436953571024,5
2024-09-19 10:59:47.266000,420.16357030382994,14
2024-09-19 10:59:47.340000,420.1244569275492,105
2024-09-19 10:59:47.393000,420.098599593077,1004
2024-09-19 10:59:47.422000,420.0823088454175,13
2024-09-19 10:59:47.447000,420.0921941209909,103
2024-09-19 10:59:47.459000,420.1622072055477,12
2024-09-19 10:59:47.466000,420.08623682366,1000
2024-09-19 10:59:47.495000,420.12285933829423,96
2024-09-19 10:59:47.512000,420.09718396079256,98
2024-09-19 10:59:47.518000,420.1430430547487,98
2024-09-19 10:59:47.591000,420.1248571781899,9
2024-09-19 10:59:47.658000,420.0776213208355,10
2024-09-19 10:59:47.674000,420.1439715371757,104
2024-09-19 10:59:47.696000,420.06740642825,7
2024-09-19 10:59:47.762000,420.1281636521952,8
2024-09-19 10:59:47.774000,420.0934963527093,7
2024-09-19 10:59:47.790000,420.14734161696384,13
2024-09-19 10:59:47.824000,420.1013149052133,96
2024-09-19 10:59:47.847000,420.0849854977542,1002
2024-09-19 10:59:47.932000,420.0948925716148,99
2024-09-19 10:59:48.003000,420.124074191449,997
2024-09-19 10:59:48.063000,420.1190041645988,995
2024-09-19 10:59:48.064000,420.1923432973176,995
2024-09-19 10:59:48.243000,420.14474981620026,996
2024-09-19 10:59:48.322000,420.16762079789794,95
2024-09-19 10:59:48.389000,420.1960181780651,95
2024-09-19 10:59:48.407000,420.15840094926455,1001
2024-09-19 10:59:48.497000,420.18910565119,1005
2024-09-19 10:59:48.714000,420.1896919803524,11
2024-09-19 10:59:48.817000,420.1730607106483,9
2024-09-19 10:59:48.854000,420.1687166805984,97
2024-09-19 10:59:48.973000,420.1260460367554,996
2024-09-19 10:59:48.974000,420.18701992976185,1002
2024-09-19 10:59:48.982000,420.1979642535788,105
2024-09-19 10:59:49.017000,420.1121214488433,999
2024-09-19 10:59:49.040000,420.0375080783373,95
2024-09-19 10:59:49.058000,420.1112410791961,10
2024-09-19 10:59:49.084000,420.0409311049613,995
2024-09-19 10:59:49.116000,420.01650673465366,98
2024-09-19 10:59:49.125000,420.0393101038604,10
2024-09-19 10:59:49.210000,420.0212742481812,11
2024-09-19 10:59:49.213000,420.097877689545,8
2024-09-19 10:59:49.218000,420.0173960417431,95
2024-09-19 10:59:49.226000,420.0515154110851,1001
2024-09-19 10:59:49.272000,419.9916097860127,104
2024-09-19 10:59:49.355000,420.0889641533325,1003
2024-09-19 10:59:49.414000,420.112417601949,12
2024-09-19 10:59:49.471000,420.0270930533451,996
2024-09-19 10:59:49.601000,420.02615243588906,7
2024-09-19 10:59:49.612000,420.0990574616448,1003
2024-09-19 10:59:49.646000,420.0874807365154,98
2024-09-19 10:59:49.685000,420.0112520701412,9
2024-09-19 10:59:49.744000,420.0583049392585,1004
2024-09-19 10:59:49.746000,420.03368835662025,101
2024-09-19 10:59:49.749000,420.0967280453117,997
2024-09-19 10:59:49.780000,420.02919521280967,999
2024-09-19 10:59:49.807000,420.09103996162776,104
2024-09-19 10:59:49.811000,420.0378907592621,995
2024-09-19 10:59:49.814000,420.06248563303154,96
2024-09-19 10:59:49.833000,420.1120117599904,15
2024-09-19 10:59:49.841000,420.0526582107152,996
2024-09-19 10:59:49.947000,420.094486911432,1004
2024-09-19 10:59:50.226000,420.0818305515482,6
2024-09-19 10:59:50.241000,420.04287141057824,98
2024-09-19 10:59:50.329000,420.08423136889576,999
2024-09-19 10:59:50.369000,420.0695957211738,7
2024-09-19 10:59:50.462000,420.019743202946,15
2024-09-19 10:59:50.528000,420.0743937319174,995
2024-09-19 10:59:50.536000,420.02172944836246,6
2024-09-19 10:59:50.551000,420.0986183326812,1002
2024-09-19 10:59:50.589000,420.07511057758296,96
2024-09-19 10:59:50.706000,420.0659063926199,14
2024-09-19 10:59:50.892000,420.064035675046,997
2024-09-19 10:59:50.945000,420.0741434271332,998
2024-09-19 10:59:51.188000,420.1420493056386,8
2024-09-19 10:59:51.232000,420.11258521383576,995
2024-09-19 10:59:51.299000,420.13004246299175,10
2024-09-19 10:59:51.304000,420.1019616668832,995
2024-09-19 10:59:51.517000,420.1012778737976,15
2024-09-19 10:59:51.525000,420.1224233441844,995
2024-09-19 10:59:51.565000,420.0884477379984,100
2024-09-19 10:59:51.714000,420.101752639265,105
2024-09-19 10:59:51.826000,420.10257502195583,101
2024-09-19 10:59:51.860000,420.0802638076616,7
2024-09-19 10:59:51.919000,420.1072201085599,95
2024-09-19 10:59:52.152000,420.0154615096848,102
2024-09-19 10:59:52.227000,420.0129397643307,96
2024-09-19 10:59:52.281000,419.9909311140171,10
2024-09-19 10:59:52.292000,419.9611449488952,1004
2024-09-19 10:59:52.308000,420.0425461071929,95
2024-09-19 10:59:52.378000,419.9427881306257,1003
2024-09-19 10:59:52.390000,419.959225896637,105
2024-09-19 10:59:52.398000,420.04362318255295,98
2024-09-19 10:59:52.443000,420.03621646942577,997
2024-09-19 10:59:52.555000,420.0282793419191,97
2024-09-19 10:59:52.592000,420.0505653448208,100
2024-09-19 10:59:52.597000,420.03355967149554,1005
2024-09-19 10:59:52.641000,420.012789496915,999
2024-09-19 10:59:52.797000,420.01478423393655,1004
2024-09-19 10:59:52.850000,419.9443215973028,15
2024-09-19 10:59:52.877000,420.0097924872181,1001
2024-09-19 10:59:52.880000,420.0783713377404,95
2024-09-19 10:59:52.887000,420.0105190518577,1003
2024-09-19 10:59:52.906000,420.0135001747884,1005
2024-09-19 10:59:52.987000,420.0607065252936,102
2024-09-19 10:59:53.004000,419.9203121978255,995
2024-09-19 10:59:53.321000,419.93808151665127,999
2024-09-19 10:59:53.492000,419.9274890318701,13
2024-09-19 10:59:53.508000,419.9091052668536,995
2024-09-19 10:59:53.730000,419.879747500257,15
2024-09-19 10:59:53.761000,419.91381995848536,101
2024-09-19 10:59:53.940000,419.9104320588102,5
2024-09-19 10:59:53.997000,419.9331881430501,999
2024-09-19 10:59:54.127000,419.8893230651819,14
2024-09-19 10:59:54.473000,419.8579142153597,6
2024-09-19 10:59:54.584000,419.86467675965287,5
2024-09-19 10:59:54.592000,419.8527781614016,5
2024-09-19 10:59:54.605000,419.87387292174753,13
2024-09-19 10:59:54.629000,419.8856734018329,1001
2024-09-19 10:59:54.707000,419.86831052463145,5
2024-09-19 10:59:54.711000,419.8764143704429,12
2024-09-19 10:59:54.734000,419.8674626062575,6
2024-09-19 10:59:54.754000,419.882241016071,9
2024-09-19 10:59:55.214000,419.8258425392793,97
2024-09-19 10:59:55.253000,419.8366647494688,10
2024-09-19 10:59:55.257000,419.8363018828986,1000
2024-09-19 10:59:55.600000,419.879760848852,11
2024-09-19 10:59:55.675000,419.8599331045362,6
2024-09-19 10:59:55.869000,419.8355093600788,8
2024-09-19 10:59:55.998000,419.8363022620545,13
2024-09-19 10:59:56.051000,419.7600263643915,13
2024-09-19 10:59:56.070000,419.7184874383008,997
2024-09-19 10:59:56.095000,419.7456597602869,6
2024-09-19 10:59:56.117000,419.7287286313549,1000
2024-09-19 10:59:56.172000,419.7248141409604,12
2024-09-19 10:59:56.188000,419.7587176359784,1002
2024-09-19 10:59:56.239000,419.7668569285054,96
2024-09-19 10:59:56.268000,419.80928672390166,9
2024-09-19 10:59:56.287000,419.7133882323391,15
2024-09-19 10:59:56.337000,419.7976103281076,1000
2024-09-19 10:59:56.347000,419.7841905304885,1002
2024-09-19 10:59:56.357000,419.6879068549308,5
2024-09-19 10:59:56.419000,419.70500394896766,12
2024-09-19 10:59:56.557000,419.70763748576746,97
2024-09-19 10:59:56.587000,419.7778771827184,996
2024-09-19 10:59:56.640000,419.7282551128034,997
2024-09-19 10:59:56.697000,419.71091886257375,999
2024-09-19 10:59:56.736000,419.73806079169145,1003
2024-09-19 10:59:56.756000,419.7756266065419,995
2024-09-19 10:59:56.767000,419.8383503464455,96
2024-09-19 10:59:56.816000,419.74023953762975,5
2024-09-19 10:59:56.896000,419.8003036791123,14
2024-09-19 10:59:56.934000,419.7282467002908,997
2024-09-19 10:59:56.939000,419.7694943287463,1000
2024-09-19 10:59:56.953000,419.7097591513114,12
2024-09-19 10:59:56.958000,419.735888470996,999
2024-09-19 10:59:57.026000,419.7110733035421,95
2024-09-19 10:59:57.050000,419.6890427288655,1004
2024-09-19 10:59:57.101000,419.6674501706856,7
2024-09-19 10:59:57.119000,419.6747397293215,1001
2024-09-19 10:59:57.148000,419.7520543472741,996
2024-09-19 10:59:57.180000,419.68820382463497,1002
2024-09-19 10:59:57.210000,419.69513210294224,95
2024-09-19 10:59:57.271000,419.7344357966297,8
2024-09-19 10:59:57.287000,419.69494716510553,100
2024-09-19 10:59:57.313000,419.7061475779566,997
2024-09-19 10:59:57.412000,419.6689672658776,9
2024-09-19 10:59:57.445000,419.690105663977,1004
2024-09-19 10:59:57.448000,419.6858970961699,10
2024-09-19 10:59:57.471000,419.7044585533991,1003
2024-09-19 10:59:57.482000,419.6979620638346,1003
2024-09-19 10:59:57.571000,419.7021512058072,101
2024-09-19 10:59:57.572000,419.68596615789,7
2024-09-19 10:59:57.592000,419.6799575674607,14
2024-09-19 10:59:57.604000,419.7540757154891,95
2024-09-19 10:59:57.646000,419.6836987275906,96
2024-09-19 10:59:57.680000,419.68582796205095,9
2024-09-19 10:59:57.826000,419.7048652395648,105
2024-09-19 10:59:57.843000,419.7576554362946,8
2024-09-19 10:59:57.898000,419.68948119547446,102
2024-09-19 10:59:57.915000,419.7207376437192,11
2024-09-19 10:59:58.077000,419.7414788257319,9
2024-09-19 10:59:58.083000,419.7694411053468,97
2024-09-19 10:59:58.353000,419.745790040289,13
2024-09-19 10:59:58.435000,419.7402484463036,12
2024-09-19 10:59:58.696000,419.7476700465869,11
2024-09-19 10:59:58.745000,419.76672788548666,9
2024-09-19 10:59:59.322000,419.789792201513,1005
2024-09-19 10:59:59.348000,419.7834790892786,15
2024-09-19 10:59:59.911000,419.79757472164295,998
