Timestamp,Price,Size
2024-09-19 13:09:00.031000,421.2715900210388,101
2024-09-19 13:09:00.070000,421.2888305950468,99
2024-09-19 13:09:00.089000,421.2979504718195,95
2024-09-19 13:09:00.089000,421.2747158928871,13
2024-09-19 13:09:00.128000,421.26131836365215,101
2024-09-19 13:09:00.161000,421.28738728958746,15
2024-09-19 13:09:00.176000,421.2751841609979,1004
2024-09-19 13:09:00.187000,421.3185069948281,998
2024-09-19 13:09:00.191000,421.29409122492575,1001
2024-09-19 13:09:00.217000,421.28479304367664,997
2024-09-19 13:09:00.225000,421.2945583395834,13
2024-09-19 13:09:00.268000,421.30686337147296,99
2024-09-19 13:09:00.324000,421.27585211345263,105
2024-09-19 13:09:00.347000,421.29734238185154,11
2024-09-19 13:09:00.368000,421.29096225851,98
2024-09-19 13:09:00.440000,421.30918852699983,97
2024-09-19 13:09:00.538000,421.3045266584151,999
2024-09-19 13:09:00.551000,421.30602976009794,103
2024-09-19 13:09:00.563000,421.2978453424719,995
2024-09-19 13:09:00.582000,421.3059527011215,104
2024-09-19 13:09:00.625000,421.2634304386325,1005
2024-09-19 13:09:00.638000,421.3139670298023,104
2024-09-19 13:09:00.662000,421.2663261673542,13
2024-09-19 13:09:00.745000,421.302857914684,1003
2024-09-19 13:09:00.771000,421.2944793211188,1005
2024-09-19 13:09:00.875000,421.28865592864673,103
2024-09-19 13:09:01.070000,421.2591469982031,97
2024-09-19 13:09:01.139000,421.19052966698456,99
2024-09-19 13:09:01.149000,421.1977252348557,13
2024-09-19 13:09:01.425000,421.2592717178162,10
2024-09-19 13:09:01.426000,421.2537382281181,1002
2024-09-19 13:09:01.432000,421.1950385018334,15
2024-09-19 13:09:01.467000,421.1889006279842,104
2024-09-19 13:09:01.538000,421.1817822581603,5
2024-09-19 13:09:01.577000,421.2171410921461,103
2024-09-19 13:09:01.586000,421.2387058959524,15
2024-09-19 13:09:01.843000,421.25238401051024,6
2024-09-19 13:09:01.855000,421.2477275624088,1004
2024-09-19 13:09:01.890000,421.228584229588,12
2024-09-19 13:09:01.919000,421.1852591116421,1004
2024-09-19 13:09:02.029000,421.1537003180474,1001
2024-09-19 13:09:02.029000,421.2114059213348,1003
2024-09-19 13:09:02.070000,421.2831192686709,996
2024-09-19 13:09:02.084000,421.2275637611604,99
2024-09-19 13:09:02.134000,421.2079836314308,105
2024-09-19 13:09:02.141000,421.2177199923713,10
2024-09-19 13:09:02.182000,421.1780678653076,5
2024-09-19 13:09:02.210000,421.1914508585837,11
2024-09-19 13:09:02.256000,421.24543640297645,11
2024-09-19 13:09:02.356000,421.2341734398566,98
2024-09-19 13:09:02.414000,421.2066523127339,999
2024-09-19 13:09:02.496000,421.1971004707464,996
2024-09-19 13:09:02.503000,421.26925735131147,8
2024-09-19 13:09:02.506000,421.2055524641376,12
2024-09-19 13:09:02.520000,421.2242358617493,96
2024-09-19 13:09:02.625000,421.2013421475487,97
2024-09-19 13:09:02.643000,421.1948019005357,1003
2024-09-19 13:09:02.760000,421.2406787052721,997
2024-09-19 13:09:02.770000,421.1908483920471,100
2024-09-19 13:09:02.787000,421.1569317122149,105
2024-09-19 13:09:02.833000,421.225271265184,997
2024-09-19 13:09:02.847000,421.22575775380267,100
2024-09-19 13:09:02.848000,421.219632923493,105
2024-09-19 13:09:02.874000,421.2134781440978,101
2024-09-19 13:09:02.903000,421.1705549381662,997
2024-09-19 13:09:02.907000,421.1603832047447,995
2024-09-19 13:09:02.926000,421.2062004308863,99
2024-09-19 13:09:03.024000,421.1644915807244,5
2024-09-19 13:09:03.043000,421.2059565061916,1000
2024-09-19 13:09:03.079000,421.1858155558929,995
2024-09-19 13:09:03.129000,421.2041128332463,98
2024-09-19 13:09:03.200000,421.2169584578945,5
2024-09-19 13:09:03.221000,421.1881254189772,5
2024-09-19 13:09:03.242000,421.19531597180776,1003
2024-09-19 13:09:03.260000,421.1878946985298,997
2024-09-19 13:09:03.274000,421.211710274456,7
2024-09-19 13:09:03.301000,421.2125725808638,1001
2024-09-19 13:09:03.390000,421.2119449240949,995
2024-09-19 13:09:03.515000,421.1733111144581,1002
2024-09-19 13:09:03.587000,421.2038191283358,101
2024-09-19 13:09:03.620000,421.2098173845656,104
2024-09-19 13:09:03.638000,421.1549804592942,105
2024-09-19 13:09:03.737000,421.17137568259386,95
2024-09-19 13:09:04.034000,421.2489186214965,7
2024-09-19 13:09:04.039000,421.20158236593113,100
2024-09-19 13:09:04.119000,421.1887123933958,95
2024-09-19 13:09:04.129000,421.20286622720334,98
2024-09-19 13:09:04.208000,421.1994126421224,99
2024-09-19 13:09:04.215000,421.2036535485038,103
2024-09-19 13:09:04.231000,421.1779249922554,104
2024-09-19 13:09:04.307000,421.25103759570425,15
2024-09-19 13:09:04.370000,421.2022528044479,102
2024-09-19 13:09:04.446000,421.2376094536121,1003
2024-09-19 13:09:04.456000,421.2759101022056,995
2024-09-19 13:09:04.480000,421.3071165342125,1005
2024-09-19 13:09:04.553000,421.2485862377445,11
2024-09-19 13:09:04.572000,421.1948968905652,95
2024-09-19 13:09:04.613000,421.19320684368415,998
2024-09-19 13:09:04.630000,421.19678770925935,98
2024-09-19 13:09:04.659000,421.29834411843626,1005
2024-09-19 13:09:04.798000,421.2014895061286,13
2024-09-19 13:09:04.922000,421.2617155440801,105
2024-09-19 13:09:05.009000,421.3245575220926,6
2024-09-19 13:09:05.071000,421.3307827202592,1000
2024-09-19 13:09:05.116000,421.3243866719993,997
2024-09-19 13:09:05.214000,421.3579532520588,1001
2024-09-19 13:09:05.222000,421.4521341806932,100
2024-09-19 13:09:05.330000,421.3191048104144,13
2024-09-19 13:09:05.347000,421.3803871688066,1002
2024-09-19 13:09:05.359000,421.45529154808935,102
2024-09-19 13:09:05.471000,421.4388031737504,1005
2024-09-19 13:09:05.495000,421.3588015027309,104
2024-09-19 13:09:05.610000,421.3836003446343,104
2024-09-19 13:09:05.630000,421.3197281921591,1000
2024-09-19 13:09:05.656000,421.32458638176354,104
2024-09-19 13:09:05.673000,421.4493167341067,5
2024-09-19 13:09:05.685000,421.3461924338693,5
2024-09-19 13:09:05.719000,421.33892322816337,1005
2024-09-19 13:09:05.739000,421.3984509389221,105
2024-09-19 13:09:05.751000,421.4517607026008,14
2024-09-19 13:09:05.772000,421.4357590604219,11
2024-09-19 13:09:05.791000,421.43737098992415,99
2024-09-19 13:09:05.806000,421.4584629287143,13
2024-09-19 13:09:05.829000,421.36110111416406,5
2024-09-19 13:09:05.830000,421.4385526676534,11
2024-09-19 13:09:05.895000,421.3378249538433,1002
2024-09-19 13:09:05.910000,421.4550496735855,98
2024-09-19 13:09:05.979000,421.41961062793,1003
2024-09-19 13:09:06.033000,421.5088356657798,999
2024-09-19 13:09:06.078000,421.4786877649851,105
2024-09-19 13:09:06.083000,421.5145451463876,103
2024-09-19 13:09:06.123000,421.5122437250943,7
2024-09-19 13:09:06.162000,421.5294335831524,12
2024-09-19 13:09:06.207000,421.5146248515336,100
2024-09-19 13:09:06.237000,421.5308919474899,8
2024-09-19 13:09:06.346000,421.4648348219308,14
2024-09-19 13:09:06.383000,421.5314554844074,996
2024-09-19 13:09:06.515000,421.5214171666509,1000
2024-09-19 13:09:06.517000,421.52770288566,10
2024-09-19 13:09:06.563000,421.5246489684973,1000
2024-09-19 13:09:06.589000,421.4956074520839,11
2024-09-19 13:09:06.604000,421.498663075272,103
2024-09-19 13:09:06.605000,421.5102578755423,10
2024-09-19 13:09:06.653000,421.4999779674156,14
2024-09-19 13:09:06.718000,421.5356694041397,6
2024-09-19 13:09:06.749000,421.5049720044591,1003
2024-09-19 13:09:06.768000,421.5032133471482,14
2024-09-19 13:09:06.773000,421.5255704986479,104
2024-09-19 13:09:06.847000,421.5163311711532,95
2024-09-19 13:09:06.857000,421.4868524754781,96
2024-09-19 13:09:07.010000,421.5751913125983,995
2024-09-19 13:09:07.566000,421.57238630291647,15
2024-09-19 13:09:07.736000,421.5601303049255,11
2024-09-19 13:09:08.024000,421.5781552207936,97
2024-09-19 13:09:08.643000,421.58293584328936,6
2024-09-19 13:09:08.716000,421.57916447041896,1004
2024-09-19 13:09:08.839000,421.57548494492914,10
2024-09-19 13:09:08.873000,421.608245826952,15
2024-09-19 13:09:08.943000,421.5760576461098,104
2024-09-19 13:09:09.064000,421.5906793407413,996
2024-09-19 13:09:09.254000,421.5889759221026,12
2024-09-19 13:09:09.258000,421.59209109448415,999
2024-09-19 13:09:09.519000,421.61902887844855,997
2024-09-19 13:09:09.796000,421.6227875048316,995
2024-09-19 13:09:09.953000,421.6131953892459,1000
2024-09-19 13:09:10.015000,421.6033446289464,6
2024-09-19 13:09:10.165000,421.6070184905433,1003
2024-09-19 13:09:10.191000,421.5899323534537,10
2024-09-19 13:09:10.306000,421.6143522471056,5
2024-09-19 13:09:10.902000,421.5965370268808,103
2024-09-19 13:09:11.086000,421.647554209975,6
2024-09-19 13:09:11.157000,421.668226674228,14
2024-09-19 13:09:11.389000,421.6700654043593,8
2024-09-19 13:09:11.986000,421.6334777879392,1003
2024-09-19 13:09:12.001000,421.6388805638032,997
2024-09-19 13:09:12.095000,421.61735867720006,7
2024-09-19 13:09:12.309000,421.6077350003801,1002
2024-09-19 13:09:12.334000,421.6264289821981,102
2024-09-19 13:09:12.537000,421.6214613280224,997
2024-09-19 13:09:12.721000,421.63894394260086,1004
2024-09-19 13:09:12.815000,421.6187391936592,103
2024-09-19 13:09:12.901000,421.6086288775117,1002
2024-09-19 13:09:12.982000,421.6270102602858,8
2024-09-19 13:09:13.110000,421.6325376667341,95
2024-09-19 13:09:13.845000,421.6281560879539,103
2024-09-19 13:09:14.015000,421.6261405274628,995
2024-09-19 13:09:14.032000,421.6876003010901,1004
2024-09-19 13:09:14.104000,421.6339253536071,7
2024-09-19 13:09:14.150000,421.6695902778165,8
2024-09-19 13:09:14.178000,421.6348013251138,1002
2024-09-19 13:09:14.227000,421.6931287481352,11
2024-09-19 13:09:14.257000,421.6992200998809,1003
2024-09-19 13:09:14.268000,421.6513516570518,1002
2024-09-19 13:09:14.284000,421.6217736447276,1004
2024-09-19 13:09:14.301000,421.682916912676,9
2024-09-19 13:09:14.343000,421.6682242410346,1003
2024-09-19 13:09:14.352000,421.63183124037073,1001
2024-09-19 13:09:14.528000,421.6184657698876,5
2024-09-19 13:09:14.552000,421.6307340263294,99
2024-09-19 13:09:14.638000,421.67830492289767,15
2024-09-19 13:09:14.689000,421.66806198288026,1003
2024-09-19 13:09:14.700000,421.6464993882049,995
2024-09-19 13:09:14.790000,421.63640748465787,96
2024-09-19 13:09:14.809000,421.63502868364384,102
2024-09-19 13:09:14.817000,421.640555212376,101
2024-09-19 13:09:14.974000,421.6614570379287,9
2024-09-19 13:09:14.989000,421.68981579053946,1004
2024-09-19 13:09:15.019000,421.6713757200493,7
2024-09-19 13:09:15.057000,421.6506800375189,6
2024-09-19 13:09:15.151000,421.6880280561157,102
2024-09-19 13:09:15.162000,421.6488091516237,999
2024-09-19 13:09:15.192000,421.63752742653264,8
2024-09-19 13:09:15.240000,421.698682750635,103
2024-09-19 13:09:15.271000,421.6592686599782,1005
2024-09-19 13:09:15.276000,421.6373719103443,14
2024-09-19 13:09:15.278000,421.6243173448207,995
2024-09-19 13:09:15.300000,421.6885159326792,10
2024-09-19 13:09:15.361000,421.6718408645917,1004
2024-09-19 13:09:15.366000,421.6249691931314,95
2024-09-19 13:09:15.420000,421.7155657079061,997
2024-09-19 13:09:15.442000,421.6915751172244,15
2024-09-19 13:09:15.457000,421.7108484024702,100
2024-09-19 13:09:15.725000,421.6335603097737,97
2024-09-19 13:09:15.762000,421.6349324409248,997
2024-09-19 13:09:15.848000,421.6281198063892,97
2024-09-19 13:09:15.910000,421.6881072093147,101
2024-09-19 13:09:16.044000,421.65693468816016,103
2024-09-19 13:09:16.120000,421.6698082837216,12
2024-09-19 13:09:16.129000,421.6384788896816,995
2024-09-19 13:09:16.214000,421.6923673094776,104
2024-09-19 13:09:16.217000,421.682060291136,11
2024-09-19 13:09:16.252000,421.62831636746006,5
2024-09-19 13:09:16.258000,421.6954216782162,102
2024-09-19 13:09:16.260000,421.704850191648,96
2024-09-19 13:09:16.360000,421.6369721535658,996
2024-09-19 13:09:16.377000,421.70295661518855,9
2024-09-19 13:09:16.500000,421.6545939742796,996
2024-09-19 13:09:16.551000,421.66081655665806,5
2024-09-19 13:09:16.609000,421.6419352701649,103
2024-09-19 13:09:16.675000,421.62746952297687,102
2024-09-19 13:09:16.721000,421.65623903409335,15
2024-09-19 13:09:16.735000,421.6556721040368,8
2024-09-19 13:09:16.781000,421.7160661439392,10
2024-09-19 13:09:16.788000,421.6575425055378,1004
2024-09-19 13:09:16.800000,421.6967344511653,6
2024-09-19 13:09:16.892000,421.7025498091367,1002
2024-09-19 13:09:16.913000,421.6448672780539,997
2024-09-19 13:09:16.933000,421.6300391085016,12
2024-09-19 13:09:16.938000,421.6501575851688,999
2024-09-19 13:09:17.008000,421.6707301397149,10
2024-09-19 13:09:17.086000,421.63604916686944,95
2024-09-19 13:09:17.209000,421.6646934041065,6
2024-09-19 13:09:17.211000,421.6496956334168,8
2024-09-19 13:09:17.211000,421.6515467882135,996
2024-09-19 13:09:17.228000,421.6418357056109,12
2024-09-19 13:09:17.285000,421.6399116661565,1004
2024-09-19 13:09:17.331000,421.6138507477984,10
2024-09-19 13:09:17.338000,421.65296196764217,96
2024-09-19 13:09:17.383000,421.6737366524516,11
2024-09-19 13:09:17.410000,421.6387379980957,1002
2024-09-19 13:09:17.469000,421.63214035414137,995
2024-09-19 13:09:17.510000,421.651116822942,996
2024-09-19 13:09:17.644000,421.6397362231618,13
2024-09-19 13:09:17.668000,421.6603496485043,8
2024-09-19 13:09:17.797000,421.6492651042707,9
2024-09-19 13:09:18.173000,421.6956850763642,1004
2024-09-19 13:09:18.226000,421.7056202939037,99
2024-09-19 13:09:18.420000,421.6913441077029,15
2024-09-19 13:09:18.421000,421.7028172141435,9
2024-09-19 13:09:18.434000,421.6632031225453,10
2024-09-19 13:09:18.489000,421.692257485331,8
2024-09-19 13:09:18.509000,421.71000946621865,97
2024-09-19 13:09:18.641000,421.71645078096793,100
2024-09-19 13:09:18.735000,421.6827405346539,997
2024-09-19 13:09:18.854000,421.6881793692177,102
2024-09-19 13:09:18.889000,421.69247900102994,1001
2024-09-19 13:09:18.934000,421.7104850946144,105
2024-09-19 13:09:18.991000,421.7035430908061,997
2024-09-19 13:09:18.998000,421.7016188385193,99
2024-09-19 13:09:19.052000,421.6950107172079,5
2024-09-19 13:09:19.183000,421.70042897671726,15
2024-09-19 13:09:19.322000,421.70239251788655,1005
2024-09-19 13:09:19.429000,421.70624405245457,5
2024-09-19 13:09:19.436000,421.7006861309493,999
2024-09-19 13:09:19.444000,421.6904968665335,102
2024-09-19 13:09:19.641000,421.7109263079032,8
2024-09-19 13:09:19.689000,421.7020094621308,5
2024-09-19 13:09:19.862000,421.6967443948204,100
2024-09-19 13:09:19.924000,421.70717772103217,96
2024-09-19 13:09:20.034000,421.7216683516101,97
2024-09-19 13:09:20.042000,421.7198582822884,10
2024-09-19 13:09:20.064000,421.72279944666025,14
2024-09-19 13:09:20.104000,421.7165345461568,104
2024-09-19 13:09:20.314000,421.7442748598967,104
2024-09-19 13:09:20.351000,421.7400479779432,97
2024-09-19 13:09:20.371000,421.7271795920621,1005
2024-09-19 13:09:20.412000,421.7083220813996,7
2024-09-19 13:09:20.422000,421.7034791469051,5
2024-09-19 13:09:20.814000,421.70384448383913,997
2024-09-19 13:09:20.850000,421.6952378692495,999
2024-09-19 13:09:21.018000,421.73040617730464,103
2024-09-19 13:09:21.061000,421.8297377789766,5
2024-09-19 13:09:21.189000,421.7702518606269,104
2024-09-19 13:09:21.235000,421.81007119139326,998
2024-09-19 13:09:21.257000,421.735665144988,101
2024-09-19 13:09:21.286000,421.77241043772295,6
2024-09-19 13:09:21.389000,421.7123212149904,998
2024-09-19 13:09:21.546000,421.8396842532844,97
2024-09-19 13:09:21.573000,421.79567865407614,99
2024-09-19 13:09:21.588000,421.7667068837751,15
2024-09-19 13:09:21.662000,421.7560327375563,6
2024-09-19 13:09:21.719000,421.74722475115146,99
2024-09-19 13:09:21.735000,421.7335809346048,98
2024-09-19 13:09:21.886000,421.7322223730816,14
2024-09-19 13:09:21.963000,421.72838976162535,9
2024-09-19 13:09:21.967000,421.8247796851536,104
2024-09-19 13:09:22.093000,421.83969236065553,999
2024-09-19 13:09:22.177000,421.8714870124772,1000
2024-09-19 13:09:22.330000,421.90175576434905,15
2024-09-19 13:09:22.460000,421.8873787440848,11
2024-09-19 13:09:22.471000,421.8845538193809,103
2024-09-19 13:09:22.488000,421.8237489063076,14
2024-09-19 13:09:22.530000,421.8829666702909,9
2024-09-19 13:09:22.534000,421.8856134630274,998
2024-09-19 13:09:22.565000,421.8925575138312,14
2024-09-19 13:09:22.568000,421.8877530889787,6
2024-09-19 13:09:22.681000,421.889006449273,5
2024-09-19 13:09:22.895000,421.8960306440144,104
2024-09-19 13:09:22.995000,421.89647872610834,5
2024-09-19 13:09:23.742000,421.863467767445,5
2024-09-19 13:09:24.019000,421.83554914475945,6
2024-09-19 13:09:24.039000,421.8633913691564,102
2024-09-19 13:09:24.095000,421.8776494761028,98
2024-09-19 13:09:24.185000,421.8252234189611,13
2024-09-19 13:09:24.223000,421.8439424660022,95
2024-09-19 13:09:24.336000,421.85323155672233,15
2024-09-19 13:09:24.423000,421.8621075333115,1001
2024-09-19 13:09:24.521000,421.8476390866701,995
2024-09-19 13:09:24.559000,421.82421858120335,9
2024-09-19 13:09:24.575000,421.86152902879326,95
2024-09-19 13:09:25.025000,421.8316945499859,6
2024-09-19 13:09:25.091000,421.8042124712864,1003
2024-09-19 13:09:25.097000,421.8316661661071,103
2024-09-19 13:09:25.134000,421.79143735954256,1000
2024-09-19 13:09:25.163000,421.8372480440572,1001
2024-09-19 13:09:25.164000,421.7996615471977,6
2024-09-19 13:09:25.233000,421.8282005163185,998
2024-09-19 13:09:25.277000,421.8244015895732,1000
2024-09-19 13:09:25.373000,421.80897988760375,96
2024-09-19 13:09:25.517000,421.818319698275,1004
2024-09-19 13:09:25.626000,421.8329951511608,10
2024-09-19 13:09:25.740000,421.80731998033934,11
2024-09-19 13:09:25.752000,421.8394963596199,5
2024-09-19 13:09:25.771000,421.82621688770655,101
2024-09-19 13:09:25.791000,421.8159158384481,97
2024-09-19 13:09:25.816000,421.807175850042,95
2024-09-19 13:09:25.857000,421.81868519543673,11
2024-09-19 13:09:25.869000,421.810968270073,11
2024-09-19 13:09:25.891000,421.8051749364375,997
2024-09-19 13:09:25.926000,421.7989393518497,1005
2024-09-19 13:09:26.006000,421.7772504833818,99
2024-09-19 13:09:26.008000,421.8185989178387,1005
2024-09-19 13:09:26.020000,421.7448589203015,105
2024-09-19 13:09:26.039000,421.8660702962505,96
2024-09-19 13:09:26.055000,421.7760342365251,102
2024-09-19 13:09:26.149000,421.7607481812551,13
2024-09-19 13:09:26.208000,421.8057548895627,1002
2024-09-19 13:09:26.303000,421.749649796078,102
2024-09-19 13:09:26.326000,421.7856528731453,13
2024-09-19 13:09:26.373000,421.7838486876728,5
2024-09-19 13:09:26.500000,421.85072463926974,999
2024-09-19 13:09:26.515000,421.775541443493,5
2024-09-19 13:09:26.538000,421.7439260856274,100
2024-09-19 13:09:26.550000,421.8343288857336,6
2024-09-19 13:09:26.551000,421.8609085391184,997
2024-09-19 13:09:26.588000,421.8432634305832,102
2024-09-19 13:09:26.751000,421.7448965563085,98
2024-09-19 13:09:26.770000,421.8580087002914,997
2024-09-19 13:09:26.773000,421.7755243963053,96
2024-09-19 13:09:26.831000,421.7503718249263,96
2024-09-19 13:09:27.003000,421.7731669031325,12
2024-09-19 13:09:27.043000,421.7858088779784,14
2024-09-19 13:09:27.050000,421.8323248732629,996
2024-09-19 13:09:27.085000,421.881663887814,11
2024-09-19 13:09:27.133000,421.8039773671776,1005
2024-09-19 13:09:27.139000,421.8088842870114,7
2024-09-19 13:09:27.258000,421.8225942401265,97
2024-09-19 13:09:27.277000,421.8644663829349,6
2024-09-19 13:09:27.324000,421.8467998357451,1003
2024-09-19 13:09:27.391000,421.8477553093987,15
2024-09-19 13:09:27.400000,421.82836710626754,7
2024-09-19 13:09:27.404000,421.8585304874619,12
2024-09-19 13:09:27.409000,421.8612794192019,999
2024-09-19 13:09:27.410000,421.7793712831356,103
2024-09-19 13:09:27.468000,421.8220702954555,1005
2024-09-19 13:09:27.477000,421.79940851285465,11
2024-09-19 13:09:27.541000,421.8574141432252,100
2024-09-19 13:09:27.633000,421.86452457630935,1002
2024-09-19 13:09:27.661000,421.8296675969498,11
2024-09-19 13:09:27.723000,421.8384539036709,1003
2024-09-19 13:09:27.736000,421.8648258152875,105
2024-09-19 13:09:27.763000,421.8629152295002,7
2024-09-19 13:09:27.858000,421.8534418738193,1005
2024-09-19 13:09:27.918000,421.8703553761498,12
2024-09-19 13:09:27.929000,421.7386240590975,12
2024-09-19 13:09:27.940000,421.8616642545295,6
2024-09-19 13:09:27.968000,421.8493566458562,15
2024-09-19 13:09:27.990000,421.8204420290796,1002
2024-09-19 13:09:28.031000,421.7905003638961,9
2024-09-19 13:09:28.055000,421.8221232557019,1000
2024-09-19 13:09:28.159000,421.8394024640562,997
2024-09-19 13:09:28.194000,421.80187056315714,99
2024-09-19 13:09:28.226000,421.8062021224078,1005
2024-09-19 13:09:28.238000,421.79399721063095,6
2024-09-19 13:09:28.243000,421.8198822612151,999
2024-09-19 13:09:28.264000,421.8074582320215,996
2024-09-19 13:09:28.337000,421.8214107733578,997
2024-09-19 13:09:28.416000,421.8048514553959,1000
2024-09-19 13:09:28.468000,421.8311393694328,13
2024-09-19 13:09:28.476000,421.8463130506218,12
2024-09-19 13:09:28.477000,421.864187314987,1005
2024-09-19 13:09:28.545000,421.8214967600566,1005
2024-09-19 13:09:28.557000,421.7705149630101,11
2024-09-19 13:09:28.656000,421.835495540371,96
2024-09-19 13:09:28.700000,421.8126599706156,104
2024-09-19 13:09:28.731000,421.7931263494715,9
2024-09-19 13:09:28.740000,421.7913281772912,1002
2024-09-19 13:09:28.781000,421.82641313136446,1001
2024-09-19 13:09:28.796000,421.7851441660749,1005
2024-09-19 13:09:28.819000,421.8106145875179,13
2024-09-19 13:09:28.826000,421.8389329392383,8
2024-09-19 13:09:28.857000,421.8125826052883,997
2024-09-19 13:09:28.948000,421.8187746633204,1000
2024-09-19 13:09:29.054000,421.8410335665577,103
2024-09-19 13:09:29.206000,421.8557397831855,8
2024-09-19 13:09:29.275000,421.8342673807896,11
2024-09-19 13:09:29.334000,421.850861233554,15
2024-09-19 13:09:29.694000,421.8435826497024,13
2024-09-19 13:09:29.784000,421.8461572285941,96
2024-09-19 13:09:29.793000,421.84820477625465,97
2024-09-19 13:09:29.831000,421.8424007080183,13
2024-09-19 13:09:29.884000,421.8285297569523,997
2024-09-19 13:09:30.051000,421.8659901374257,997
2024-09-19 13:09:30.079000,421.9229621004446,9
2024-09-19 13:09:30.106000,421.8945418999778,1005
2024-09-19 13:09:30.132000,421.90022542192656,8
2024-09-19 13:09:30.150000,421.9078576255649,100
2024-09-19 13:09:30.155000,421.87777270836057,14
2024-09-19 13:09:30.178000,421.9013685403172,1002
2024-09-19 13:09:30.186000,421.86264036966975,1005
2024-09-19 13:09:30.242000,421.8599826283559,6
2024-09-19 13:09:30.256000,421.9143085204936,95
2024-09-19 13:09:30.256000,421.8804002566892,96
2024-09-19 13:09:30.257000,421.8871238949758,102
2024-09-19 13:09:30.306000,421.89951379044186,999
2024-09-19 13:09:30.332000,421.86755886739786,11
2024-09-19 13:09:30.424000,421.8625365150294,995
2024-09-19 13:09:30.556000,421.8774674320642,1001
2024-09-19 13:09:30.646000,421.8944801817766,1002
2024-09-19 13:09:30.665000,421.9115323684512,14
2024-09-19 13:09:30.685000,421.8849386494769,103
2024-09-19 13:09:30.692000,421.86401636423705,96
2024-09-19 13:09:30.697000,421.90275153009327,97
2024-09-19 13:09:30.704000,421.88480188423847,96
2024-09-19 13:09:30.728000,421.890725888468,101
2024-09-19 13:09:30.730000,421.86940841211606,105
2024-09-19 13:09:30.780000,421.8747607397702,100
2024-09-19 13:09:30.864000,421.8429295407966,12
2024-09-19 13:09:30.891000,421.9333316222123,11
2024-09-19 13:09:30.986000,421.9171854666765,104
2024-09-19 13:09:31.036000,421.86523166837526,14
2024-09-19 13:09:31.099000,421.8555274794589,995
2024-09-19 13:09:31.320000,421.8606963518657,8
2024-09-19 13:09:31.440000,421.8763168897339,11
2024-09-19 13:09:31.641000,421.8531843480185,101
2024-09-19 13:09:31.903000,421.8565109127694,14
2024-09-19 13:09:32.587000,421.8677682815549,96
2024-09-19 13:09:33.019000,421.8356039676556,11
2024-09-19 13:09:33.050000,421.8544725914239,998
2024-09-19 13:09:33.052000,421.83718478282,13
2024-09-19 13:09:33.162000,421.87195659275926,14
2024-09-19 13:09:33.197000,421.818787566377,10
2024-09-19 13:09:33.282000,421.8416872176805,105
2024-09-19 13:09:33.294000,421.8593817290169,10
2024-09-19 13:09:33.298000,421.87119650004536,1003
2024-09-19 13:09:33.310000,421.87239151244734,97
2024-09-19 13:09:33.419000,421.8620700034192,8
2024-09-19 13:09:33.449000,421.8534561075036,1000
2024-09-19 13:09:33.456000,421.8230138650855,12
2024-09-19 13:09:33.490000,421.8745336675655,6
2024-09-19 13:09:33.568000,421.8806751255543,10
2024-09-19 13:09:33.590000,421.84641125514094,996
2024-09-19 13:09:33.608000,421.8666471325966,1002
2024-09-19 13:09:33.672000,421.842613381093,1005
2024-09-19 13:09:33.745000,421.8238179428634,100
2024-09-19 13:09:33.865000,421.8408855108951,98
2024-09-19 13:09:33.929000,421.8205324800388,101
2024-09-19 13:09:33.937000,421.8325740425113,9
2024-09-19 13:09:33.943000,421.867274122865,11
2024-09-19 13:09:34.080000,421.8252172041566,8
2024-09-19 13:09:34.105000,421.82133262975736,999
2024-09-19 13:09:34.161000,421.79554681468767,995
2024-09-19 13:09:34.187000,421.8173539101237,96
2024-09-19 13:09:34.249000,421.8459880024086,998
2024-09-19 13:09:34.277000,421.81316347910433,1000
2024-09-19 13:09:34.299000,421.8248045440413,6
2024-09-19 13:09:34.359000,421.8212124866798,103
2024-09-19 13:09:34.572000,421.8165707146997,6
2024-09-19 13:09:34.595000,421.8133032278346,1000
2024-09-19 13:09:34.608000,421.8185211423307,9
2024-09-19 13:09:34.654000,421.816065297429,14
2024-09-19 13:09:34.718000,421.82364415747344,96
2024-09-19 13:09:34.773000,421.8294206617445,98
2024-09-19 13:09:34.788000,421.855590724817,10
2024-09-19 13:09:34.849000,421.8312241543474,103
2024-09-19 13:09:34.959000,421.8412955077915,1004
2024-09-19 13:09:35.036000,421.8383022603714,1005
2024-09-19 13:09:35.052000,421.8373349698669,996
2024-09-19 13:09:35.062000,421.85411890050045,104
2024-09-19 13:09:35.128000,421.8341502972414,1001
2024-09-19 13:09:35.130000,421.8302337526579,11
2024-09-19 13:09:35.204000,421.8441919075833,100
2024-09-19 13:09:35.272000,421.8326764178121,12
2024-09-19 13:09:35.346000,421.8508897361744,14
2024-09-19 13:09:35.358000,421.830648214001,1000
2024-09-19 13:09:35.396000,421.8230649060546,105
2024-09-19 13:09:35.529000,421.8451875218879,99
2024-09-19 13:09:35.762000,421.8430306823374,996
2024-09-19 13:09:35.823000,421.8444466436753,1000
2024-09-19 13:09:35.834000,421.8280016622704,1001
2024-09-19 13:09:35.933000,421.8503745536912,13
2024-09-19 13:09:36.233000,421.81657983414,998
2024-09-19 13:09:36.422000,421.8079501638162,996
2024-09-19 13:09:36.428000,421.8299031628638,5
2024-09-19 13:09:36.466000,421.8108778701561,999
2024-09-19 13:09:36.477000,421.8330576789042,995
2024-09-19 13:09:36.603000,421.837012956342,1004
2024-09-19 13:09:36.626000,421.81023765298926,14
2024-09-19 13:09:36.761000,421.82674715823833,103
2024-09-19 13:09:36.851000,421.8351835078901,15
2024-09-19 13:09:36.875000,421.80707904785567,11
2024-09-19 13:09:36.956000,421.8461476255374,13
2024-09-19 13:09:36.989000,421.8440448524706,104
2024-09-19 13:09:36.993000,421.81504056207285,105
2024-09-19 13:09:37.021000,421.8438813804291,999
2024-09-19 13:09:37.062000,421.8734408491708,105
2024-09-19 13:09:37.244000,421.8743954832231,14
2024-09-19 13:09:37.261000,421.8519460535336,12
2024-09-19 13:09:37.291000,421.86584400782266,1003
2024-09-19 13:09:37.296000,421.8834738325372,10
2024-09-19 13:09:37.310000,421.8951768468723,12
2024-09-19 13:09:37.368000,421.8384698026353,9
2024-09-19 13:09:37.369000,421.8667458731844,10
2024-09-19 13:09:37.382000,421.876585381272,98
2024-09-19 13:09:37.384000,421.819329867186,102
2024-09-19 13:09:37.427000,421.8860567528772,13
2024-09-19 13:09:37.463000,421.8210336826854,101
2024-09-19 13:09:37.580000,421.8704594013116,998
2024-09-19 13:09:37.613000,421.8410744506695,12
2024-09-19 13:09:37.613000,421.8388359683077,8
2024-09-19 13:09:37.614000,421.8763939062785,9
2024-09-19 13:09:37.647000,421.8127117763665,8
2024-09-19 13:09:37.726000,421.8290961717605,104
2024-09-19 13:09:37.743000,421.82921444332345,97
2024-09-19 13:09:37.807000,421.8498615838637,9
2024-09-19 13:09:37.831000,421.8363924575868,7
2024-09-19 13:09:37.895000,421.88359094432553,1005
2024-09-19 13:09:37.905000,421.8730217098757,7
2024-09-19 13:09:37.929000,421.8465359817229,1002
2024-09-19 13:09:37.977000,421.879100910668,8
2024-09-19 13:09:38.058000,421.8681076175227,5
2024-09-19 13:09:39.127000,421.8998548380006,14
2024-09-19 13:09:39.252000,421.9324131665582,101
2024-09-19 13:09:39.304000,421.9314706527035,12
2024-09-19 13:09:39.337000,421.913135623044,7
2024-09-19 13:09:39.639000,421.9199952241602,1005
2024-09-19 13:09:39.753000,421.933549507271,103
2024-09-19 13:09:39.762000,421.9242665222274,1002
2024-09-19 13:09:39.846000,421.9307559478994,12
2024-09-19 13:09:39.872000,421.89305874897167,1001
2024-09-19 13:09:39.923000,421.9256059480753,95
2024-09-19 13:09:40.111000,421.9448278727013,998
2024-09-19 13:09:40.157000,421.9495609955024,12
2024-09-19 13:09:40.169000,421.95623111767225,102
2024-09-19 13:09:40.185000,421.97266784595416,998
2024-09-19 13:09:40.213000,421.9492936191381,13
2024-09-19 13:09:40.319000,421.9639632767983,100
2024-09-19 13:09:40.392000,421.9629854059304,6
2024-09-19 13:09:40.435000,421.9588715415542,9
2024-09-19 13:09:40.506000,421.9474512906144,97
2024-09-19 13:09:40.547000,421.9559032759495,1002
2024-09-19 13:09:40.615000,421.96272782464575,7
2024-09-19 13:09:40.655000,421.95374394445446,102
2024-09-19 13:09:40.709000,421.96858811452097,9
2024-09-19 13:09:40.712000,421.9623293595995,96
2024-09-19 13:09:40.829000,421.9437737605574,99
2024-09-19 13:09:40.868000,421.9462861175901,104
2024-09-19 13:09:40.877000,421.92839571142594,8
2024-09-19 13:09:41.025000,421.9488107342978,95
2024-09-19 13:09:41.044000,421.97072032892135,12
2024-09-19 13:09:41.100000,421.97799242930006,9
2024-09-19 13:09:41.135000,421.9938491885359,15
2024-09-19 13:09:41.150000,421.9190299149429,7
2024-09-19 13:09:41.172000,421.9209693769461,998
2024-09-19 13:09:41.258000,421.9454390220313,96
2024-09-19 13:09:41.323000,421.97138437167183,1002
2024-09-19 13:09:41.336000,421.9871764631658,102
2024-09-19 13:09:41.343000,421.98044302487335,997
2024-09-19 13:09:41.348000,421.98517694626406,13
2024-09-19 13:09:41.356000,421.95151317985534,95
2024-09-19 13:09:41.377000,421.9628955486317,1000
2024-09-19 13:09:41.484000,421.9724206380033,12
2024-09-19 13:09:41.519000,421.89647651969705,14
2024-09-19 13:09:41.583000,421.9295597025738,96
2024-09-19 13:09:41.584000,421.9667008070893,99
2024-09-19 13:09:41.631000,421.9881225031001,995
2024-09-19 13:09:41.685000,421.8984968895932,104
2024-09-19 13:09:41.702000,421.9654005008615,1002
2024-09-19 13:09:41.739000,422.00355951187663,1004
2024-09-19 13:09:41.740000,421.9828447589932,996
2024-09-19 13:09:41.806000,421.9692541789518,1002
2024-09-19 13:09:41.864000,421.9384756289734,10
2024-09-19 13:09:41.890000,421.9748675404721,95
2024-09-19 13:09:41.899000,421.9757865191637,1005
2024-09-19 13:09:41.902000,421.9778401988305,1001
2024-09-19 13:09:41.921000,421.9219397396574,98
2024-09-19 13:09:41.927000,421.95491558698217,102
2024-09-19 13:09:41.993000,421.90476430623096,15
2024-09-19 13:09:42.008000,421.9795751372125,96
2024-09-19 13:09:42.066000,421.9865159951302,5
2024-09-19 13:09:42.082000,421.9996831925224,1003
2024-09-19 13:09:42.096000,421.9817182401287,104
2024-09-19 13:09:42.102000,421.9962906454142,7
2024-09-19 13:09:42.109000,422.0037190447693,998
2024-09-19 13:09:42.113000,421.9856910981361,1005
2024-09-19 13:09:42.167000,421.98593780502745,995
2024-09-19 13:09:42.258000,421.97184523012817,97
2024-09-19 13:09:42.260000,422.0025464231669,104
2024-09-19 13:09:42.288000,421.9700489063041,1004
2024-09-19 13:09:42.304000,422.00102942794,101
2024-09-19 13:09:42.365000,422.0067873786941,11
2024-09-19 13:09:42.429000,421.99324168945526,995
2024-09-19 13:09:42.471000,421.973210420827,9
2024-09-19 13:09:42.513000,421.9996049869335,998
2024-09-19 13:09:42.545000,421.9964540439826,99
2024-09-19 13:09:42.550000,421.99032702163737,10
2024-09-19 13:09:42.609000,421.9916483548442,1004
2024-09-19 13:09:42.632000,421.98914088766657,7
2024-09-19 13:09:42.710000,421.9963693475296,1005
2024-09-19 13:09:42.785000,422.0079970093317,6
2024-09-19 13:09:42.802000,422.000785133204,997
2024-09-19 13:09:42.834000,421.9927484479705,10
2024-09-19 13:09:42.841000,421.95992643155023,8
2024-09-19 13:09:42.872000,421.9984566129164,5
2024-09-19 13:09:42.872000,421.9607184348798,1001
2024-09-19 13:09:42.979000,421.9805687404364,995
2024-09-19 13:09:42.999000,421.9977787679369,15
2024-09-19 13:09:43.070000,422.0265767172521,8
2024-09-19 13:09:43.071000,421.9906854483586,104
2024-09-19 13:09:43.129000,421.9884002898962,105
2024-09-19 13:09:43.182000,421.98408104036463,14
2024-09-19 13:09:43.204000,421.9839400385048,1001
2024-09-19 13:09:43.240000,421.99867030552446,105
2024-09-19 13:09:43.288000,421.9796166832376,105
2024-09-19 13:09:43.398000,422.02154189687394,1003
2024-09-19 13:09:43.426000,421.9990116885117,103
2024-09-19 13:09:43.515000,422.0290341968053,96
2024-09-19 13:09:43.526000,421.99922147332086,996
2024-09-19 13:09:43.570000,422.03116890597767,12
2024-09-19 13:09:43.579000,422.0243867979975,13
2024-09-19 13:09:43.620000,422.00050035462175,102
2024-09-19 13:09:43.630000,422.01304822588014,999
2024-09-19 13:09:43.632000,422.0498528666166,100
2024-09-19 13:09:43.656000,421.9812109961912,105
2024-09-19 13:09:43.660000,421.9899769402745,996
2024-09-19 13:09:43.674000,422.0377525598912,100
2024-09-19 13:09:43.675000,422.0098811692302,1001
2024-09-19 13:09:43.720000,422.0365162199699,14
2024-09-19 13:09:43.846000,422.0085588524026,99
2024-09-19 13:09:43.919000,421.9988169477137,1002
2024-09-19 13:09:43.922000,422.0043582789283,1002
2024-09-19 13:09:43.924000,422.0377579067617,1001
2024-09-19 13:09:43.924000,421.9823770321681,1004
2024-09-19 13:09:43.980000,421.9864858725985,100
2024-09-19 13:09:43.990000,422.0153457492215,102
2024-09-19 13:09:44.043000,422.0975357774838,10
2024-09-19 13:09:44.045000,422.11509427535975,9
2024-09-19 13:09:44.124000,422.1045105264403,8
2024-09-19 13:09:44.168000,422.0343543076272,104
2024-09-19 13:09:44.170000,422.0991581900581,15
2024-09-19 13:09:44.243000,422.106202963887,95
2024-09-19 13:09:44.354000,422.0313049644645,9
2024-09-19 13:09:44.393000,422.1133804134429,98
2024-09-19 13:09:44.422000,422.1095556899152,997
2024-09-19 13:09:44.428000,422.04473195200666,15
2024-09-19 13:09:44.501000,422.1039158605907,999
2024-09-19 13:09:44.521000,422.09894895029953,1001
2024-09-19 13:09:44.547000,422.0638435916213,1001
2024-09-19 13:09:44.652000,422.0404351229902,96
2024-09-19 13:09:44.683000,422.0336833234612,11
2024-09-19 13:09:44.707000,422.1253766567806,99
2024-09-19 13:09:44.715000,422.09450325064864,1001
2024-09-19 13:09:44.754000,422.0496665742425,103
2024-09-19 13:09:44.846000,422.12829687296033,96
2024-09-19 13:09:44.880000,422.0410660907161,997
2024-09-19 13:09:44.902000,422.0329880121873,7
2024-09-19 13:09:45.086000,422.1363942051424,99
2024-09-19 13:09:45.118000,422.13928935260094,101
2024-09-19 13:09:45.416000,422.13309680564,1004
2024-09-19 13:09:45.538000,422.1336525895744,1003
2024-09-19 13:09:45.562000,422.1369748115735,1004
2024-09-19 13:09:45.767000,422.1286816514912,7
2024-09-19 13:09:46.048000,422.135757691661,6
2024-09-19 13:09:46.116000,422.0867152785587,1001
2024-09-19 13:09:46.124000,422.1105077211616,105
2024-09-19 13:09:46.128000,422.0989283720546,996
2024-09-19 13:09:46.207000,422.1337004043995,1001
2024-09-19 13:09:46.329000,422.0979102202817,102
2024-09-19 13:09:46.427000,422.1275525791041,998
2024-09-19 13:09:46.452000,422.12679018269904,5
2024-09-19 13:09:46.467000,422.1142260869047,105
2024-09-19 13:09:46.479000,422.14380154720834,998
2024-09-19 13:09:46.481000,422.09475433659895,99
2024-09-19 13:09:46.525000,422.0961042179962,1001
2024-09-19 13:09:46.541000,422.13877603743407,11
2024-09-19 13:09:46.573000,422.1337263984394,1001
2024-09-19 13:09:46.616000,422.1137711834892,14
2024-09-19 13:09:46.724000,422.11370883107895,11
2024-09-19 13:09:46.728000,422.1247369137396,13
2024-09-19 13:09:46.745000,422.11329569084126,95
2024-09-19 13:09:46.801000,422.1059430471774,105
2024-09-19 13:09:46.864000,422.1065480885054,98
2024-09-19 13:09:46.880000,422.129864855739,995
2024-09-19 13:09:46.881000,422.1404880218598,96
2024-09-19 13:09:46.893000,422.1140981213225,1002
2024-09-19 13:09:46.956000,422.14858835398496,97
2024-09-19 13:09:46.973000,422.1348240243474,97
2024-09-19 13:09:47.066000,422.0417320602674,98
2024-09-19 13:09:47.102000,422.139081424469,105
2024-09-19 13:09:47.195000,422.1272130228147,1002
2024-09-19 13:09:47.266000,422.06063412397583,995
2024-09-19 13:09:47.305000,422.12575992979936,1003
2024-09-19 13:09:47.336000,422.1341350640215,999
2024-09-19 13:09:47.352000,422.1364223539607,101
2024-09-19 13:09:47.361000,422.1585544369869,14
2024-09-19 13:09:47.362000,422.1371977173539,97
2024-09-19 13:09:47.558000,422.04721321046856,103
2024-09-19 13:09:47.589000,422.090412891016,1002
2024-09-19 13:09:47.737000,422.1431482927018,14
2024-09-19 13:09:47.742000,422.03559963266656,100
2024-09-19 13:09:47.774000,422.0532338085271,996
2024-09-19 13:09:47.806000,422.1139707175305,998
2024-09-19 13:09:47.806000,422.0592100553206,1002
2024-09-19 13:09:47.826000,422.1358198739109,104
2024-09-19 13:09:47.832000,422.0356974222215,1000
2024-09-19 13:09:47.868000,422.08238953862326,1004
2024-09-19 13:09:47.923000,422.15804000142543,5
2024-09-19 13:09:47.955000,422.0421987813643,10
2024-09-19 13:09:48.027000,422.0356562415071,999
2024-09-19 13:09:48.072000,422.0559470896054,104
2024-09-19 13:09:48.140000,422.0439442763744,14
2024-09-19 13:09:48.149000,422.0631107965012,100
2024-09-19 13:09:48.181000,422.00233873381467,103
2024-09-19 13:09:48.267000,422.00076329758207,9
2024-09-19 13:09:48.370000,421.98666797537993,999
2024-09-19 13:09:48.450000,422.04139248383854,102
2024-09-19 13:09:48.502000,422.0676870347375,97
2024-09-19 13:09:48.533000,422.043896860662,1004
2024-09-19 13:09:48.755000,422.02232574367474,95
2024-09-19 13:09:48.792000,422.03621236107625,1005
2024-09-19 13:09:48.828000,422.0519750972111,104
2024-09-19 13:09:48.850000,422.0166614736965,99
2024-09-19 13:09:48.908000,422.0371338821611,101
2024-09-19 13:09:48.909000,422.01008059212046,10
2024-09-19 13:09:49.062000,421.9780367251036,104
2024-09-19 13:09:49.100000,421.980394864135,7
2024-09-19 13:09:49.249000,421.97757590781526,98
2024-09-19 13:09:49.295000,421.95637095953816,97
2024-09-19 13:09:49.338000,421.9656781404168,1001
2024-09-19 13:09:49.540000,421.96783721349726,1004
2024-09-19 13:09:49.553000,421.9805530151367,105
2024-09-19 13:09:49.582000,421.96562501105694,98
2024-09-19 13:09:49.610000,421.968866969915,101
2024-09-19 13:09:49.779000,421.9636171402415,15
2024-09-19 13:09:49.799000,421.9679168706948,98
2024-09-19 13:09:49.874000,421.9725948136133,104
2024-09-19 13:09:49.891000,421.9869447865666,5
2024-09-19 13:09:49.923000,421.9855991939458,996
2024-09-19 13:09:50.013000,421.9637048580349,10
2024-09-19 13:09:50.103000,421.9505420704912,97
2024-09-19 13:09:50.310000,421.9489922863403,98
2024-09-19 13:09:50.535000,421.947437837912,96
2024-09-19 13:09:50.541000,421.9533226014794,99
2024-09-19 13:09:50.817000,421.9592548724972,1005
2024-09-19 13:09:50.911000,421.9677172692206,11
2024-09-19 13:09:50.938000,421.9485540401073,9
2024-09-19 13:09:51.032000,421.95558401373705,7
2024-09-19 13:09:51.106000,421.983227001283,8
2024-09-19 13:09:51.129000,421.942671101083,102
2024-09-19 13:09:51.181000,422.033165024712,999
2024-09-19 13:09:51.318000,422.00548581242055,1005
2024-09-19 13:09:51.640000,422.0167749881129,14
2024-09-19 13:09:51.648000,421.9580959413499,996
2024-09-19 13:09:51.659000,421.94291638470816,999
2024-09-19 13:09:51.810000,421.9501936547019,1001
2024-09-19 13:09:51.874000,421.9548140751228,95
2024-09-19 13:09:51.956000,421.9846836731684,12
2024-09-19 13:09:52.003000,422.01268266278765,1001
2024-09-19 13:09:52.123000,422.0193387788653,999
2024-09-19 13:09:52.193000,422.0165368775823,105
2024-09-19 13:09:52.199000,422.0288681245391,98
2024-09-19 13:09:52.431000,422.01174585918335,9
2024-09-19 13:09:52.653000,422.0109919837775,1003
2024-09-19 13:09:52.691000,422.0033550530428,1002
2024-09-19 13:09:53.040000,422.0402563231694,999
2024-09-19 13:09:53.146000,422.0001348203688,96
2024-09-19 13:09:53.181000,421.8895135299848,999
2024-09-19 13:09:53.182000,422.00683735285935,13
2024-09-19 13:09:53.203000,421.8897964375858,7
2024-09-19 13:09:53.209000,421.89461283210704,105
2024-09-19 13:09:53.307000,422.0089802874985,100
2024-09-19 13:09:53.329000,421.8999241094585,1005
2024-09-19 13:09:53.367000,422.0258565661821,997
2024-09-19 13:09:53.397000,421.92898596238615,103
2024-09-19 13:09:53.416000,421.93436651508847,95
2024-09-19 13:09:53.441000,421.942548875588,100
2024-09-19 13:09:53.453000,421.9078177474249,99
2024-09-19 13:09:53.459000,421.9282378582628,13
2024-09-19 13:09:53.460000,421.8952538411218,10
2024-09-19 13:09:53.466000,421.9856055627066,1004
2024-09-19 13:09:53.486000,421.98109663218935,997
2024-09-19 13:09:53.629000,421.8945958398865,95
2024-09-19 13:09:53.697000,421.8952330559294,95
2024-09-19 13:09:53.732000,421.9966432703519,996
2024-09-19 13:09:53.751000,422.01094423533823,1002
2024-09-19 13:09:53.761000,421.9007165667021,100
2024-09-19 13:09:53.765000,422.0060014253759,13
2024-09-19 13:09:53.768000,421.9308954671694,99
2024-09-19 13:09:53.809000,421.9990306090593,104
2024-09-19 13:09:53.821000,421.9396710982913,101
2024-09-19 13:09:54.719000,421.8923012686224,995
2024-09-19 13:09:55.016000,421.89037324653583,7
2024-09-19 13:09:55.025000,421.8995268943216,1002
2024-09-19 13:09:55.027000,421.9029361830304,15
2024-09-19 13:09:55.124000,421.9054836152898,7
2024-09-19 13:09:55.146000,421.8954492436546,1000
2024-09-19 13:09:55.319000,421.9035022318476,5
2024-09-19 13:09:55.446000,421.9368404159129,1003
2024-09-19 13:09:55.453000,421.8990402996652,5
2024-09-19 13:09:55.462000,421.9037174546592,1005
2024-09-19 13:09:55.674000,421.93121691668864,6
2024-09-19 13:09:55.732000,421.9208594759178,5
2024-09-19 13:09:55.755000,421.9216724394312,12
2024-09-19 13:09:55.902000,421.9271441885584,6
2024-09-19 13:09:55.931000,421.8939227576378,998
2024-09-19 13:09:55.957000,421.9254038711333,6
2024-09-19 13:09:55.973000,421.9040548541035,101
2024-09-19 13:09:56.072000,422.057450320461,1000
2024-09-19 13:09:56.137000,422.036745080282,98
2024-09-19 13:09:56.147000,421.94558824101705,102
2024-09-19 13:09:56.208000,421.9756493281439,8
2024-09-19 13:09:56.217000,421.9783062498524,104
2024-09-19 13:09:56.221000,422.03387342525207,1003
2024-09-19 13:09:56.262000,422.0259300339724,99
2024-09-19 13:09:56.306000,422.0356382191308,1004
2024-09-19 13:09:56.394000,422.0600024469694,99
2024-09-19 13:09:56.594000,422.0610079557919,98
2024-09-19 13:09:56.720000,421.9586473165826,100
2024-09-19 13:09:56.726000,422.04549046040336,7
2024-09-19 13:09:56.862000,421.97759499351633,101
2024-09-19 13:09:56.921000,422.02664578770657,1002
2024-09-19 13:09:57.112000,422.0384582110268,96
2024-09-19 13:09:57.148000,422.0438712324556,1005
2024-09-19 13:09:57.218000,422.0306959631292,99
2024-09-19 13:09:57.263000,422.03217318489067,1005
2024-09-19 13:09:57.332000,421.9896355356787,101
2024-09-19 13:09:57.358000,421.9671871190717,1001
2024-09-19 13:09:57.389000,422.0449979711414,13
2024-09-19 13:09:57.425000,422.03678138917127,100
2024-09-19 13:09:57.468000,422.0425780906518,10
2024-09-19 13:09:57.470000,421.9728079505333,996
2024-09-19 13:09:57.491000,422.0475722826884,1003
2024-09-19 13:09:57.499000,422.02689293238063,12
2024-09-19 13:09:57.517000,422.0227690982398,1003
2024-09-19 13:09:57.566000,422.00979303936737,97
2024-09-19 13:09:57.606000,422.0403356819672,999
2024-09-19 13:09:57.637000,422.03305673832017,6
2024-09-19 13:09:57.684000,422.02342249378654,103
2024-09-19 13:09:57.766000,422.043560198565,10
2024-09-19 13:09:57.802000,422.0224378090251,997
2024-09-19 13:09:57.836000,422.0420653159509,95
2024-09-19 13:09:57.856000,422.0340586138644,995
2024-09-19 13:09:57.965000,422.01130249306505,12
2024-09-19 13:09:58.027000,421.9702737748796,14
2024-09-19 13:09:58.069000,421.86921563084536,13
2024-09-19 13:09:58.218000,421.9231030714967,101
2024-09-19 13:09:58.326000,421.8669984495349,97
2024-09-19 13:09:58.340000,421.9115451820619,104
2024-09-19 13:09:58.400000,421.8626873176701,13
2024-09-19 13:09:58.407000,421.97372623491617,10
2024-09-19 13:09:58.507000,421.87536014849377,97
2024-09-19 13:09:58.586000,421.96278640891467,14
2024-09-19 13:09:58.698000,421.93377468039216,1002
2024-09-19 13:09:58.704000,421.8902422788603,999
2024-09-19 13:09:58.732000,421.93570559746456,999
2024-09-19 13:09:58.770000,421.8600825886749,104
2024-09-19 13:09:58.813000,421.8774614182721,103
2024-09-19 13:09:59.321000,421.8952392508775,98
2024-09-19 13:09:59.513000,421.8823287359578,999
