Timestamp,Price,Size
2024-09-16 13:07:00.011000,415.9231574549071,100
2024-09-16 13:07:00.539000,415.93291069939386,1002
2024-09-16 13:07:00.798000,415.9124847968741,97
2024-09-16 13:07:00.838000,415.934531456632,5
2024-09-16 13:07:01.087000,415.9863036227841,995
2024-09-16 13:07:01.092000,415.96292061243287,102
2024-09-16 13:07:01.304000,415.9863688556079,102
2024-09-16 13:07:01.305000,415.967951531163,11
2024-09-16 13:07:01.308000,415.96927051823656,6
2024-09-16 13:07:01.326000,415.94316787690303,997
2024-09-16 13:07:01.336000,415.9579226666704,96
2024-09-16 13:07:01.408000,415.9687831721026,1002
2024-09-16 13:07:01.425000,415.9586259356811,999
2024-09-16 13:07:01.552000,415.9760025676572,98
2024-09-16 13:07:01.605000,415.955296958533,101
2024-09-16 13:07:01.936000,415.9496765376469,997
2024-09-16 13:07:01.940000,415.9726413074343,1002
2024-09-16 13:07:01.970000,415.96999524568895,6
2024-09-16 13:07:01.977000,415.9478259661455,98
2024-09-16 13:07:03.028000,416.00666211815167,998
2024-09-16 13:07:03.163000,415.9987615293746,1005
2024-09-16 13:07:03.255000,415.9767905406853,100
2024-09-16 13:07:03.296000,415.9605764697734,12
2024-09-16 13:07:03.426000,416.0143398792464,5
2024-09-16 13:07:03.428000,415.9490208254781,95
2024-09-16 13:07:03.523000,415.9567940081356,96
2024-09-16 13:07:03.539000,415.9552967217695,5
2024-09-16 13:07:03.543000,415.9492177641277,11
2024-09-16 13:07:03.602000,415.9627185578851,995
2024-09-16 13:07:03.644000,415.9567845579333,7
2024-09-16 13:07:03.654000,416.0258582886615,105
2024-09-16 13:07:03.751000,416.01754018234703,100
2024-09-16 13:07:03.805000,415.9558660448139,999
2024-09-16 13:07:03.891000,415.944773151163,8
2024-09-16 13:07:03.935000,415.94698865609126,101
2024-09-16 13:07:03.936000,415.99886571590525,1004
2024-09-16 13:07:03.937000,415.94605147264826,13
2024-09-16 13:07:04.294000,416.04259669568586,8
2024-09-16 13:07:04.833000,416.0250212186887,102
2024-09-16 13:07:04.941000,416.02789090002426,100
2024-09-16 13:07:04.966000,416.02480250271503,7
2024-09-16 13:07:05.571000,416.0434047713342,105
2024-09-16 13:07:05.774000,416.0327760912442,104
2024-09-16 13:07:05.897000,416.0277322079113,1000
2024-09-16 13:07:05.901000,416.0391415527636,1002
2024-09-16 13:07:05.949000,416.03398603913337,1004
2024-09-16 13:07:05.991000,416.04862913435977,101
2024-09-16 13:07:06.074000,416.07191923354407,105
2024-09-16 13:07:06.093000,416.0417875261307,8
2024-09-16 13:07:06.128000,416.0828517978725,15
2024-09-16 13:07:06.135000,416.0288686231581,999
2024-09-16 13:07:06.135000,416.01413202405297,995
2024-09-16 13:07:06.149000,416.01928376398746,12
2024-09-16 13:07:06.253000,416.0453968127175,9
2024-09-16 13:07:06.305000,416.04589437251593,104
2024-09-16 13:07:06.338000,416.0274607043145,100
2024-09-16 13:07:06.440000,416.0662563459609,103
2024-09-16 13:07:06.513000,416.0351686572268,12
2024-09-16 13:07:06.542000,416.0277679346962,95
2024-09-16 13:07:06.609000,416.026170964138,1001
2024-09-16 13:07:06.644000,416.0399340036673,7
2024-09-16 13:07:06.671000,416.0477229810541,95
2024-09-16 13:07:06.695000,416.02001444765216,5
2024-09-16 13:07:06.705000,416.0831252790228,12
2024-09-16 13:07:06.976000,416.0281624716356,996
2024-09-16 13:07:07.070000,415.9863620597963,14
2024-09-16 13:07:07.076000,416.0448702886933,99
2024-09-16 13:07:07.087000,416.0071212579346,12
2024-09-16 13:07:07.109000,415.9360297498808,12
2024-09-16 13:07:07.281000,415.94049816576126,100
2024-09-16 13:07:07.337000,415.969340758582,996
2024-09-16 13:07:07.351000,415.969403274643,1002
2024-09-16 13:07:07.443000,415.9608733313804,1000
2024-09-16 13:07:07.547000,415.97043729265016,1003
2024-09-16 13:07:07.578000,415.9760536255753,998
2024-09-16 13:07:07.728000,415.9498341627833,997
2024-09-16 13:07:07.771000,415.932188373477,8
2024-09-16 13:07:07.812000,415.9662448871801,1003
2024-09-16 13:07:07.860000,415.97016386882217,11
2024-09-16 13:07:07.877000,416.00397704652414,13
2024-09-16 13:07:07.910000,416.02117139675823,999
2024-09-16 13:07:07.912000,416.03813109537344,1005
2024-09-16 13:07:07.922000,415.9683454013926,1003
2024-09-16 13:07:07.950000,415.93356571139793,9
2024-09-16 13:07:07.958000,416.068386497217,104
2024-09-16 13:07:07.993000,416.04580773965614,15
2024-09-16 13:07:08.020000,415.9481430120559,5
2024-09-16 13:07:08.323000,415.9554207475557,996
2024-09-16 13:07:08.680000,415.9591288186248,6
2024-09-16 13:07:08.998000,415.94033402908906,95
2024-09-16 13:07:09.005000,415.924022540577,102
2024-09-16 13:07:09.010000,415.9127615127484,15
2024-09-16 13:07:09.054000,415.9847162257298,99
2024-09-16 13:07:09.055000,415.9947801695967,104
2024-09-16 13:07:09.084000,415.9347582807648,1004
2024-09-16 13:07:09.095000,415.9158643513792,104
2024-09-16 13:07:09.158000,415.957748363474,1004
2024-09-16 13:07:09.182000,415.9703072542469,95
2024-09-16 13:07:09.207000,415.95588515915045,95
2024-09-16 13:07:09.219000,415.955827469308,997
2024-09-16 13:07:09.230000,415.99357786508153,1003
2024-09-16 13:07:09.270000,415.901407578237,95
2024-09-16 13:07:09.388000,415.94807324619785,101
2024-09-16 13:07:09.394000,415.96885469930623,12
2024-09-16 13:07:09.413000,415.9466638828338,11
2024-09-16 13:07:09.452000,415.9172197456307,1005
2024-09-16 13:07:09.475000,415.9042037817928,1001
2024-09-16 13:07:09.515000,415.9494581329532,14
2024-09-16 13:07:09.534000,415.9232023952425,8
2024-09-16 13:07:09.561000,415.9648969202932,10
2024-09-16 13:07:09.640000,415.9929566108455,103
2024-09-16 13:07:09.839000,415.9077215225104,96
2024-09-16 13:07:09.847000,415.8955446905272,15
2024-09-16 13:07:09.889000,415.9887670450448,98
2024-09-16 13:07:09.893000,415.95326587753897,96
2024-09-16 13:07:09.938000,415.9819822328032,997
2024-09-16 13:07:09.942000,415.979374222104,998
2024-09-16 13:07:09.993000,415.9266403327998,9
2024-09-16 13:07:10.050000,415.97070340326025,11
2024-09-16 13:07:10.054000,415.9714829219525,15
2024-09-16 13:07:10.100000,415.9926628650687,996
2024-09-16 13:07:10.227000,415.9973261755687,95
2024-09-16 13:07:10.322000,415.9994034051141,1004
2024-09-16 13:07:10.391000,415.9929062147232,97
2024-09-16 13:07:10.479000,415.96440139205714,98
2024-09-16 13:07:10.488000,415.9853321489369,998
2024-09-16 13:07:10.610000,415.9815397971077,98
2024-09-16 13:07:10.621000,415.9837380846276,103
2024-09-16 13:07:10.638000,415.98196777639777,1002
2024-09-16 13:07:10.723000,415.97744323490457,14
2024-09-16 13:07:10.876000,415.97785116885166,7
2024-09-16 13:07:10.905000,415.9736574592491,1001
2024-09-16 13:07:10.947000,415.9616168950463,996
2024-09-16 13:07:10.975000,415.98112713342965,8
2024-09-16 13:07:11.072000,415.97023597738337,9
2024-09-16 13:07:11.174000,416.0586060851277,11
2024-09-16 13:07:11.180000,415.9625067035898,7
2024-09-16 13:07:11.189000,416.0213235689988,13
2024-09-16 13:07:11.213000,416.02420857167897,14
2024-09-16 13:07:11.278000,416.0071795188255,14
2024-09-16 13:07:11.337000,415.9685661021194,997
2024-09-16 13:07:11.359000,416.0239157022976,1005
2024-09-16 13:07:11.404000,416.0094977623867,99
2024-09-16 13:07:11.478000,415.9507122206893,10
2024-09-16 13:07:11.567000,416.06080655894425,10
2024-09-16 13:07:11.618000,416.00546954301535,1002
2024-09-16 13:07:11.629000,416.0369459167752,13
2024-09-16 13:07:11.629000,415.9998969978877,101
2024-09-16 13:07:11.669000,416.0591729334636,8
2024-09-16 13:07:11.677000,416.0404074974355,102
2024-09-16 13:07:11.677000,416.0342411384527,999
2024-09-16 13:07:11.686000,415.9847609910015,10
2024-09-16 13:07:11.688000,416.0478946336963,12
2024-09-16 13:07:11.709000,416.02367254576745,1001
2024-09-16 13:07:11.734000,416.0413307158626,97
2024-09-16 13:07:11.827000,416.0084334973259,999
2024-09-16 13:07:11.975000,416.0316367779624,103
2024-09-16 13:07:12.016000,415.96335792757503,10
2024-09-16 13:07:12.084000,415.9987272429706,1003
2024-09-16 13:07:12.105000,416.002005639474,13
2024-09-16 13:07:12.152000,415.9667290525935,6
2024-09-16 13:07:12.153000,415.98769044082513,7
2024-09-16 13:07:12.173000,415.97986507690615,99
2024-09-16 13:07:12.174000,415.9818451685376,96
2024-09-16 13:07:12.196000,416.018438348028,103
2024-09-16 13:07:12.296000,415.990353985225,996
2024-09-16 13:07:12.302000,415.9922705274431,1003
2024-09-16 13:07:12.346000,415.9915044082768,13
2024-09-16 13:07:12.399000,416.0014968268084,100
2024-09-16 13:07:12.447000,416.01542543955566,103
2024-09-16 13:07:12.459000,415.9897955039346,100
2024-09-16 13:07:12.644000,415.993066196265,15
2024-09-16 13:07:12.672000,415.9839577232723,1001
2024-09-16 13:07:12.676000,415.9832217512672,98
2024-09-16 13:07:12.700000,415.96553292624856,8
2024-09-16 13:07:12.777000,415.9704044953396,15
2024-09-16 13:07:12.945000,415.9971798407885,5
2024-09-16 13:07:13.033000,415.9980654249474,1001
2024-09-16 13:07:13.112000,415.9428413460657,95
2024-09-16 13:07:13.112000,415.9412728471672,96
2024-09-16 13:07:13.126000,415.9298362842853,98
2024-09-16 13:07:13.241000,415.9560587827271,14
2024-09-16 13:07:13.283000,415.9971590371281,1000
2024-09-16 13:07:13.292000,415.9187024331307,1004
2024-09-16 13:07:13.297000,415.9632064120933,104
2024-09-16 13:07:13.333000,415.9333218818884,9
2024-09-16 13:07:13.375000,415.93935539576574,13
2024-09-16 13:07:13.391000,415.8997588669232,99
2024-09-16 13:07:13.421000,415.9337934560368,1000
2024-09-16 13:07:13.423000,415.9571469583931,1002
2024-09-16 13:07:13.507000,415.95987054568,97
2024-09-16 13:07:13.520000,415.9590731293876,101
2024-09-16 13:07:13.545000,415.9478624481888,105
2024-09-16 13:07:13.555000,415.952603866953,5
2024-09-16 13:07:13.621000,415.92325891278296,103
2024-09-16 13:07:13.685000,415.9294578582623,95
2024-09-16 13:07:13.743000,415.9902235763275,7
2024-09-16 13:07:13.762000,415.9355674954962,13
2024-09-16 13:07:13.770000,415.9167875674316,9
2024-09-16 13:07:13.778000,415.9209725755418,13
2024-09-16 13:07:13.809000,415.9741887114608,95
2024-09-16 13:07:13.811000,415.9858752622936,11
2024-09-16 13:07:13.832000,415.91820226095535,998
2024-09-16 13:07:13.862000,415.9553329184304,100
2024-09-16 13:07:13.891000,415.9452151530079,100
2024-09-16 13:07:14.216000,415.8997568200849,999
2024-09-16 13:07:14.263000,415.8970594936812,5
2024-09-16 13:07:14.324000,415.8976740366817,1003
2024-09-16 13:07:14.621000,415.9075149706736,6
2024-09-16 13:07:14.698000,415.899941370715,9
2024-09-16 13:07:14.710000,415.90014250797446,95
2024-09-16 13:07:14.852000,415.89622928376025,1001
2024-09-16 13:07:15.155000,415.76960577572106,96
2024-09-16 13:07:15.224000,415.85625249926505,103
2024-09-16 13:07:15.231000,415.85547823080685,10
2024-09-16 13:07:15.259000,415.7581852853253,99
2024-09-16 13:07:15.267000,415.7828321152599,995
2024-09-16 13:07:15.279000,415.8366339792952,12
2024-09-16 13:07:15.283000,415.8765903987805,96
2024-09-16 13:07:15.288000,415.8838764060366,14
2024-09-16 13:07:15.305000,415.8618539232865,7
2024-09-16 13:07:15.360000,415.8619255952581,10
2024-09-16 13:07:15.373000,415.87528416719056,95
2024-09-16 13:07:15.395000,415.8406610964358,6
2024-09-16 13:07:15.421000,415.8608874677464,7
2024-09-16 13:07:15.547000,415.8518671315689,1005
2024-09-16 13:07:15.611000,415.85579502791217,13
2024-09-16 13:07:15.612000,415.8136122539808,105
2024-09-16 13:07:15.647000,415.9022718540512,1000
2024-09-16 13:07:15.647000,415.8369578205336,1000
2024-09-16 13:07:15.667000,415.7504073533243,8
2024-09-16 13:07:15.718000,415.8023129280936,99
2024-09-16 13:07:15.720000,415.8693061168507,995
2024-09-16 13:07:15.728000,415.8590151103368,1000
2024-09-16 13:07:15.755000,415.84539637967214,9
2024-09-16 13:07:15.819000,415.7468685710609,12
2024-09-16 13:07:15.828000,415.8150265578645,95
2024-09-16 13:07:15.855000,415.7702057403813,6
2024-09-16 13:07:15.865000,415.8712406592155,996
2024-09-16 13:07:16.003000,415.7640847462144,5
2024-09-16 13:07:16.005000,415.754463974371,103
2024-09-16 13:07:16.018000,415.78772617328855,1004
2024-09-16 13:07:16.027000,415.7921468723195,5
2024-09-16 13:07:16.074000,415.7697072932713,103
2024-09-16 13:07:16.126000,415.7763356225509,96
2024-09-16 13:07:16.136000,415.75173175315314,102
2024-09-16 13:07:16.166000,415.7813993675668,1003
2024-09-16 13:07:16.188000,415.757957210285,1005
2024-09-16 13:07:16.202000,415.7646129002589,1001
2024-09-16 13:07:16.217000,415.76514694730514,1004
2024-09-16 13:07:16.217000,415.7812169667648,102
2024-09-16 13:07:16.227000,415.7767324341898,997
2024-09-16 13:07:16.229000,415.78249104323066,1001
2024-09-16 13:07:16.230000,415.77935898918616,95
2024-09-16 13:07:16.238000,415.7900228202354,96
2024-09-16 13:07:16.272000,415.76348680004986,7
2024-09-16 13:07:16.390000,415.7798476093221,6
2024-09-16 13:07:16.489000,415.7840010923407,15
2024-09-16 13:07:16.525000,415.7797513110112,8
2024-09-16 13:07:16.538000,415.7849038961764,101
2024-09-16 13:07:16.560000,415.7998473314413,995
2024-09-16 13:07:16.733000,415.748534606755,101
2024-09-16 13:07:16.774000,415.7545217425137,104
2024-09-16 13:07:16.837000,415.7541327269278,1002
2024-09-16 13:07:16.912000,415.7566773088896,5
2024-09-16 13:07:16.944000,415.7762831891345,13
2024-09-16 13:07:16.970000,415.79396067936216,11
2024-09-16 13:07:18.523000,415.7963842686058,1000
2024-09-16 13:07:19.009000,415.8749895064301,1004
2024-09-16 13:07:19.118000,415.8746657554928,11
2024-09-16 13:07:19.126000,415.8912868659967,13
2024-09-16 13:07:19.134000,415.87132654384783,998
2024-09-16 13:07:19.207000,415.9281022589291,1002
2024-09-16 13:07:19.211000,415.8922894557089,14
2024-09-16 13:07:19.236000,415.9251529230854,9
2024-09-16 13:07:19.250000,415.8907969285008,998
2024-09-16 13:07:19.303000,415.9570228708957,14
2024-09-16 13:07:19.308000,415.8335511160758,15
2024-09-16 13:07:19.347000,415.81893995614,1004
2024-09-16 13:07:19.375000,415.9386376619824,12
2024-09-16 13:07:19.433000,415.9034191678928,1004
2024-09-16 13:07:19.442000,415.93919587244,97
2024-09-16 13:07:19.488000,415.8847870159981,101
2024-09-16 13:07:19.512000,415.86249564625047,102
2024-09-16 13:07:19.580000,415.8907268240597,12
2024-09-16 13:07:19.615000,415.8784798014188,6
2024-09-16 13:07:19.623000,415.8848393204433,99
2024-09-16 13:07:19.686000,415.8852748457981,14
2024-09-16 13:07:19.691000,415.914078537458,96
2024-09-16 13:07:19.716000,415.9143127016687,1000
2024-09-16 13:07:19.745000,415.9289626616157,100
2024-09-16 13:07:19.747000,415.8754705561733,1003
2024-09-16 13:07:19.815000,415.9443550437242,103
2024-09-16 13:07:19.866000,415.9013604150679,102
2024-09-16 13:07:19.936000,415.88548451321975,95
2024-09-16 13:07:19.949000,415.86281784464506,10
2024-09-16 13:07:19.964000,415.9084533707057,1000
2024-09-16 13:07:20.072000,415.9161993029418,1004
2024-09-16 13:07:20.211000,415.9128796720249,102
2024-09-16 13:07:20.234000,415.90369911850297,996
2024-09-16 13:07:20.244000,415.898493773012,1002
2024-09-16 13:07:20.444000,415.9053062304936,100
2024-09-16 13:07:20.456000,415.860156713539,102
2024-09-16 13:07:20.516000,415.8559216499691,95
2024-09-16 13:07:20.565000,415.91005331104816,5
2024-09-16 13:07:20.580000,415.9070750412789,95
2024-09-16 13:07:20.610000,415.8621513466695,104
2024-09-16 13:07:20.611000,415.9060235982916,100
2024-09-16 13:07:20.613000,415.9033742024784,100
2024-09-16 13:07:21.003000,415.8925336234521,9
2024-09-16 13:07:21.005000,415.89253126065046,10
2024-09-16 13:07:21.019000,415.8835116534276,1001
2024-09-16 13:07:21.043000,415.87311231303335,99
2024-09-16 13:07:21.103000,415.8588620289738,11
2024-09-16 13:07:21.151000,415.90036250387095,999
2024-09-16 13:07:21.306000,415.8603127215033,998
2024-09-16 13:07:21.313000,415.91132778006937,996
2024-09-16 13:07:21.313000,415.89318165221954,1001
2024-09-16 13:07:21.384000,415.8835427257928,5
2024-09-16 13:07:21.466000,415.9025880343096,8
2024-09-16 13:07:21.577000,415.8584479390405,1003
2024-09-16 13:07:21.630000,415.8684558556387,98
2024-09-16 13:07:21.632000,415.9104534796271,8
2024-09-16 13:07:21.775000,415.8705950617143,1003
2024-09-16 13:07:21.833000,415.8398685111917,11
2024-09-16 13:07:21.839000,415.8474518653481,104
2024-09-16 13:07:21.850000,415.9036828412778,12
2024-09-16 13:07:21.883000,415.83402090809625,98
2024-09-16 13:07:22.004000,415.8665768165757,1000
2024-09-16 13:07:22.004000,415.8718542194943,998
2024-09-16 13:07:22.035000,415.8405280511278,12
2024-09-16 13:07:22.059000,415.8604185637168,96
2024-09-16 13:07:22.075000,415.8534382324238,1001
2024-09-16 13:07:22.085000,415.82962546466393,99
2024-09-16 13:07:22.124000,415.8615038398055,9
2024-09-16 13:07:22.125000,415.8994585194579,1004
2024-09-16 13:07:22.346000,415.8576158910581,1002
2024-09-16 13:07:22.374000,415.8997476903957,14
2024-09-16 13:07:22.381000,415.8905018668244,98
2024-09-16 13:07:22.423000,415.86373160091847,998
2024-09-16 13:07:22.443000,415.8519742632958,11
2024-09-16 13:07:22.538000,415.84724958610445,102
2024-09-16 13:07:22.550000,415.8376658550798,998
2024-09-16 13:07:22.575000,415.8538748019444,11
2024-09-16 13:07:22.620000,415.8668061029232,1004
2024-09-16 13:07:22.695000,415.84860061249015,1005
2024-09-16 13:07:22.723000,415.8611853670575,998
2024-09-16 13:07:22.739000,415.8823804663302,11
2024-09-16 13:07:22.792000,415.8858208748203,95
2024-09-16 13:07:22.845000,415.83211490454806,1001
2024-09-16 13:07:22.845000,415.8480959823533,996
2024-09-16 13:07:22.897000,415.89506163617233,1002
2024-09-16 13:07:22.910000,415.8450272472461,997
2024-09-16 13:07:22.922000,415.9055184249104,12
2024-09-16 13:07:23.079000,415.86684850456686,998
2024-09-16 13:07:23.129000,415.8509577210568,11
2024-09-16 13:07:23.137000,415.8616390815784,95
2024-09-16 13:07:23.249000,415.85422309739886,97
2024-09-16 13:07:23.287000,415.8827829644754,1004
2024-09-16 13:07:23.345000,415.8726702816978,7
2024-09-16 13:07:23.349000,415.85881255091147,104
2024-09-16 13:07:23.366000,415.8598484874459,5
2024-09-16 13:07:23.458000,415.83442217212576,98
2024-09-16 13:07:23.493000,415.8595466550816,104
2024-09-16 13:07:23.493000,415.844880969146,1003
2024-09-16 13:07:23.598000,415.84816987898097,998
2024-09-16 13:07:23.787000,415.880443369932,997
2024-09-16 13:07:23.951000,415.8849011581617,1004
2024-09-16 13:07:23.957000,415.8619565347691,6
2024-09-16 13:07:23.967000,415.88692945744725,102
2024-09-16 13:07:23.994000,415.8677730815506,995
2024-09-16 13:07:24.118000,415.8377663930869,13
2024-09-16 13:07:24.191000,415.8099815655671,6
2024-09-16 13:07:24.419000,415.8464458884706,5
2024-09-16 13:07:24.575000,415.82017957454406,105
2024-09-16 13:07:24.853000,415.82237172343815,15
2024-09-16 13:07:24.855000,415.8395505873696,999
2024-09-16 13:07:24.915000,415.8455772663005,1005
2024-09-16 13:07:24.978000,415.8217405718081,6
2024-09-16 13:07:25.089000,415.8113523010749,95
2024-09-16 13:07:25.100000,415.8964260805273,10
2024-09-16 13:07:25.101000,415.8781253575829,7
2024-09-16 13:07:25.171000,415.8938191472566,13
2024-09-16 13:07:25.173000,415.90930170299407,12
2024-09-16 13:07:25.233000,415.9090068424667,999
2024-09-16 13:07:25.234000,415.81619657756414,15
2024-09-16 13:07:25.290000,415.8924580155978,103
2024-09-16 13:07:25.314000,415.8605223693471,8
2024-09-16 13:07:25.373000,415.84694530565247,998
2024-09-16 13:07:25.404000,415.827236621688,15
2024-09-16 13:07:25.500000,415.8232445801291,95
2024-09-16 13:07:25.530000,415.82062426012754,95
2024-09-16 13:07:25.572000,415.8279457385132,104
2024-09-16 13:07:25.593000,415.8491586797877,105
2024-09-16 13:07:25.648000,415.8700050899239,99
2024-09-16 13:07:25.648000,415.83016516059473,95
2024-09-16 13:07:25.678000,415.8843001407834,996
2024-09-16 13:07:25.684000,415.84363271459983,102
2024-09-16 13:07:25.698000,415.9062097108359,100
2024-09-16 13:07:25.743000,415.8366379195117,96
2024-09-16 13:07:25.779000,415.85412893670895,1001
2024-09-16 13:07:25.907000,415.8981381810627,99
2024-09-16 13:07:25.940000,415.8631307709409,1005
2024-09-16 13:07:26.039000,415.8912693176727,998
2024-09-16 13:07:26.336000,415.8775500215037,13
2024-09-16 13:07:26.339000,415.86783836344034,15
2024-09-16 13:07:26.385000,415.8841820858668,11
2024-09-16 13:07:26.448000,415.8996311871597,105
2024-09-16 13:07:26.707000,415.87369817434086,999
2024-09-16 13:07:26.761000,415.8802824405116,1002
2024-09-16 13:07:26.916000,415.8865406435582,998
2024-09-16 13:07:27.033000,415.8796800698511,1003
2024-09-16 13:07:27.065000,415.88075930033057,1000
2024-09-16 13:07:27.155000,415.8940415026504,995
2024-09-16 13:07:27.171000,415.88816110399375,10
2024-09-16 13:07:27.201000,415.8661709992554,1003
2024-09-16 13:07:27.219000,415.89866955409167,96
2024-09-16 13:07:27.258000,415.8725628653229,8
2024-09-16 13:07:27.335000,415.8670543463273,14
2024-09-16 13:07:27.341000,415.8865618621197,1005
2024-09-16 13:07:27.346000,415.89507365094704,6
2024-09-16 13:07:27.364000,415.874053080748,103
2024-09-16 13:07:27.365000,415.8876928429932,100
2024-09-16 13:07:27.419000,415.9012712004659,11
2024-09-16 13:07:27.436000,415.8829137757761,1005
2024-09-16 13:07:27.601000,415.890106002505,1002
2024-09-16 13:07:27.746000,415.90708721518513,999
2024-09-16 13:07:27.759000,415.9073358446745,11
2024-09-16 13:07:27.813000,415.911675189879,97
2024-09-16 13:07:27.842000,415.86663466059207,999
2024-09-16 13:07:27.908000,415.86752300137766,998
2024-09-16 13:07:27.928000,415.8836670966918,996
2024-09-16 13:07:27.934000,415.9188463627272,12
2024-09-16 13:07:27.949000,415.9194853484019,996
2024-09-16 13:07:28.077000,415.9017925404141,13
2024-09-16 13:07:28.081000,415.9362389216032,1001
2024-09-16 13:07:28.102000,415.90344199963874,11
2024-09-16 13:07:28.202000,415.88988604660057,13
2024-09-16 13:07:28.209000,415.8939497520345,105
2024-09-16 13:07:28.402000,415.88206022573246,1002
2024-09-16 13:07:28.405000,415.9064060630586,96
2024-09-16 13:07:28.414000,415.9045105735573,10
2024-09-16 13:07:28.433000,415.8942370042848,14
2024-09-16 13:07:28.458000,415.9066272075471,6
2024-09-16 13:07:28.532000,415.88944253026153,1005
2024-09-16 13:07:28.580000,415.918556153254,97
2024-09-16 13:07:28.593000,415.9000000100982,1000
2024-09-16 13:07:28.625000,415.9090416974026,7
2024-09-16 13:07:28.633000,415.89269352150575,96
2024-09-16 13:07:28.671000,415.8894027875247,102
2024-09-16 13:07:28.718000,415.92194711753285,12
2024-09-16 13:07:28.753000,415.88666635771534,998
2024-09-16 13:07:28.765000,415.88794242246,996
2024-09-16 13:07:28.775000,415.8915616567159,1001
2024-09-16 13:07:28.802000,415.9396074563224,14
2024-09-16 13:07:28.959000,415.90346918991,11
2024-09-16 13:07:28.966000,415.9032504674455,104
2024-09-16 13:07:29.275000,415.9033975623266,1000
2024-09-16 13:07:29.322000,415.90895696129655,103
2024-09-16 13:07:29.805000,415.9077646877076,1000
2024-09-16 13:07:30.036000,415.91433445032993,7
2024-09-16 13:07:30.164000,415.91531237311847,997
2024-09-16 13:07:30.522000,415.9113399416253,102
2024-09-16 13:07:30.937000,415.9033636797873,1004
2024-09-16 13:07:31.483000,415.9392436912677,995
2024-09-16 13:07:31.716000,415.9428973181666,100
2024-09-16 13:07:31.807000,415.92805312417465,96
2024-09-16 13:07:32.211000,415.9631503579492,1003
2024-09-16 13:07:32.231000,416.00979494831154,1000
2024-09-16 13:07:32.260000,416.0167757686105,7
2024-09-16 13:07:32.345000,416.00998686764666,9
2024-09-16 13:07:32.496000,416.02080322806165,8
2024-09-16 13:07:32.613000,416.0102870557949,102
2024-09-16 13:07:32.650000,415.9683364605489,1004
2024-09-16 13:07:32.677000,415.9902000139209,1001
2024-09-16 13:07:32.805000,415.9626833040547,97
2024-09-16 13:07:32.809000,416.011211382602,1002
2024-09-16 13:07:32.892000,415.9487627425342,105
2024-09-16 13:07:32.907000,415.996800634404,6
2024-09-16 13:07:33.053000,415.9658387353094,6
2024-09-16 13:07:33.076000,415.96302756223696,14
2024-09-16 13:07:33.167000,415.9645476116698,8
2024-09-16 13:07:33.219000,416.0070305414201,12
2024-09-16 13:07:33.233000,416.0234797265354,99
2024-09-16 13:07:33.259000,416.0126223241074,11
2024-09-16 13:07:33.265000,415.9872553938922,996
2024-09-16 13:07:33.339000,415.9706569740389,1002
2024-09-16 13:07:33.345000,415.9765825479819,104
2024-09-16 13:07:33.428000,415.97937344359286,5
2024-09-16 13:07:33.439000,415.99058213123874,6
2024-09-16 13:07:33.458000,416.0044313556704,996
2024-09-16 13:07:33.502000,415.9728265834125,1004
2024-09-16 13:07:33.528000,415.9769220501128,99
2024-09-16 13:07:33.568000,415.9719239551133,98
2024-09-16 13:07:33.629000,415.9737694982737,1001
2024-09-16 13:07:33.643000,415.9936186419378,103
2024-09-16 13:07:33.668000,416.0132965760919,1004
2024-09-16 13:07:33.725000,415.9837034175035,998
2024-09-16 13:07:33.728000,415.97395784252063,12
2024-09-16 13:07:33.841000,415.98709892717966,5
2024-09-16 13:07:33.877000,415.9557261662538,1003
2024-09-16 13:07:33.906000,415.9971732557257,1002
2024-09-16 13:07:33.915000,415.9569739782996,99
2024-09-16 13:07:34.013000,415.9905983044273,97
2024-09-16 13:07:34.034000,415.97262169594137,5
2024-09-16 13:07:34.054000,415.9479344849007,1005
2024-09-16 13:07:34.246000,415.96947043486745,999
2024-09-16 13:07:34.254000,415.972242050711,97
2024-09-16 13:07:34.355000,415.976574784865,1000
2024-09-16 13:07:34.370000,415.9545843281302,15
2024-09-16 13:07:34.630000,415.9623062314144,996
2024-09-16 13:07:34.853000,415.9310190770808,1005
2024-09-16 13:07:34.894000,415.94553498257113,998
2024-09-16 13:07:34.914000,415.9429695252293,14
2024-09-16 13:07:34.929000,415.9895510418928,7
2024-09-16 13:07:35.095000,416.0170951632181,97
2024-09-16 13:07:35.162000,415.9648623080817,97
2024-09-16 13:07:35.243000,416.00164783068345,103
2024-09-16 13:07:35.279000,416.01790593619785,8
2024-09-16 13:07:35.280000,416.0111748020077,9
2024-09-16 13:07:35.296000,415.9926892967243,1001
2024-09-16 13:07:35.319000,416.0128699860262,13
2024-09-16 13:07:35.371000,416.02447526260096,100
2024-09-16 13:07:35.434000,416.01663984938097,102
2024-09-16 13:07:35.518000,415.954213434152,8
2024-09-16 13:07:35.547000,415.9663961616946,96
2024-09-16 13:07:35.579000,416.0051227186773,9
2024-09-16 13:07:35.642000,415.9773533237423,1002
2024-09-16 13:07:35.660000,416.0083541739925,12
2024-09-16 13:07:35.663000,416.0013158504119,1001
2024-09-16 13:07:35.793000,415.99456156774295,97
2024-09-16 13:07:35.936000,415.98703791812113,97
2024-09-16 13:07:36.018000,416.00582404796455,97
2024-09-16 13:07:36.052000,415.9721945719508,101
2024-09-16 13:07:36.092000,416.03426172609954,1000
2024-09-16 13:07:36.133000,416.05890803656894,102
2024-09-16 13:07:36.142000,416.01625218528153,996
2024-09-16 13:07:36.161000,416.0392494544226,7
2024-09-16 13:07:36.174000,416.0081603402097,1005
2024-09-16 13:07:36.337000,416.03423510531593,998
2024-09-16 13:07:36.447000,416.0252979972566,96
2024-09-16 13:07:36.448000,416.03528378089067,11
2024-09-16 13:07:36.548000,416.0378710581013,1005
2024-09-16 13:07:36.564000,415.9879312149829,98
2024-09-16 13:07:36.638000,416.0401585320137,14
2024-09-16 13:07:36.669000,416.0212594763698,95
2024-09-16 13:07:36.673000,415.9970120856054,997
2024-09-16 13:07:36.736000,416.0241142393905,104
2024-09-16 13:07:36.760000,416.05653150621794,8
2024-09-16 13:07:36.763000,416.0206558429352,999
2024-09-16 13:07:36.765000,416.003665897736,95
2024-09-16 13:07:36.846000,415.98027430570704,8
2024-09-16 13:07:36.859000,416.01062287136233,9
2024-09-16 13:07:36.880000,416.036227701484,95
2024-09-16 13:07:36.893000,416.0373376814283,11
2024-09-16 13:07:36.902000,416.01398908102937,105
2024-09-16 13:07:36.933000,416.0009862966632,5
2024-09-16 13:07:36.954000,416.0316777847253,1005
2024-09-16 13:07:36.976000,416.02092913384354,1000
2024-09-16 13:07:36.980000,416.0250665359299,1005
2024-09-16 13:07:37,415.9511097949155,5
2024-09-16 13:07:37.005000,415.94446956611137,1001
2024-09-16 13:07:37.044000,415.92044111480806,104
2024-09-16 13:07:37.072000,415.8832567627963,8
2024-09-16 13:07:37.083000,415.9339746201822,12
2024-09-16 13:07:37.232000,415.8669400790674,11
2024-09-16 13:07:37.309000,415.8848252266951,102
2024-09-16 13:07:37.353000,415.9325713410044,103
2024-09-16 13:07:37.353000,415.93505371756646,11
2024-09-16 13:07:37.400000,415.8707696091584,102
2024-09-16 13:07:37.444000,415.91264959605206,101
2024-09-16 13:07:37.597000,415.93922789366746,14
2024-09-16 13:07:37.613000,415.93947393186977,1001
2024-09-16 13:07:37.624000,415.9684504860808,104
2024-09-16 13:07:37.637000,415.8615728173328,1001
2024-09-16 13:07:37.666000,415.954501662961,1003
2024-09-16 13:07:37.671000,415.871282275764,99
2024-09-16 13:07:37.718000,415.95140260363024,6
2024-09-16 13:07:37.765000,415.9234687504756,101
2024-09-16 13:07:37.766000,415.9516008945456,1003
2024-09-16 13:07:37.802000,415.9499986064089,105
2024-09-16 13:07:37.802000,415.8893650316708,995
2024-09-16 13:07:37.824000,415.8831950892912,13
2024-09-16 13:07:37.845000,415.9120951070543,105
2024-09-16 13:07:37.890000,415.95587190115606,102
2024-09-16 13:07:37.954000,415.888402140308,998
2024-09-16 13:07:38.020000,415.8995207761977,98
2024-09-16 13:07:38.087000,415.9545779751216,8
2024-09-16 13:07:38.140000,415.8745689714593,9
2024-09-16 13:07:38.171000,415.9825289832538,1003
2024-09-16 13:07:38.172000,415.8840395014409,5
2024-09-16 13:07:38.187000,415.8712740183559,998
2024-09-16 13:07:38.235000,415.8553725967863,8
2024-09-16 13:07:38.260000,415.9308164232549,996
2024-09-16 13:07:38.273000,415.89180436455536,100
2024-09-16 13:07:38.333000,415.94216912644623,98
2024-09-16 13:07:38.423000,415.91003730788094,997
2024-09-16 13:07:38.466000,415.8683500257348,997
2024-09-16 13:07:38.545000,415.9643673211882,1003
2024-09-16 13:07:38.568000,415.8764672638083,7
2024-09-16 13:07:38.593000,415.96055801810206,1004
2024-09-16 13:07:38.640000,415.88155060038713,8
2024-09-16 13:07:38.742000,415.8951443812978,8
2024-09-16 13:07:38.745000,415.9917767264537,1000
2024-09-16 13:07:38.756000,415.9912312393192,1000
2024-09-16 13:07:38.765000,415.8714108453229,8
2024-09-16 13:07:38.875000,415.9590472486475,15
2024-09-16 13:07:38.914000,415.9998706385147,105
2024-09-16 13:07:38.994000,415.9936138313433,96
2024-09-16 13:07:39.729000,415.9944579108188,9
2024-09-16 13:07:40.312000,415.999912072861,8
2024-09-16 13:07:40.350000,415.9480102694522,1004
2024-09-16 13:07:40.372000,415.9653916457352,8
2024-09-16 13:07:40.389000,415.98343997563126,1000
2024-09-16 13:07:40.529000,415.9799192289631,9
2024-09-16 13:07:40.552000,415.9572450675452,8
2024-09-16 13:07:40.610000,415.980367725413,10
2024-09-16 13:07:40.668000,415.947030917118,995
2024-09-16 13:07:40.668000,415.9717054117235,14
2024-09-16 13:07:40.721000,415.95114232560144,998
2024-09-16 13:07:40.722000,415.9664117643728,10
2024-09-16 13:07:40.728000,415.9595632982596,13
2024-09-16 13:07:40.730000,415.9604984386832,14
2024-09-16 13:07:40.843000,415.969646340136,100
2024-09-16 13:07:42.015000,415.8998816928255,7
2024-09-16 13:07:42.065000,415.9370382956986,101
2024-09-16 13:07:42.102000,415.8938496633784,1005
2024-09-16 13:07:42.105000,415.91386534342615,995
2024-09-16 13:07:42.119000,415.9100382937132,1002
2024-09-16 13:07:42.145000,415.9263600816854,998
2024-09-16 13:07:42.178000,415.9397311103798,99
2024-09-16 13:07:42.206000,415.8854982629392,105
2024-09-16 13:07:42.262000,415.9026628348644,1005
2024-09-16 13:07:42.369000,415.917146883986,7
2024-09-16 13:07:42.383000,415.95957911538767,8
2024-09-16 13:07:42.466000,415.93921762208566,13
2024-09-16 13:07:42.482000,415.93038527013647,103
2024-09-16 13:07:42.494000,415.9402452247383,996
2024-09-16 13:07:42.567000,415.9068236214344,995
2024-09-16 13:07:42.570000,415.90029566871686,98
2024-09-16 13:07:42.678000,415.93251971658833,1003
2024-09-16 13:07:42.697000,415.944385241605,6
2024-09-16 13:07:42.720000,415.94825703736666,12
2024-09-16 13:07:42.826000,415.91593138512457,1003
2024-09-16 13:07:42.842000,415.9409685299203,102
2024-09-16 13:07:42.910000,415.97199695943937,99
2024-09-16 13:07:42.944000,415.8912243739501,105
2024-09-16 13:07:42.954000,415.9176020088488,1002
2024-09-16 13:07:42.984000,415.9664679180647,5
2024-09-16 13:07:43.158000,415.9128665394773,102
2024-09-16 13:07:43.170000,415.8444096251868,1001
2024-09-16 13:07:43.197000,415.896737482068,99
2024-09-16 13:07:43.233000,415.908526761074,7
2024-09-16 13:07:43.313000,415.8976648976119,104
2024-09-16 13:07:43.331000,415.9100073401225,15
2024-09-16 13:07:43.380000,415.8384834591058,1001
2024-09-16 13:07:43.427000,415.8380286265,104
2024-09-16 13:07:43.467000,415.89859326082006,1005
2024-09-16 13:07:43.484000,415.8592006024326,12
2024-09-16 13:07:43.516000,415.84740816279947,104
2024-09-16 13:07:43.518000,415.8977143313598,1004
2024-09-16 13:07:43.578000,415.90512159706367,15
2024-09-16 13:07:43.594000,415.904212051334,14
2024-09-16 13:07:43.735000,415.887643548997,998
2024-09-16 13:07:43.785000,415.8980169161962,11
2024-09-16 13:07:43.984000,415.8593074121511,102
2024-09-16 13:07:43.988000,415.8338506099381,7
2024-09-16 13:07:44.204000,415.7940219951881,105
2024-09-16 13:07:44.377000,415.811515862277,97
2024-09-16 13:07:44.453000,415.8115262730728,995
2024-09-16 13:07:44.477000,415.8194360985039,997
2024-09-16 13:07:44.505000,415.8430806200658,103
2024-09-16 13:07:44.627000,415.8254906172161,104
2024-09-16 13:07:44.728000,415.8083541943455,101
2024-09-16 13:07:45.039000,415.8138064658178,1003
2024-09-16 13:07:45.125000,415.80419869674,5
2024-09-16 13:07:45.131000,415.8461516158165,1000
2024-09-16 13:07:45.288000,415.8217952509276,100
2024-09-16 13:07:45.293000,415.87855550993874,100
2024-09-16 13:07:45.331000,415.8393825520728,5
2024-09-16 13:07:45.354000,415.8048865781777,998
2024-09-16 13:07:45.387000,415.849614395172,1004
2024-09-16 13:07:45.459000,415.8722655502104,1005
2024-09-16 13:07:45.508000,415.8772201636854,7
2024-09-16 13:07:45.575000,415.8280714080684,6
2024-09-16 13:07:45.582000,415.8341153979497,14
2024-09-16 13:07:45.597000,415.76771660672,995
2024-09-16 13:07:45.610000,415.84651689924783,12
2024-09-16 13:07:45.649000,415.8599913663893,14
2024-09-16 13:07:45.772000,415.84150601041085,101
2024-09-16 13:07:45.799000,415.84600701050056,6
2024-09-16 13:07:45.867000,415.7995694969673,105
2024-09-16 13:07:45.880000,415.7952961686768,995
2024-09-16 13:07:45.882000,415.8130428323715,6
2024-09-16 13:07:45.887000,415.78547875140384,996
2024-09-16 13:07:45.944000,415.8076304595524,105
2024-09-16 13:07:45.949000,415.872207092181,12
2024-09-16 13:07:45.979000,415.83159773983454,1002
2024-09-16 13:07:46.536000,415.8429321452563,12
2024-09-16 13:07:46.839000,415.8433560934256,8
2024-09-16 13:07:47.020000,415.8426594463678,101
2024-09-16 13:07:47.071000,415.8868416000119,1000
2024-09-16 13:07:47.083000,415.8601858000052,7
2024-09-16 13:07:47.090000,415.88867070379655,15
2024-09-16 13:07:47.144000,415.8424510039694,997
2024-09-16 13:07:47.147000,415.8959990332759,9
2024-09-16 13:07:47.213000,415.8193537454953,101
2024-09-16 13:07:47.263000,415.8368078855113,998
2024-09-16 13:07:47.352000,415.8958444026528,14
2024-09-16 13:07:47.370000,415.8419605655631,99
2024-09-16 13:07:47.563000,415.8934347555858,11
2024-09-16 13:07:47.583000,415.8873353445282,100
2024-09-16 13:07:47.600000,415.8185663184914,9
2024-09-16 13:07:47.684000,415.866745234777,99
2024-09-16 13:07:47.701000,415.87633694964615,1002
2024-09-16 13:07:47.714000,415.8387789877091,99
2024-09-16 13:07:47.723000,415.8376701834851,1004
2024-09-16 13:07:47.767000,415.9076406610733,995
2024-09-16 13:07:47.832000,415.8302959675723,1002
2024-09-16 13:07:47.847000,415.8478870378871,95
2024-09-16 13:07:47.879000,415.8258119382662,105
2024-09-16 13:07:47.956000,415.8289413059296,5
2024-09-16 13:07:47.997000,415.8053302688941,1005
2024-09-16 13:07:48.025000,415.7499823576288,9
2024-09-16 13:07:48.039000,415.7878773771488,997
2024-09-16 13:07:48.289000,415.75469417747007,1003
2024-09-16 13:07:48.323000,415.760594107373,97
2024-09-16 13:07:48.647000,415.7738123337404,105
2024-09-16 13:07:48.772000,415.7789973198533,13
2024-09-16 13:07:49.016000,415.6985169574851,99
2024-09-16 13:07:49.034000,415.6977425692088,6
2024-09-16 13:07:49.044000,415.7295510964397,99
2024-09-16 13:07:49.058000,415.70274469029215,1000
2024-09-16 13:07:49.104000,415.6866785982626,997
2024-09-16 13:07:49.113000,415.7089551099436,8
2024-09-16 13:07:49.153000,415.7169923910043,1005
2024-09-16 13:07:49.153000,415.7140451990281,104
2024-09-16 13:07:49.190000,415.7143454802929,10
2024-09-16 13:07:49.221000,415.7370396377949,95
2024-09-16 13:07:49.233000,415.7037287020685,7
2024-09-16 13:07:49.380000,415.76559145537465,104
2024-09-16 13:07:49.386000,415.7044069715796,95
2024-09-16 13:07:49.416000,415.6892556257018,97
2024-09-16 13:07:49.424000,415.72869973889175,10
2024-09-16 13:07:49.437000,415.7390466886072,11
2024-09-16 13:07:49.528000,415.69865513840347,11
2024-09-16 13:07:49.559000,415.7523267227464,7
2024-09-16 13:07:49.623000,415.7077321752749,999
2024-09-16 13:07:49.637000,415.6932448407957,9
2024-09-16 13:07:49.676000,415.7165722905329,11
2024-09-16 13:07:49.760000,415.7574492478741,11
2024-09-16 13:07:49.776000,415.7398044288697,1003
2024-09-16 13:07:49.824000,415.6861025243559,14
2024-09-16 13:07:49.825000,415.7288349893869,96
2024-09-16 13:07:49.835000,415.69738698117374,100
2024-09-16 13:07:49.864000,415.74491833338783,95
2024-09-16 13:07:49.995000,415.7131239197557,999
2024-09-16 13:07:50.015000,415.622659848681,5
2024-09-16 13:07:50.072000,415.6219018704065,13
2024-09-16 13:07:50.368000,415.6621577971076,1001
2024-09-16 13:07:50.375000,415.6307075768317,6
2024-09-16 13:07:50.491000,415.64237758439214,96
2024-09-16 13:07:50.552000,415.6945472716104,1003
2024-09-16 13:07:50.560000,415.6210190406287,105
2024-09-16 13:07:50.643000,415.64675021074135,12
2024-09-16 13:07:50.723000,415.6943893517183,996
2024-09-16 13:07:52.198000,415.686165284186,1003
2024-09-16 13:07:52.461000,415.67071080680256,5
2024-09-16 13:07:52.464000,415.64527338112754,999
2024-09-16 13:07:52.651000,415.64313398946064,10
2024-09-16 13:07:52.756000,415.630685977672,999
2024-09-16 13:07:52.764000,415.6807137403556,999
2024-09-16 13:07:52.915000,415.6854789952879,6
2024-09-16 13:07:52.955000,415.6461430033745,1004
2024-09-16 13:07:52.984000,415.6713165579307,9
2024-09-16 13:07:53.077000,415.69802933710673,12
2024-09-16 13:07:53.082000,415.7232292150294,104
2024-09-16 13:07:53.097000,415.6925323240321,6
2024-09-16 13:07:53.193000,415.70733586013154,999
2024-09-16 13:07:53.273000,415.6960097148079,105
2024-09-16 13:07:53.317000,415.7341460789031,1005
2024-09-16 13:07:53.363000,415.668106721016,1000
2024-09-16 13:07:53.476000,415.6649168700156,1005
2024-09-16 13:07:53.506000,415.731515010479,997
2024-09-16 13:07:53.549000,415.6867331085422,102
2024-09-16 13:07:53.585000,415.6711901073695,96
2024-09-16 13:07:53.655000,415.6627728372338,104
2024-09-16 13:07:53.703000,415.6914336883216,998
2024-09-16 13:07:53.709000,415.6769746414541,12
2024-09-16 13:07:53.718000,415.6861768297243,998
2024-09-16 13:07:53.794000,415.69566140209264,998
2024-09-16 13:07:53.802000,415.6934003793593,7
2024-09-16 13:07:53.834000,415.68504883576486,96
2024-09-16 13:07:53.914000,415.7160074900517,95
2024-09-16 13:07:54.086000,415.7189769187093,12
2024-09-16 13:07:54.198000,415.7168434090394,997
2024-09-16 13:07:54.369000,415.69660453839225,102
2024-09-16 13:07:54.567000,415.72256247366255,997
2024-09-16 13:07:54.596000,415.7425489589641,9
2024-09-16 13:07:54.824000,415.7171429471581,9
2024-09-16 13:07:54.850000,415.72458169399016,95
2024-09-16 13:07:54.852000,415.7433413248408,9
2024-09-16 13:07:55.007000,415.7097264188264,1000
2024-09-16 13:07:55.007000,415.79822037367575,99
2024-09-16 13:07:55.013000,415.7564822689984,13
2024-09-16 13:07:55.015000,415.7309493774594,99
2024-09-16 13:07:55.020000,415.7492189921509,13
2024-09-16 13:07:55.223000,415.78637447825287,1001
2024-09-16 13:07:55.263000,415.7271847264218,9
2024-09-16 13:07:55.273000,415.8417859595784,102
2024-09-16 13:07:55.334000,415.733279837219,11
2024-09-16 13:07:55.379000,415.8586755493647,1004
2024-09-16 13:07:55.396000,415.7287731870384,12
2024-09-16 13:07:55.468000,415.8400305109887,95
2024-09-16 13:07:55.501000,415.72718539258494,95
2024-09-16 13:07:55.542000,415.7633546827038,998
2024-09-16 13:07:55.562000,415.7963434462284,997
2024-09-16 13:07:55.641000,415.7204239667272,100
2024-09-16 13:07:55.676000,415.71864657461504,996
2024-09-16 13:07:55.699000,415.7369541522951,1001
2024-09-16 13:07:55.700000,415.716335154498,97
2024-09-16 13:07:55.739000,415.7480310689121,1002
2024-09-16 13:07:55.772000,415.7187737529361,98
2024-09-16 13:07:55.773000,415.7178218282645,1005
2024-09-16 13:07:55.794000,415.82361089643217,1001
2024-09-16 13:07:55.805000,415.7154694005152,998
2024-09-16 13:07:55.830000,415.7064779997967,13
2024-09-16 13:07:55.893000,415.7346449590094,996
2024-09-16 13:07:55.939000,415.7524990004243,14
2024-09-16 13:07:56.028000,415.8391511276129,1000
2024-09-16 13:07:56.046000,415.8144671144218,100
2024-09-16 13:07:56.235000,415.82935913033054,999
2024-09-16 13:07:56.246000,415.8110262920364,9
2024-09-16 13:07:56.266000,415.8553864798163,9
2024-09-16 13:07:56.512000,415.813258672425,5
2024-09-16 13:07:56.554000,415.8387474869858,96
2024-09-16 13:07:56.629000,415.80551600017935,96
2024-09-16 13:07:56.706000,415.8408530933037,1000
2024-09-16 13:07:56.853000,415.8230111157454,8
2024-09-16 13:07:56.856000,415.84282607339486,104
2024-09-16 13:07:56.911000,415.8546211279486,998
2024-09-16 13:07:56.923000,415.8196605342544,999
2024-09-16 13:07:56.925000,415.8413642677023,998
2024-09-16 13:07:57.116000,415.84302010777566,99
2024-09-16 13:07:57.245000,415.867921627602,11
2024-09-16 13:07:57.248000,415.84499536883993,5
2024-09-16 13:07:57.252000,415.8532230393765,95
2024-09-16 13:07:57.265000,415.87778803744266,6
2024-09-16 13:07:57.276000,415.8844169910542,998
2024-09-16 13:07:57.276000,415.8483105876352,100
2024-09-16 13:07:57.338000,415.8808801861337,996
2024-09-16 13:07:57.354000,415.868696039222,1001
2024-09-16 13:07:57.582000,415.8573056858357,12
2024-09-16 13:07:57.674000,415.8859498818185,99
2024-09-16 13:07:57.699000,415.8722032564633,10
2024-09-16 13:07:57.821000,415.8896910678516,100
2024-09-16 13:07:57.927000,415.8796351502903,15
2024-09-16 13:07:58.067000,415.8244187277974,101
2024-09-16 13:07:59.017000,415.8917918028576,999
2024-09-16 13:07:59.038000,415.9445650195509,11
2024-09-16 13:07:59.064000,416.01633958051,14
2024-09-16 13:07:59.066000,415.8295995687433,13
2024-09-16 13:07:59.149000,415.8788220550937,11
2024-09-16 13:07:59.153000,415.89482540791175,11
2024-09-16 13:07:59.185000,415.959415823704,996
2024-09-16 13:07:59.186000,415.89649917307526,97
2024-09-16 13:07:59.265000,416.0265733631711,1005
2024-09-16 13:07:59.301000,415.93772074638576,997
2024-09-16 13:07:59.404000,416.0363577665421,9
2024-09-16 13:07:59.417000,415.8747248569422,8
2024-09-16 13:07:59.514000,415.91463762091865,1000
2024-09-16 13:07:59.546000,416.0234052473231,1004
2024-09-16 13:07:59.565000,415.88787343101154,102
2024-09-16 13:07:59.580000,415.8789017289034,995
2024-09-16 13:07:59.768000,415.8571684075875,5
2024-09-16 13:07:59.832000,415.8239537515363,13
2024-09-16 13:07:59.860000,415.9854266897293,15
2024-09-16 13:07:59.881000,415.9210040219708,101
2024-09-16 13:07:59.952000,416.0301148201616,7
2024-09-16 13:07:59.981000,416.01870096413296,1004
