Timestamp,Price,Size
2024-09-18 11:50:00.055000,415.8049460541965,1000
2024-09-18 11:50:00.056000,415.7802021990661,10
2024-09-18 11:50:00.111000,415.7455391998657,11
2024-09-18 11:50:00.114000,415.761444724619,97
2024-09-18 11:50:00.170000,415.751545457794,999
2024-09-18 11:50:00.174000,415.7442123206488,1004
2024-09-18 11:50:00.205000,415.7500843777016,13
2024-09-18 11:50:00.226000,415.73902429780566,97
2024-09-18 11:50:00.255000,415.76403227675934,103
2024-09-18 11:50:00.280000,415.76259714859214,998
2024-09-18 11:50:00.297000,415.7500579432503,9
2024-09-18 11:50:00.338000,415.74106688890186,1000
2024-09-18 11:50:00.353000,415.7888698658225,98
2024-09-18 11:50:00.404000,415.7406106807361,6
2024-09-18 11:50:00.442000,415.7460494637441,102
2024-09-18 11:50:00.521000,415.7560487177536,96
2024-09-18 11:50:00.526000,415.7710121670692,12
2024-09-18 11:50:00.556000,415.7783387468129,99
2024-09-18 11:50:00.576000,415.7503380530316,95
2024-09-18 11:50:00.652000,415.7507115517965,10
2024-09-18 11:50:00.751000,415.728848073384,1004
2024-09-18 11:50:00.786000,415.79426661007074,96
2024-09-18 11:50:00.808000,415.6912222321918,5
2024-09-18 11:50:00.880000,415.7291696150862,8
2024-09-18 11:50:00.885000,415.76391194558215,100
2024-09-18 11:50:00.965000,415.7715335030365,96
2024-09-18 11:50:01.147000,415.6716757545144,105
2024-09-18 11:50:01.488000,415.6839762800776,97
2024-09-18 11:50:01.530000,415.6680736012216,999
2024-09-18 11:50:01.641000,415.6864806800142,105
2024-09-18 11:50:01.926000,415.6806632414304,12
2024-09-18 11:50:02.010000,415.6938499972621,9
2024-09-18 11:50:02.106000,415.6793728043635,102
2024-09-18 11:50:02.204000,415.660555307515,8
2024-09-18 11:50:02.301000,415.653744286052,101
2024-09-18 11:50:02.308000,415.6650399952345,998
2024-09-18 11:50:02.384000,415.6445556606461,8
2024-09-18 11:50:02.399000,415.6289606444807,12
2024-09-18 11:50:02.400000,415.6952549664748,101
2024-09-18 11:50:02.401000,415.6519232783977,12
2024-09-18 11:50:02.460000,415.6658022549379,15
2024-09-18 11:50:02.527000,415.6786027454693,1005
2024-09-18 11:50:02.597000,415.6484585186445,995
2024-09-18 11:50:02.629000,415.6519785534225,1002
2024-09-18 11:50:02.649000,415.6500610812834,14
2024-09-18 11:50:02.683000,415.6863895510626,9
2024-09-18 11:50:02.687000,415.6740477486852,96
2024-09-18 11:50:02.843000,415.6712214270704,14
2024-09-18 11:50:02.865000,415.673658774853,6
2024-09-18 11:50:02.923000,415.6566527531809,95
2024-09-18 11:50:02.925000,415.6552430520742,11
2024-09-18 11:50:03.111000,415.62545272264606,5
2024-09-18 11:50:03.373000,415.65765455315744,8
2024-09-18 11:50:03.382000,415.6495313203304,1001
2024-09-18 11:50:03.393000,415.66460160279735,1005
2024-09-18 11:50:03.418000,415.6337483326462,997
2024-09-18 11:50:03.419000,415.6392302378216,15
2024-09-18 11:50:03.606000,415.6707832933498,5
2024-09-18 11:50:03.676000,415.656437433963,102
2024-09-18 11:50:03.777000,415.63383035080585,95
2024-09-18 11:50:03.902000,415.68128911314346,8
2024-09-18 11:50:03.913000,415.66758318898405,1002
2024-09-18 11:50:04.028000,415.6777668775601,104
2024-09-18 11:50:04.101000,415.6675445851283,105
2024-09-18 11:50:04.127000,415.7518606476556,14
2024-09-18 11:50:04.133000,415.6555568744328,1005
2024-09-18 11:50:04.202000,415.6905744470536,999
2024-09-18 11:50:04.230000,415.65607420722927,15
2024-09-18 11:50:04.241000,415.7855871662866,100
2024-09-18 11:50:04.303000,415.6614426692976,12
2024-09-18 11:50:04.342000,415.751097405567,102
2024-09-18 11:50:04.454000,415.7951915058999,998
2024-09-18 11:50:04.457000,415.637129652795,1005
2024-09-18 11:50:04.585000,415.637269671231,101
2024-09-18 11:50:04.646000,415.790061562399,1001
2024-09-18 11:50:04.729000,415.76487868742464,100
2024-09-18 11:50:04.773000,415.72828772014,7
2024-09-18 11:50:04.802000,415.7393404187932,998
2024-09-18 11:50:04.805000,415.6586224412665,97
2024-09-18 11:50:04.834000,415.7589182325139,9
2024-09-18 11:50:04.909000,415.7970471642221,8
2024-09-18 11:50:04.972000,415.7663093020794,1003
2024-09-18 11:50:04.976000,415.6542115275951,998
2024-09-18 11:50:05.442000,415.7779857881598,98
2024-09-18 11:50:05.455000,415.7825223541896,97
2024-09-18 11:50:05.755000,415.78101460420896,8
2024-09-18 11:50:07.006000,415.7466048858576,102
2024-09-18 11:50:07.056000,415.73836364757614,103
2024-09-18 11:50:07.072000,415.73427621167207,9
2024-09-18 11:50:07.079000,415.74154453346335,100
2024-09-18 11:50:07.095000,415.7107953575033,10
2024-09-18 11:50:07.109000,415.69864196857736,105
2024-09-18 11:50:07.153000,415.6937126831197,101
2024-09-18 11:50:07.202000,415.662706421436,14
2024-09-18 11:50:07.284000,415.7153126605014,7
2024-09-18 11:50:07.294000,415.6899523205767,1000
2024-09-18 11:50:07.295000,415.7255706451047,96
2024-09-18 11:50:07.430000,415.76764936556464,11
2024-09-18 11:50:07.442000,415.73191267840207,100
2024-09-18 11:50:07.466000,415.6810261905773,1001
2024-09-18 11:50:07.494000,415.67600363278206,998
2024-09-18 11:50:07.535000,415.6641488831801,1005
2024-09-18 11:50:07.626000,415.6882483812694,1004
2024-09-18 11:50:07.704000,415.676216842215,100
2024-09-18 11:50:07.754000,415.68608497090094,11
2024-09-18 11:50:07.782000,415.6938263343762,100
2024-09-18 11:50:07.841000,415.7167631036822,7
2024-09-18 11:50:07.870000,415.6934534353535,997
2024-09-18 11:50:08.134000,415.6774618138208,103
2024-09-18 11:50:08.180000,415.7088697276134,8
2024-09-18 11:50:08.270000,415.7227930629121,6
2024-09-18 11:50:08.271000,415.6881594584004,102
2024-09-18 11:50:08.325000,415.7027922922627,1005
2024-09-18 11:50:08.467000,415.6565351202103,98
2024-09-18 11:50:08.604000,415.6982273898838,1002
2024-09-18 11:50:08.938000,415.6566569366216,1001
2024-09-18 11:50:08.943000,415.6883111244154,98
2024-09-18 11:50:09.018000,415.7692444615242,998
2024-09-18 11:50:09.028000,415.7680437632142,998
2024-09-18 11:50:09.034000,415.7771748626228,6
2024-09-18 11:50:09.039000,415.71500414762943,5
2024-09-18 11:50:09.176000,415.7610790645592,1000
2024-09-18 11:50:09.269000,415.77758180275725,99
2024-09-18 11:50:09.286000,415.7800613736675,1003
2024-09-18 11:50:09.290000,415.7820105112481,1001
2024-09-18 11:50:09.322000,415.7728957613836,102
2024-09-18 11:50:09.324000,415.767029132042,13
2024-09-18 11:50:09.373000,415.75347725212174,105
2024-09-18 11:50:09.468000,415.7449718773424,95
2024-09-18 11:50:09.488000,415.7682633313457,97
2024-09-18 11:50:09.526000,415.7636720867752,8
2024-09-18 11:50:09.630000,415.7424674260897,14
2024-09-18 11:50:09.637000,415.7812165354691,996
2024-09-18 11:50:09.644000,415.7555030084624,100
2024-09-18 11:50:09.654000,415.71900666667983,104
2024-09-18 11:50:09.727000,415.7688019617472,1001
2024-09-18 11:50:09.836000,415.7787755939013,12
2024-09-18 11:50:09.870000,415.746598110799,103
2024-09-18 11:50:09.886000,415.7317179725322,1002
2024-09-18 11:50:09.918000,415.7645548990812,7
2024-09-18 11:50:09.994000,415.77735796232986,105
2024-09-18 11:50:10.046000,415.7341555618128,103
2024-09-18 11:50:10.105000,415.7278822363383,1002
2024-09-18 11:50:10.695000,415.7212977949123,104
2024-09-18 11:50:11.077000,415.6605301008393,9
2024-09-18 11:50:11.141000,415.6685712724135,13
2024-09-18 11:50:11.327000,415.6759564354834,999
2024-09-18 11:50:11.346000,415.6961550131426,15
2024-09-18 11:50:11.378000,415.6887805347231,11
2024-09-18 11:50:11.516000,415.7063254226185,1002
2024-09-18 11:50:11.518000,415.6608668783519,99
2024-09-18 11:50:11.527000,415.710363385845,104
2024-09-18 11:50:11.648000,415.717501554342,103
2024-09-18 11:50:11.694000,415.6618351530609,102
2024-09-18 11:50:11.862000,415.70414390957126,103
2024-09-18 11:50:11.915000,415.66540119393545,105
2024-09-18 11:50:12.009000,415.67111746065984,1000
2024-09-18 11:50:12.747000,415.6577674236824,998
2024-09-18 11:50:12.827000,415.66152357232767,1002
2024-09-18 11:50:13.026000,415.7668048121976,98
2024-09-18 11:50:13.067000,415.68345176372907,101
2024-09-18 11:50:13.080000,415.7149236025834,997
2024-09-18 11:50:13.107000,415.7098788474621,8
2024-09-18 11:50:13.112000,415.6983015770956,1001
2024-09-18 11:50:13.131000,415.6853951198696,999
2024-09-18 11:50:13.244000,415.7813838302632,5
2024-09-18 11:50:13.421000,415.7012798838889,1003
2024-09-18 11:50:13.511000,415.7548624574064,998
2024-09-18 11:50:13.531000,415.7339985349861,1005
2024-09-18 11:50:13.566000,415.6969334818881,15
2024-09-18 11:50:13.603000,415.7259609225056,99
2024-09-18 11:50:13.659000,415.6926564841497,1001
2024-09-18 11:50:13.743000,415.7667054056892,14
2024-09-18 11:50:13.990000,415.6829722465812,1000
2024-09-18 11:50:14.025000,415.7578464914518,5
2024-09-18 11:50:14.061000,415.7857394229643,995
2024-09-18 11:50:14.076000,415.7952406738696,996
2024-09-18 11:50:14.082000,415.7457054858934,5
2024-09-18 11:50:14.213000,415.7498119234104,96
2024-09-18 11:50:14.283000,415.7814625815933,104
2024-09-18 11:50:14.685000,415.7629992522599,99
2024-09-18 11:50:14.979000,415.7641820517335,9
2024-09-18 11:50:15.037000,415.7614049366104,104
2024-09-18 11:50:15.053000,415.78137813187766,15
2024-09-18 11:50:15.074000,415.7450209341143,10
2024-09-18 11:50:15.109000,415.8207051921915,998
2024-09-18 11:50:15.121000,415.7697504640327,10
2024-09-18 11:50:15.181000,415.7617553279186,13
2024-09-18 11:50:15.228000,415.776999981121,102
2024-09-18 11:50:15.331000,415.76549413088975,101
2024-09-18 11:50:15.374000,415.77097451982496,995
2024-09-18 11:50:15.463000,415.75853561260976,1002
2024-09-18 11:50:15.485000,415.7940711932901,1005
2024-09-18 11:50:15.521000,415.8002316702669,101
2024-09-18 11:50:15.541000,415.7785364625356,1002
2024-09-18 11:50:15.576000,415.7982879998635,97
2024-09-18 11:50:15.591000,415.7979775482352,995
2024-09-18 11:50:15.602000,415.7416970120816,9
2024-09-18 11:50:15.618000,415.7575578441828,15
2024-09-18 11:50:15.621000,415.7660869701479,998
2024-09-18 11:50:15.655000,415.802370070763,104
2024-09-18 11:50:15.658000,415.8071131356342,11
2024-09-18 11:50:15.690000,415.8121884218338,995
2024-09-18 11:50:15.738000,415.7896714462693,9
2024-09-18 11:50:15.745000,415.7881292923013,1005
2024-09-18 11:50:15.753000,415.7888029942965,1000
2024-09-18 11:50:15.761000,415.78431498379024,97
2024-09-18 11:50:15.800000,415.8301561148702,103
2024-09-18 11:50:15.804000,415.7795566695525,1000
2024-09-18 11:50:15.859000,415.7246596387024,105
2024-09-18 11:50:15.872000,415.79204376289033,6
2024-09-18 11:50:16.040000,415.81657775957177,1004
2024-09-18 11:50:16.572000,415.8370265541917,7
2024-09-18 11:50:16.742000,415.814522737841,12
2024-09-18 11:50:17.003000,415.8883393030516,13
2024-09-18 11:50:17.060000,415.8926012107793,11
2024-09-18 11:50:17.123000,415.8527787407939,1002
2024-09-18 11:50:17.219000,415.89057302732994,996
2024-09-18 11:50:17.257000,415.8359287846059,7
2024-09-18 11:50:17.276000,415.9093693796986,104
2024-09-18 11:50:17.292000,415.8401615369276,1005
2024-09-18 11:50:17.295000,415.8384263729404,6
2024-09-18 11:50:17.359000,415.8988001493756,1004
2024-09-18 11:50:17.447000,415.8667183976757,1004
2024-09-18 11:50:17.478000,415.89267534907816,11
2024-09-18 11:50:17.538000,415.9068862729597,101
2024-09-18 11:50:17.613000,415.90014939012417,96
2024-09-18 11:50:17.621000,415.908275762156,14
2024-09-18 11:50:17.686000,415.85078792676927,12
2024-09-18 11:50:17.710000,415.8596670610047,5
2024-09-18 11:50:17.772000,415.8699160069641,102
2024-09-18 11:50:17.774000,415.8820891019547,5
2024-09-18 11:50:17.783000,415.89154231219214,995
2024-09-18 11:50:17.837000,415.87486524232617,8
2024-09-18 11:50:17.855000,415.8883481563877,101
2024-09-18 11:50:17.891000,415.87540985977137,1005
2024-09-18 11:50:17.919000,415.83380696956056,13
2024-09-18 11:50:17.938000,415.8934637149173,97
2024-09-18 11:50:17.971000,415.87371857488193,9
2024-09-18 11:50:18.028000,415.9736795244984,12
2024-09-18 11:50:18.046000,415.9744394618313,14
2024-09-18 11:50:18.081000,415.9836453176538,8
2024-09-18 11:50:18.336000,415.96751447809953,99
2024-09-18 11:50:18.344000,415.9790820355912,996
2024-09-18 11:50:18.405000,415.943770880538,5
2024-09-18 11:50:18.435000,415.9098973937132,15
2024-09-18 11:50:18.489000,415.9750804359824,6
2024-09-18 11:50:18.503000,415.9550942605224,12
2024-09-18 11:50:18.519000,415.9682555272633,96
2024-09-18 11:50:18.553000,415.9533123658856,95
2024-09-18 11:50:18.554000,415.9605502475282,998
2024-09-18 11:50:18.736000,415.98822100127774,998
2024-09-18 11:50:18.760000,415.9400523186388,102
2024-09-18 11:50:18.764000,415.9792466754553,11
2024-09-18 11:50:18.857000,415.96343643616194,100
2024-09-18 11:50:18.863000,415.97433381741513,101
2024-09-18 11:50:18.922000,415.92018325113554,1002
2024-09-18 11:50:18.999000,415.91443237361904,101
2024-09-18 11:50:19.001000,415.97477323399255,13
2024-09-18 11:50:19.092000,415.9933991259191,10
2024-09-18 11:50:19.190000,415.94189515243545,8
2024-09-18 11:50:19.396000,415.9548843763265,998
2024-09-18 11:50:19.497000,415.9792512100058,997
2024-09-18 11:50:19.625000,415.96895423725954,104
2024-09-18 11:50:19.979000,415.9890277981253,15
2024-09-18 11:50:20.034000,415.911469448732,100
2024-09-18 11:50:20.045000,415.88182936431787,6
2024-09-18 11:50:20.046000,415.9097165787101,1001
2024-09-18 11:50:20.111000,415.8871811988013,997
2024-09-18 11:50:20.173000,415.89820957378623,996
2024-09-18 11:50:20.203000,415.889538889156,95
2024-09-18 11:50:20.212000,415.90955688616987,15
2024-09-18 11:50:20.308000,415.8923718046279,103
2024-09-18 11:50:20.315000,415.9080330283013,8
2024-09-18 11:50:20.340000,415.9716257412284,1003
2024-09-18 11:50:20.370000,415.8739260339148,5
2024-09-18 11:50:20.462000,415.8748480361072,105
2024-09-18 11:50:20.562000,415.97117157555584,104
2024-09-18 11:50:20.590000,415.9069119354063,6
2024-09-18 11:50:20.592000,415.9573115079294,103
2024-09-18 11:50:20.596000,415.86686985518185,14
2024-09-18 11:50:20.657000,415.8767758496507,10
2024-09-18 11:50:20.680000,415.8854201022104,7
2024-09-18 11:50:20.694000,415.8764500339827,1004
2024-09-18 11:50:20.726000,415.9118821922909,100
2024-09-18 11:50:20.834000,415.9441759659297,9
2024-09-18 11:50:20.876000,415.8804038305734,6
2024-09-18 11:50:20.902000,415.9498253772342,104
2024-09-18 11:50:20.924000,415.954846139201,9
2024-09-18 11:50:20.940000,415.89553144359024,101
2024-09-18 11:50:20.948000,415.8764503965418,12
2024-09-18 11:50:21.380000,415.9119167813407,999
2024-09-18 11:50:21.442000,415.9299306865351,102
2024-09-18 11:50:22.040000,415.9415143799859,995
2024-09-18 11:50:22.051000,415.9111559934721,998
2024-09-18 11:50:22.191000,415.90798882609454,999
2024-09-18 11:50:22.266000,415.9209343736528,11
2024-09-18 11:50:22.823000,415.9354202239755,1005
2024-09-18 11:50:22.888000,415.9532210379944,13
2024-09-18 11:50:22.947000,415.9145925127814,997
2024-09-18 11:50:23.148000,416.0379296648997,999
2024-09-18 11:50:23.255000,415.95632417498746,997
2024-09-18 11:50:23.259000,416.03470216860194,999
2024-09-18 11:50:23.320000,416.01551750180215,9
2024-09-18 11:50:23.437000,415.96778724327714,104
2024-09-18 11:50:23.529000,415.952893382679,95
2024-09-18 11:50:23.654000,416.0002347425595,95
2024-09-18 11:50:23.841000,416.0228039283255,11
2024-09-18 11:50:23.880000,415.9473802840139,1001
2024-09-18 11:50:24.002000,416.00409426762496,15
2024-09-18 11:50:24.068000,415.98635846155565,1003
2024-09-18 11:50:24.219000,415.97946458206906,996
2024-09-18 11:50:24.246000,415.9976695243848,15
2024-09-18 11:50:24.253000,416.003775119479,1005
2024-09-18 11:50:24.347000,415.9799496422289,10
2024-09-18 11:50:24.404000,415.9822535969399,997
2024-09-18 11:50:24.489000,415.9743306198623,1004
2024-09-18 11:50:24.622000,416.0014065122752,97
2024-09-18 11:50:24.654000,415.9925946618001,101
2024-09-18 11:50:24.679000,415.9865245558823,99
2024-09-18 11:50:24.688000,415.98173502838006,101
2024-09-18 11:50:24.754000,415.9848551936678,9
2024-09-18 11:50:24.776000,415.99299089549015,8
2024-09-18 11:50:24.814000,416.02384995892976,6
2024-09-18 11:50:24.848000,415.9735495834882,996
2024-09-18 11:50:24.850000,415.9786046566595,9
2024-09-18 11:50:24.876000,415.97820136206536,10
2024-09-18 11:50:24.923000,415.998441154718,1001
2024-09-18 11:50:24.931000,416.0038707717561,1003
2024-09-18 11:50:24.957000,415.966360939481,13
2024-09-18 11:50:24.957000,416.028893737616,998
2024-09-18 11:50:24.966000,416.00565078027273,96
2024-09-18 11:50:25.018000,415.9413426895154,8
2024-09-18 11:50:25.504000,415.9502657348324,12
2024-09-18 11:50:25.907000,415.9352073746087,997
2024-09-18 11:50:26.082000,415.9387273589302,13
2024-09-18 11:50:26.353000,415.919324602174,95
2024-09-18 11:50:26.473000,415.8781446463365,1001
2024-09-18 11:50:26.529000,415.91363651659447,10
2024-09-18 11:50:26.569000,415.8966199375248,96
2024-09-18 11:50:26.603000,415.8861251334138,995
2024-09-18 11:50:26.617000,415.8755623231532,15
2024-09-18 11:50:26.709000,415.9215442322808,998
2024-09-18 11:50:27.116000,415.8427548144946,996
2024-09-18 11:50:27.200000,415.8851775746144,95
2024-09-18 11:50:27.219000,415.8579092859776,1005
2024-09-18 11:50:27.444000,415.8437085834168,13
2024-09-18 11:50:27.706000,415.8842986327752,101
2024-09-18 11:50:27.785000,415.8620534323492,1003
2024-09-18 11:50:27.880000,415.8539253236125,997
2024-09-18 11:50:28.009000,415.89718935035467,98
2024-09-18 11:50:28.018000,415.8700855005589,105
2024-09-18 11:50:28.114000,415.86376217790064,13
2024-09-18 11:50:28.145000,415.88370396736167,11
2024-09-18 11:50:28.146000,415.9085892524491,1004
2024-09-18 11:50:28.208000,415.8693589024302,7
2024-09-18 11:50:28.229000,415.8580692298111,1005
2024-09-18 11:50:28.259000,415.8668704717799,1002
2024-09-18 11:50:28.268000,415.86341662243865,15
2024-09-18 11:50:28.293000,415.8713500771982,5
2024-09-18 11:50:28.312000,415.86768293785286,5
2024-09-18 11:50:28.365000,415.8674978592692,1001
2024-09-18 11:50:28.482000,415.9167220232342,5
2024-09-18 11:50:28.506000,415.87704990945366,1000
2024-09-18 11:50:28.512000,415.9524214398339,998
2024-09-18 11:50:28.535000,415.9691956927912,1003
2024-09-18 11:50:28.541000,415.8801997873328,1003
2024-09-18 11:50:28.549000,415.970941153108,7
2024-09-18 11:50:28.579000,415.9302009451837,105
2024-09-18 11:50:28.636000,415.9532680950935,10
2024-09-18 11:50:28.655000,415.9631407380316,15
2024-09-18 11:50:28.659000,415.8567177735135,102
2024-09-18 11:50:28.662000,415.8723289723938,998
2024-09-18 11:50:28.693000,415.8910240035314,99
2024-09-18 11:50:28.764000,415.92912591799023,11
2024-09-18 11:50:28.839000,415.9286300853016,1000
2024-09-18 11:50:28.899000,415.84980197467377,995
2024-09-18 11:50:28.905000,415.975324030015,1005
2024-09-18 11:50:28.937000,415.9647742865705,1001
2024-09-18 11:50:29.034000,416.05856516130007,102
2024-09-18 11:50:29.056000,416.0138035692257,104
2024-09-18 11:50:29.099000,416.00667529977545,9
2024-09-18 11:50:29.132000,416.0243785590024,6
2024-09-18 11:50:29.145000,416.0821615560508,14
2024-09-18 11:50:29.175000,416.044476625318,15
2024-09-18 11:50:29.278000,416.0049816383922,100
2024-09-18 11:50:29.279000,416.0170540141394,12
2024-09-18 11:50:29.343000,416.0079643955543,995
2024-09-18 11:50:29.357000,416.0893716407642,103
2024-09-18 11:50:29.396000,416.0509683225231,999
2024-09-18 11:50:29.443000,416.0604906972874,10
2024-09-18 11:50:29.470000,416.05945108395326,1003
2024-09-18 11:50:29.485000,416.07582488817263,10
2024-09-18 11:50:29.491000,416.030375056833,96
2024-09-18 11:50:29.594000,416.0124412799764,1000
2024-09-18 11:50:29.652000,416.0451186287213,1004
2024-09-18 11:50:29.663000,416.0087860729001,103
2024-09-18 11:50:29.666000,416.0284252359711,101
2024-09-18 11:50:29.698000,415.9959367172109,95
2024-09-18 11:50:29.732000,416.0883008522477,98
2024-09-18 11:50:29.851000,415.9895626925424,95
2024-09-18 11:50:29.993000,416.0070838786473,999
2024-09-18 11:50:30.258000,416.0351727410022,995
2024-09-18 11:50:30.469000,416.01981965776497,998
2024-09-18 11:50:30.978000,416.0405303876335,1005
2024-09-18 11:50:31.006000,415.9780430734924,9
2024-09-18 11:50:31.094000,416.0288292714972,7
2024-09-18 11:50:31.214000,416.0171409615336,100
2024-09-18 11:50:31.229000,416.0205379015287,99
2024-09-18 11:50:31.389000,415.9813241327941,999
2024-09-18 11:50:31.390000,416.0322124321304,105
2024-09-18 11:50:31.470000,416.027029293137,99
2024-09-18 11:50:31.510000,416.0282395936812,14
2024-09-18 11:50:31.760000,416.0028779684482,12
2024-09-18 11:50:31.787000,415.9749531208233,104
2024-09-18 11:50:31.836000,416.0183657674564,1002
2024-09-18 11:50:31.873000,416.01174781812017,6
2024-09-18 11:50:31.876000,416.0076053673648,996
2024-09-18 11:50:31.878000,416.01079230251753,7
2024-09-18 11:50:31.921000,415.98488744495467,999
2024-09-18 11:50:31.937000,415.9674654443356,13
2024-09-18 11:50:31.950000,416.01757596564806,999
2024-09-18 11:50:31.983000,416.0149289809695,1005
2024-09-18 11:50:33.029000,415.92372060872367,14
2024-09-18 11:50:33.086000,415.9138936719133,1003
2024-09-18 11:50:33.087000,415.93011328069673,1002
2024-09-18 11:50:33.196000,415.9098889695932,14
2024-09-18 11:50:33.197000,415.9471068443345,999
2024-09-18 11:50:33.205000,415.9075427781042,103
2024-09-18 11:50:33.211000,415.96439909675206,14
2024-09-18 11:50:33.273000,415.920125710592,105
2024-09-18 11:50:33.307000,415.8950323461669,1003
2024-09-18 11:50:33.455000,415.92143846258006,100
2024-09-18 11:50:33.487000,415.9298506762292,101
2024-09-18 11:50:33.508000,415.9213812365324,12
2024-09-18 11:50:33.556000,415.9050691496074,102
2024-09-18 11:50:33.577000,415.91128009084576,7
2024-09-18 11:50:33.650000,415.9227524477446,12
2024-09-18 11:50:33.757000,415.9411427253774,1005
2024-09-18 11:50:33.891000,415.9029865152667,11
2024-09-18 11:50:33.970000,415.9239557557663,999
2024-09-18 11:50:34.033000,415.94645686531646,1003
2024-09-18 11:50:34.101000,415.9482945600832,100
2024-09-18 11:50:34.102000,415.9158457755304,101
2024-09-18 11:50:34.108000,415.9166412552414,100
2024-09-18 11:50:34.139000,415.975931923186,99
2024-09-18 11:50:34.182000,415.9144918557032,1000
2024-09-18 11:50:34.184000,415.9017325175023,7
2024-09-18 11:50:34.202000,415.88392804615125,102
2024-09-18 11:50:34.286000,415.9538764589044,11
2024-09-18 11:50:34.368000,415.9267881231768,98
2024-09-18 11:50:34.392000,415.9857722467375,100
2024-09-18 11:50:34.469000,415.9145972189051,1002
2024-09-18 11:50:34.491000,415.9244899663448,1005
2024-09-18 11:50:34.515000,415.9871275727123,997
2024-09-18 11:50:34.559000,415.9332821569792,96
2024-09-18 11:50:34.569000,415.99241941267246,9
2024-09-18 11:50:34.582000,415.92695223596894,1003
2024-09-18 11:50:34.654000,415.9250300696426,1004
2024-09-18 11:50:34.738000,415.9195087340217,101
2024-09-18 11:50:34.774000,415.9370235335834,1004
2024-09-18 11:50:34.785000,415.9792318129413,100
2024-09-18 11:50:34.806000,415.9769559453073,103
2024-09-18 11:50:34.866000,415.8964756264208,1002
2024-09-18 11:50:34.931000,415.982944540502,12
2024-09-18 11:50:34.936000,415.9405339599789,14
2024-09-18 11:50:34.974000,415.9736091296488,96
2024-09-18 11:50:34.987000,415.9848189776724,5
2024-09-18 11:50:35.100000,415.888953264914,95
2024-09-18 11:50:35.105000,415.9038209210529,104
2024-09-18 11:50:35.192000,415.8916769464242,15
2024-09-18 11:50:35.223000,415.90740947721343,1004
2024-09-18 11:50:35.289000,415.8857796068943,12
2024-09-18 11:50:35.299000,415.9181616790655,1001
2024-09-18 11:50:35.300000,415.9129551157777,15
2024-09-18 11:50:35.553000,415.9183151248086,1003
2024-09-18 11:50:35.677000,415.8925259711111,105
2024-09-18 11:50:35.734000,415.8899984130538,14
2024-09-18 11:50:35.921000,415.9085078490832,10
2024-09-18 11:50:35.966000,415.87762712437495,104
2024-09-18 11:50:36.004000,415.9330439135838,1001
2024-09-18 11:50:36.058000,415.9341570884319,1002
2024-09-18 11:50:36.065000,416.0108864747319,9
2024-09-18 11:50:36.128000,415.8986785229131,97
2024-09-18 11:50:36.161000,415.892763369295,1004
2024-09-18 11:50:36.192000,415.9427489537308,98
2024-09-18 11:50:36.328000,415.94439113827485,999
2024-09-18 11:50:36.337000,415.941750631842,8
2024-09-18 11:50:36.348000,415.9955379368227,102
2024-09-18 11:50:36.362000,415.88554033313886,13
2024-09-18 11:50:36.388000,415.9257120274654,102
2024-09-18 11:50:36.474000,415.9427732479119,8
2024-09-18 11:50:36.558000,415.9958018481663,995
2024-09-18 11:50:36.574000,415.9204523974743,995
2024-09-18 11:50:36.598000,415.9856312462925,998
2024-09-18 11:50:36.614000,415.9996002958148,5
2024-09-18 11:50:36.616000,415.9521739503842,104
2024-09-18 11:50:36.633000,415.9143402828206,1001
2024-09-18 11:50:36.722000,415.9943281994896,95
2024-09-18 11:50:36.881000,415.96896047471273,12
2024-09-18 11:50:36.883000,415.99451296591184,99
2024-09-18 11:50:36.901000,415.9040333685139,104
2024-09-18 11:50:36.953000,415.9017195586882,12
2024-09-18 11:50:37.002000,416.1049581746814,13
2024-09-18 11:50:37.026000,416.12077173318994,6
2024-09-18 11:50:37.054000,416.056683236684,96
2024-09-18 11:50:37.074000,416.0663251081021,1004
2024-09-18 11:50:37.075000,416.1053793402992,13
2024-09-18 11:50:37.147000,416.0766769157303,97
2024-09-18 11:50:37.178000,416.1193344921566,8
2024-09-18 11:50:37.192000,416.1058660346586,1002
2024-09-18 11:50:37.271000,416.0799534841016,101
2024-09-18 11:50:37.320000,416.0892619423064,5
2024-09-18 11:50:37.517000,416.1058797722884,1000
2024-09-18 11:50:37.559000,416.1222793301512,104
2024-09-18 11:50:37.569000,416.1074897863639,1003
2024-09-18 11:50:37.573000,416.082654178565,5
2024-09-18 11:50:37.700000,416.0794616846523,15
2024-09-18 11:50:37.704000,416.08395789041,12
2024-09-18 11:50:37.750000,416.1192368741477,1002
2024-09-18 11:50:37.764000,415.9896829680457,101
2024-09-18 11:50:37.780000,415.9985550495418,11
2024-09-18 11:50:37.802000,416.075931730599,996
2024-09-18 11:50:37.808000,416.0712655030597,101
2024-09-18 11:50:37.815000,416.0213169713873,95
2024-09-18 11:50:37.819000,416.07096934655016,13
2024-09-18 11:50:37.902000,416.0773995124693,102
2024-09-18 11:50:37.919000,416.0763267689987,12
2024-09-18 11:50:37.980000,416.10241615801215,95
2024-09-18 11:50:38.006000,416.0874837605424,14
2024-09-18 11:50:38.018000,416.0940623116797,95
2024-09-18 11:50:38.036000,416.1549465468228,999
2024-09-18 11:50:38.105000,416.1073098743024,1000
2024-09-18 11:50:38.113000,416.1517361062256,7
2024-09-18 11:50:38.134000,416.11019191895394,6
2024-09-18 11:50:38.145000,416.07308505408827,95
2024-09-18 11:50:38.179000,416.0413676971229,997
2024-09-18 11:50:38.245000,416.0506965219061,96
2024-09-18 11:50:38.271000,416.0943489961558,5
2024-09-18 11:50:38.272000,416.0670437004056,15
2024-09-18 11:50:38.290000,416.1004625925053,9
2024-09-18 11:50:38.294000,416.1472158414341,5
2024-09-18 11:50:38.296000,416.10526220120863,102
2024-09-18 11:50:38.338000,416.1240918471403,8
2024-09-18 11:50:38.362000,416.1303233322101,100
2024-09-18 11:50:38.457000,416.0917177021072,997
2024-09-18 11:50:38.471000,416.1027702142493,15
2024-09-18 11:50:38.540000,416.0373298684705,1001
2024-09-18 11:50:38.545000,416.1446380844942,100
2024-09-18 11:50:38.607000,416.09712063760713,997
2024-09-18 11:50:38.659000,416.1066169571182,105
2024-09-18 11:50:38.672000,416.1282589756047,96
2024-09-18 11:50:38.703000,416.1022397133121,103
2024-09-18 11:50:38.820000,416.12666128276,13
2024-09-18 11:50:38.831000,416.0953372801716,104
2024-09-18 11:50:39.205000,416.1299422098028,996
2024-09-18 11:50:39.434000,416.14017015595294,15
2024-09-18 11:50:39.536000,416.1498875668034,13
2024-09-18 11:50:39.555000,416.156820100721,1003
2024-09-18 11:50:40.058000,416.1231534967581,1003
2024-09-18 11:50:40.067000,416.14769255566415,15
2024-09-18 11:50:40.100000,416.13846392903656,6
2024-09-18 11:50:40.118000,416.1279384680216,97
2024-09-18 11:50:40.176000,416.1073962727683,95
2024-09-18 11:50:40.185000,416.1277320625604,97
2024-09-18 11:50:40.194000,416.1358603272511,8
2024-09-18 11:50:40.228000,416.1110517904799,101
2024-09-18 11:50:40.277000,416.1260194438573,998
2024-09-18 11:50:40.445000,416.1312511457805,10
2024-09-18 11:50:40.453000,416.1223527799608,96
2024-09-18 11:50:40.454000,416.1095853895052,101
2024-09-18 11:50:40.545000,416.1377604696793,99
2024-09-18 11:50:40.566000,416.1128660190488,1000
2024-09-18 11:50:40.589000,416.1321316910113,12
2024-09-18 11:50:40.679000,416.1116624287646,101
2024-09-18 11:50:40.821000,416.1138211652061,10
2024-09-18 11:50:40.906000,416.1422406772809,95
2024-09-18 11:50:40.920000,416.1024547226,6
2024-09-18 11:50:40.987000,416.1381293238567,11
2024-09-18 11:50:41.120000,416.1217127986239,98
2024-09-18 11:50:41.131000,416.1472028111829,100
2024-09-18 11:50:41.247000,416.111806795302,10
2024-09-18 11:50:41.311000,416.1014608886924,6
2024-09-18 11:50:41.324000,416.14416470333657,1002
2024-09-18 11:50:41.348000,416.1327064399087,998
2024-09-18 11:50:41.404000,416.1190121050864,1001
2024-09-18 11:50:41.428000,416.1341741341675,1003
2024-09-18 11:50:41.500000,416.1215892712521,100
2024-09-18 11:50:41.541000,416.1161064249082,999
2024-09-18 11:50:41.623000,416.0604755913749,102
2024-09-18 11:50:41.769000,416.0915562798193,15
2024-09-18 11:50:41.819000,416.1125638223197,9
2024-09-18 11:50:41.845000,416.1132461313287,1002
2024-09-18 11:50:41.853000,416.0717087383368,1003
2024-09-18 11:50:41.928000,416.116545054058,10
2024-09-18 11:50:41.948000,416.128127287852,102
2024-09-18 11:50:41.958000,416.102238789908,995
2024-09-18 11:50:42.052000,416.0652163195869,103
2024-09-18 11:50:42.068000,416.0721178989372,104
2024-09-18 11:50:42.080000,416.0691509140832,1004
2024-09-18 11:50:42.082000,416.091828287588,100
2024-09-18 11:50:42.126000,416.0503989875968,97
2024-09-18 11:50:42.128000,416.08730205173833,997
2024-09-18 11:50:42.144000,416.0735427782729,15
2024-09-18 11:50:42.192000,416.06530310251975,11
2024-09-18 11:50:42.206000,416.0784469413822,1004
2024-09-18 11:50:42.261000,416.0599912726876,6
2024-09-18 11:50:42.275000,416.05503315975466,103
2024-09-18 11:50:42.364000,416.0596427974984,102
2024-09-18 11:50:42.390000,416.075653676962,10
2024-09-18 11:50:42.403000,416.08580561164047,998
2024-09-18 11:50:42.405000,416.0815759754386,999
2024-09-18 11:50:42.439000,416.0886324937169,999
2024-09-18 11:50:42.445000,416.0678139451364,1000
2024-09-18 11:50:42.476000,416.0728242194891,1001
2024-09-18 11:50:42.518000,416.0805223088699,98
2024-09-18 11:50:42.541000,416.07065171060384,12
2024-09-18 11:50:42.561000,416.0794834974649,96
2024-09-18 11:50:42.597000,416.0863881165232,102
2024-09-18 11:50:42.630000,416.0785664402029,996
2024-09-18 11:50:42.651000,416.0492702759076,1005
2024-09-18 11:50:42.691000,416.0919321321778,99
2024-09-18 11:50:42.749000,416.067017668323,8
2024-09-18 11:50:42.929000,416.0858874776808,1005
2024-09-18 11:50:42.930000,416.0844358775445,995
2024-09-18 11:50:43.133000,416.0625077689064,101
2024-09-18 11:50:43.161000,416.043402147793,101
2024-09-18 11:50:43.232000,415.9972302213544,10
2024-09-18 11:50:43.442000,416.01964325458425,999
2024-09-18 11:50:43.485000,416.0299778724717,996
2024-09-18 11:50:43.501000,416.0105828864421,1003
2024-09-18 11:50:43.512000,416.01206785429457,1004
2024-09-18 11:50:43.516000,416.0412398811358,998
2024-09-18 11:50:43.534000,416.01913067014766,10
2024-09-18 11:50:43.546000,416.065579858689,97
2024-09-18 11:50:43.623000,416.0488860600857,5
2024-09-18 11:50:43.652000,416.0192894961469,99
2024-09-18 11:50:43.679000,416.0233842499988,15
2024-09-18 11:50:43.700000,416.0071862287917,5
2024-09-18 11:50:43.723000,416.0234093512925,98
2024-09-18 11:50:43.740000,416.039682835394,1003
2024-09-18 11:50:43.921000,416.01811191796935,95
2024-09-18 11:50:43.928000,416.0313967254986,102
2024-09-18 11:50:44.185000,415.99970637408416,10
2024-09-18 11:50:44.449000,416.0004602139291,1002
2024-09-18 11:50:44.524000,415.9756672586407,11
2024-09-18 11:50:44.661000,415.9897951145546,7
2024-09-18 11:50:44.668000,415.9987819989968,1002
2024-09-18 11:50:44.675000,415.9961660943366,999
2024-09-18 11:50:44.692000,415.9959693234175,12
2024-09-18 11:50:44.768000,415.98582328992194,7
2024-09-18 11:50:44.789000,416.0088365141331,9
2024-09-18 11:50:45.079000,415.9136333506321,104
2024-09-18 11:50:45.203000,415.9341513650015,99
2024-09-18 11:50:45.318000,415.97288875062833,1002
2024-09-18 11:50:45.327000,415.9841858296115,6
2024-09-18 11:50:45.334000,415.9950127204851,100
2024-09-18 11:50:45.356000,415.9772751670738,6
2024-09-18 11:50:45.437000,415.91742285548855,14
2024-09-18 11:50:45.812000,416.0002479862112,9
2024-09-18 11:50:45.830000,415.9393838907804,996
2024-09-18 11:50:45.895000,415.933927940421,995
2024-09-18 11:50:45.920000,415.9103736988972,15
2024-09-18 11:50:45.975000,415.9701367916348,104
2024-09-18 11:50:45.993000,415.9701437915293,98
2024-09-18 11:50:46.072000,415.90365706982345,997
2024-09-18 11:50:46.164000,415.9079368747917,995
2024-09-18 11:50:46.355000,415.9085972007472,1000
2024-09-18 11:50:46.514000,415.9316397584455,105
2024-09-18 11:50:46.751000,415.8952113453146,995
2024-09-18 11:50:46.813000,415.8938932311444,96
2024-09-18 11:50:46.964000,415.90900732558487,999
2024-09-18 11:50:47.092000,415.9377653257749,102
2024-09-18 11:50:47.128000,415.94183839268914,11
2024-09-18 11:50:47.313000,415.9056698255925,13
2024-09-18 11:50:47.510000,415.9102397166677,1002
2024-09-18 11:50:47.634000,415.9092068662678,997
2024-09-18 11:50:47.655000,415.9375148790797,103
2024-09-18 11:50:47.658000,415.9231998521871,10
2024-09-18 11:50:47.792000,415.92188649063615,997
2024-09-18 11:50:47.813000,415.9113202993768,998
2024-09-18 11:50:47.958000,415.9426128564328,104
2024-09-18 11:50:47.978000,415.9318491134725,998
2024-09-18 11:50:48.049000,416.0028862869802,6
2024-09-18 11:50:48.161000,415.9171175857381,103
2024-09-18 11:50:48.221000,416.0084514932085,96
2024-09-18 11:50:48.291000,416.0322982995135,9
2024-09-18 11:50:48.332000,415.9687028547983,11
2024-09-18 11:50:48.362000,415.9308107402384,1000
2024-09-18 11:50:48.420000,416.01931005804647,1004
2024-09-18 11:50:48.462000,415.98092171590673,104
2024-09-18 11:50:48.488000,415.91384774174753,100
2024-09-18 11:50:48.515000,416.0288313682274,8
2024-09-18 11:50:48.526000,415.9544612299456,98
2024-09-18 11:50:48.608000,416.0126414683206,999
2024-09-18 11:50:48.623000,415.9157901351504,1004
2024-09-18 11:50:48.631000,415.960522462511,1003
2024-09-18 11:50:48.681000,415.961238823284,1005
2024-09-18 11:50:48.691000,415.9543865766015,13
2024-09-18 11:50:48.701000,416.030691020238,9
2024-09-18 11:50:48.713000,416.02378662783815,12
2024-09-18 11:50:48.715000,415.9983074389392,14
2024-09-18 11:50:48.744000,416.0347381746795,12
2024-09-18 11:50:48.763000,415.986517433607,5
2024-09-18 11:50:48.861000,415.9747290499093,105
2024-09-18 11:50:48.865000,415.95841860508057,13
2024-09-18 11:50:48.975000,416.0403503759721,1003
2024-09-18 11:50:49.247000,415.9923700377624,7
2024-09-18 11:50:49.349000,415.9995294221599,14
2024-09-18 11:50:50.005000,416.0453266182548,97
2024-09-18 11:50:50.014000,416.01952451509953,996
2024-09-18 11:50:50.038000,415.9921169733421,12
2024-09-18 11:50:50.039000,416.043382536969,999
2024-09-18 11:50:50.048000,416.0102717432328,995
2024-09-18 11:50:50.140000,416.0036799613218,6
2024-09-18 11:50:50.188000,416.0180127104842,998
2024-09-18 11:50:50.218000,416.0271283129885,1002
2024-09-18 11:50:50.218000,416.0148863508034,15
2024-09-18 11:50:50.259000,416.01563512507295,1003
2024-09-18 11:50:50.324000,416.0223488366027,5
2024-09-18 11:50:50.364000,416.0023665163784,999
2024-09-18 11:50:50.380000,415.9820259130104,11
2024-09-18 11:50:50.397000,415.9922615684858,1004
2024-09-18 11:50:50.489000,416.0294962197192,98
2024-09-18 11:50:50.515000,416.00964418358507,1005
2024-09-18 11:50:50.592000,416.0121775532127,1004
2024-09-18 11:50:50.753000,416.0042292707277,8
2024-09-18 11:50:50.795000,416.0105970294583,1005
2024-09-18 11:50:50.797000,416.0239624326964,96
2024-09-18 11:50:50.928000,416.0129412675189,96
2024-09-18 11:50:50.959000,416.0277950365847,7
2024-09-18 11:50:50.970000,416.0097349160936,1001
2024-09-18 11:50:50.990000,416.0025490311001,5
2024-09-18 11:50:51.095000,416.01786465163246,996
2024-09-18 11:50:51.903000,416.0027830773214,1000
2024-09-18 11:50:51.957000,416.01242207339646,96
2024-09-18 11:50:52.044000,415.9468282292573,101
2024-09-18 11:50:52.051000,415.9566624216525,1003
2024-09-18 11:50:52.108000,415.9380483825077,14
2024-09-18 11:50:52.222000,415.94227377811353,9
2024-09-18 11:50:52.235000,415.9433048993621,999
2024-09-18 11:50:52.278000,416.0019873695478,9
2024-09-18 11:50:52.353000,415.9464126667213,996
2024-09-18 11:50:52.365000,415.9412030097904,14
2024-09-18 11:50:52.407000,415.934482922184,12
2024-09-18 11:50:52.427000,415.9542825281312,99
2024-09-18 11:50:52.469000,415.9411238297688,998
2024-09-18 11:50:52.532000,415.9893706089018,5
2024-09-18 11:50:52.651000,415.9704230595977,104
2024-09-18 11:50:52.730000,415.94797397275096,99
2024-09-18 11:50:52.765000,415.950770707131,100
2024-09-18 11:50:52.869000,415.9831961019954,102
2024-09-18 11:50:53.005000,415.9767200182697,998
2024-09-18 11:50:53.030000,416.0229523897496,998
2024-09-18 11:50:53.048000,415.9438686475857,9
2024-09-18 11:50:53.111000,415.9279003004215,7
2024-09-18 11:50:53.139000,415.9713082377901,13
2024-09-18 11:50:53.147000,416.01507135231344,1003
2024-09-18 11:50:53.265000,415.9897368814697,9
2024-09-18 11:50:53.310000,415.9452287478002,96
2024-09-18 11:50:53.396000,415.9485566282518,1000
2024-09-18 11:50:53.404000,415.95030163464094,9
2024-09-18 11:50:53.412000,415.9725441530844,1004
2024-09-18 11:50:53.430000,415.9480398677687,996
2024-09-18 11:50:53.450000,415.9219407157063,5
2024-09-18 11:50:53.478000,415.9620178475505,10
2024-09-18 11:50:53.498000,415.945952922076,1002
2024-09-18 11:50:53.577000,415.944644390152,102
2024-09-18 11:50:53.707000,416.016604239724,1002
2024-09-18 11:50:53.725000,415.9448989504514,104
2024-09-18 11:50:53.773000,415.9217679835818,996
2024-09-18 11:50:53.774000,415.9408880984712,7
2024-09-18 11:50:53.852000,415.9397825403838,13
2024-09-18 11:50:53.875000,415.9240857520012,6
2024-09-18 11:50:53.883000,415.9489267740391,998
2024-09-18 11:50:53.921000,415.93576176417207,1003
2024-09-18 11:50:53.941000,415.9285139057204,104
2024-09-18 11:50:53.981000,415.967988551565,97
2024-09-18 11:50:54.027000,416.0071621683824,10
2024-09-18 11:50:54.163000,416.0662567525863,97
2024-09-18 11:50:54.170000,416.0123358935716,998
2024-09-18 11:50:54.203000,416.0302703753786,1002
2024-09-18 11:50:54.297000,416.0681271344054,6
2024-09-18 11:50:54.311000,416.0471526655672,100
2024-09-18 11:50:54.323000,416.0267275369685,10
2024-09-18 11:50:54.372000,416.0095631938297,11
2024-09-18 11:50:54.396000,415.9940325543258,999
2024-09-18 11:50:54.404000,415.9868396636092,1002
2024-09-18 11:50:54.448000,416.0477318276408,1000
2024-09-18 11:50:54.489000,416.0676912744306,95
2024-09-18 11:50:54.501000,416.0373125002377,14
2024-09-18 11:50:54.537000,416.05491866265504,11
2024-09-18 11:50:54.581000,416.0704879541359,997
2024-09-18 11:50:54.692000,416.03136254070006,9
2024-09-18 11:50:54.792000,416.0673516185262,10
2024-09-18 11:50:54.842000,416.023936967996,101
2024-09-18 11:50:54.954000,416.0630734643388,105
2024-09-18 11:50:55.234000,416.0418052659178,100
2024-09-18 11:50:55.236000,416.0580875653948,12
2024-09-18 11:50:55.246000,416.0698433101811,104
2024-09-18 11:50:55.303000,416.0425999793769,98
2024-09-18 11:50:55.331000,416.040936106932,104
2024-09-18 11:50:55.355000,416.0347004153038,8
2024-09-18 11:50:55.457000,416.0622768603098,7
2024-09-18 11:50:55.518000,416.03738866480194,96
2024-09-18 11:50:55.545000,416.0255120015141,104
2024-09-18 11:50:55.547000,416.0440955278789,13
2024-09-18 11:50:55.603000,416.0449886007773,1000
2024-09-18 11:50:55.659000,416.06204997931576,12
2024-09-18 11:50:55.679000,416.0156226325986,15
2024-09-18 11:50:55.705000,416.0382898512384,998
2024-09-18 11:50:55.770000,416.0260028026799,97
2024-09-18 11:50:55.913000,416.0485676646456,1004
2024-09-18 11:50:55.957000,416.03700059643785,999
2024-09-18 11:50:56.024000,415.901297390455,104
2024-09-18 11:50:56.025000,415.9851278226042,5
2024-09-18 11:50:56.031000,415.900663809013,7
2024-09-18 11:50:56.034000,415.9381577309156,7
2024-09-18 11:50:56.041000,415.9413205291481,995
2024-09-18 11:50:56.120000,415.96061890399807,98
2024-09-18 11:50:56.129000,415.9396468458919,1001
2024-09-18 11:50:56.194000,415.9205714581097,7
2024-09-18 11:50:56.200000,416.0091891575272,9
2024-09-18 11:50:56.246000,416.00748716822585,100
2024-09-18 11:50:56.287000,416.0043499641767,1001
2024-09-18 11:50:56.301000,415.9668801394927,102
2024-09-18 11:50:56.327000,416.01436567125126,101
2024-09-18 11:50:56.369000,416.0045223966201,1000
2024-09-18 11:50:56.432000,415.9952091185918,14
2024-09-18 11:50:56.484000,416.0087616937054,998
2024-09-18 11:50:56.526000,415.91812997448665,103
2024-09-18 11:50:56.589000,416.0027740508292,998
2024-09-18 11:50:56.603000,415.9777654784135,14
2024-09-18 11:50:56.659000,415.9479537808378,102
2024-09-18 11:50:56.668000,415.9677142672532,14
2024-09-18 11:50:56.717000,415.9307688310246,12
2024-09-18 11:50:56.735000,415.9052885451582,100
2024-09-18 11:50:56.762000,415.9024033132377,101
2024-09-18 11:50:56.897000,415.9520523895719,13
2024-09-18 11:50:56.948000,415.93933369762806,999
2024-09-18 11:50:56.998000,415.9014909147517,13
2024-09-18 11:50:57.091000,415.8809517368006,1000
2024-09-18 11:50:57.123000,415.92460001069793,12
2024-09-18 11:50:57.240000,415.9120902875273,1001
2024-09-18 11:50:57.253000,415.9216026753538,1004
2024-09-18 11:50:57.329000,415.91951051558266,1002
2024-09-18 11:50:57.353000,415.9230795127389,998
2024-09-18 11:50:57.384000,415.9461687554455,6
2024-09-18 11:50:57.403000,415.9647649723672,998
2024-09-18 11:50:57.474000,415.9219732468357,97
2024-09-18 11:50:57.527000,415.9197637669004,1001
2024-09-18 11:50:57.586000,415.9137818795455,1003
2024-09-18 11:50:57.675000,415.9594600869475,1005
2024-09-18 11:50:57.682000,415.8829105309573,1003
2024-09-18 11:50:57.722000,415.9211034523531,1003
2024-09-18 11:50:57.750000,415.9330420455869,1004
2024-09-18 11:50:57.767000,415.95544030519966,8
2024-09-18 11:50:57.832000,415.90781815813136,7
2024-09-18 11:50:57.861000,415.922044770593,103
2024-09-18 11:50:58.079000,415.9562383690191,996
2024-09-18 11:50:58.106000,415.9782705500168,104
2024-09-18 11:50:58.113000,415.9753611642397,8
2024-09-18 11:50:58.119000,415.9781848298992,96
2024-09-18 11:50:58.131000,415.9592565837468,1001
2024-09-18 11:50:58.167000,415.9832372649042,14
2024-09-18 11:50:58.168000,415.97698215631976,1005
2024-09-18 11:50:58.174000,415.9787666732959,995
2024-09-18 11:50:58.183000,415.9376844281783,997
2024-09-18 11:50:58.372000,415.9933488114552,6
2024-09-18 11:50:58.405000,415.9565797225429,11
2024-09-18 11:50:58.451000,415.9682561447355,7
2024-09-18 11:50:58.550000,415.9731773410086,7
2024-09-18 11:50:58.610000,415.9905683697805,100
2024-09-18 11:50:58.718000,415.9884948139188,1004
2024-09-18 11:50:58.755000,415.9647597718487,998
2024-09-18 11:50:58.848000,415.9773555413238,11
2024-09-18 11:50:58.916000,415.9906854834094,1005
2024-09-18 11:50:58.934000,415.9833454177856,11
2024-09-18 11:50:58.961000,415.9428372089672,96
2024-09-18 11:50:59.061000,415.9660449900513,12
2024-09-18 11:50:59.071000,415.98190023385337,1000
2024-09-18 11:50:59.076000,415.9692599011707,99
2024-09-18 11:50:59.336000,415.94744857663454,998
2024-09-18 11:50:59.410000,415.9273037925202,100
2024-09-18 11:50:59.432000,415.9221687078789,10
2024-09-18 11:50:59.571000,415.9351520732536,101
2024-09-18 11:50:59.686000,415.9740804430325,104
2024-09-18 11:50:59.746000,415.9579841010392,99
2024-09-18 11:50:59.871000,415.9453374476155,104
2024-09-18 11:50:59.891000,415.9584787380139,102
2024-09-18 11:50:59.990000,415.9510854159843,95
