Timestamp,Price,Size
2024-09-17 12:12:00.010000,409.4124386871633,7
2024-09-17 12:12:00.024000,409.4004507964856,105
2024-09-17 12:12:00.047000,409.3833136510303,101
2024-09-17 12:12:00.054000,409.36585079030925,98
2024-09-17 12:12:00.072000,409.3818562947005,1005
2024-09-17 12:12:00.083000,409.3950179249752,997
2024-09-17 12:12:00.234000,409.40311894056913,14
2024-09-17 12:12:00.242000,409.3724467709597,6
2024-09-17 12:12:00.246000,409.3800869808901,100
2024-09-17 12:12:00.341000,409.392640121737,1004
2024-09-17 12:12:00.456000,409.3701814292197,1002
2024-09-17 12:12:00.471000,409.4034789635443,15
2024-09-17 12:12:00.476000,409.37877027477697,102
2024-09-17 12:12:00.477000,409.3719819158555,5
2024-09-17 12:12:00.580000,409.40483003640986,8
2024-09-17 12:12:00.599000,409.3864060832684,95
2024-09-17 12:12:00.670000,409.4139176855653,105
2024-09-17 12:12:00.725000,409.3915679041262,1001
2024-09-17 12:12:00.733000,409.3821902102021,101
2024-09-17 12:12:00.734000,409.4025870103877,12
2024-09-17 12:12:00.793000,409.3836317330708,1002
2024-09-17 12:12:00.803000,409.40659582406886,105
2024-09-17 12:12:00.835000,409.3938999243429,1001
2024-09-17 12:12:00.903000,409.3789096999269,1003
2024-09-17 12:12:00.914000,409.4150924632839,1001
2024-09-17 12:12:00.968000,409.3903043236304,996
2024-09-17 12:12:01.088000,409.4124339665171,996
2024-09-17 12:12:01.314000,409.3932215239769,999
2024-09-17 12:12:01.340000,409.3920671750154,1000
2024-09-17 12:12:01.524000,409.3905702936879,998
2024-09-17 12:12:01.628000,409.4062179370155,1005
2024-09-17 12:12:01.850000,409.4096672931241,1004
2024-09-17 12:12:01.859000,409.4014219915391,1000
2024-09-17 12:12:01.867000,409.3877782274103,15
2024-09-17 12:12:01.964000,409.386785354971,97
2024-09-17 12:12:02.210000,409.4204299166785,8
2024-09-17 12:12:02.241000,409.4095916770734,997
2024-09-17 12:12:02.465000,409.42150083102285,100
2024-09-17 12:12:02.555000,409.4044354500503,104
2024-09-17 12:12:02.784000,409.41084331583374,14
2024-09-17 12:12:02.834000,409.41808624582006,103
2024-09-17 12:12:02.869000,409.4149055799572,97
2024-09-17 12:12:02.886000,409.4016604127594,6
2024-09-17 12:12:02.932000,409.3988426938175,102
2024-09-17 12:12:02.949000,409.3993951342002,99
2024-09-17 12:12:02.956000,409.4030389776396,996
2024-09-17 12:12:03.103000,409.4227287939225,13
2024-09-17 12:12:03.180000,409.41974094624186,1000
2024-09-17 12:12:03.191000,409.40054051751326,999
2024-09-17 12:12:03.438000,409.4021349689246,98
2024-09-17 12:12:03.484000,409.3982426353144,1003
2024-09-17 12:12:03.493000,409.41189211461807,1005
2024-09-17 12:12:03.524000,409.379445594829,99
2024-09-17 12:12:03.559000,409.3945389301233,101
2024-09-17 12:12:03.619000,409.4051178443873,998
2024-09-17 12:12:03.710000,409.4136615738661,998
2024-09-17 12:12:03.802000,409.406762765708,97
2024-09-17 12:12:03.833000,409.3986835844521,5
2024-09-17 12:12:03.856000,409.41327834707727,1003
2024-09-17 12:12:03.936000,409.432222887296,998
2024-09-17 12:12:03.957000,409.40900796571054,102
2024-09-17 12:12:04,409.3838027748507,102
2024-09-17 12:12:04.047000,409.3675650600734,997
2024-09-17 12:12:04.056000,409.36075723842936,1004
2024-09-17 12:12:04.064000,409.3724496139982,12
2024-09-17 12:12:04.074000,409.34359663567705,1004
2024-09-17 12:12:04.091000,409.34981638685775,8
2024-09-17 12:12:04.131000,409.36762665020217,1000
2024-09-17 12:12:04.142000,409.3557115159738,96
2024-09-17 12:12:04.152000,409.3993117241956,1002
2024-09-17 12:12:04.152000,409.3606926799577,10
2024-09-17 12:12:04.174000,409.3768720567854,12
2024-09-17 12:12:04.281000,409.3586971135657,96
2024-09-17 12:12:04.336000,409.38594909370977,1000
2024-09-17 12:12:04.350000,409.3819521571842,1004
2024-09-17 12:12:04.415000,409.3558258316448,997
2024-09-17 12:12:04.482000,409.3830999108572,6
2024-09-17 12:12:04.494000,409.3835573034998,6
2024-09-17 12:12:04.591000,409.3636838963648,12
2024-09-17 12:12:04.599000,409.3752940853347,99
2024-09-17 12:12:04.612000,409.3399604414335,12
2024-09-17 12:12:04.640000,409.3952969663343,103
2024-09-17 12:12:04.655000,409.3604321477503,103
2024-09-17 12:12:04.718000,409.36824134384153,8
2024-09-17 12:12:04.815000,409.35949281505793,100
2024-09-17 12:12:04.891000,409.3521555471264,998
2024-09-17 12:12:04.903000,409.35883424849175,104
2024-09-17 12:12:04.921000,409.3453162907632,5
2024-09-17 12:12:04.957000,409.3449298030726,5
2024-09-17 12:12:04.990000,409.3329481997188,103
2024-09-17 12:12:05.050000,409.3831491104327,100
2024-09-17 12:12:05.057000,409.3758180520083,99
2024-09-17 12:12:05.255000,409.3148484493361,1003
2024-09-17 12:12:05.275000,409.356540154851,8
2024-09-17 12:12:05.277000,409.2805412507871,97
2024-09-17 12:12:05.287000,409.34752952428255,97
2024-09-17 12:12:05.295000,409.35803878641457,13
2024-09-17 12:12:05.383000,409.2901586398008,103
2024-09-17 12:12:05.402000,409.3210704310405,102
2024-09-17 12:12:05.446000,409.2942862926874,103
2024-09-17 12:12:05.456000,409.29497871833325,97
2024-09-17 12:12:05.626000,409.3357358045535,96
2024-09-17 12:12:05.689000,409.3345070902072,98
2024-09-17 12:12:05.769000,409.2893357661421,8
2024-09-17 12:12:05.788000,409.3837404298002,9
2024-09-17 12:12:05.820000,409.3551408018333,97
2024-09-17 12:12:05.853000,409.3611462825217,13
2024-09-17 12:12:05.906000,409.2864270400483,8
2024-09-17 12:12:05.966000,409.3697576724402,13
2024-09-17 12:12:06,409.361662735105,98
2024-09-17 12:12:06.120000,409.3102718143484,995
2024-09-17 12:12:06.150000,409.3026523744091,101
2024-09-17 12:12:06.161000,409.3154561243095,5
2024-09-17 12:12:06.268000,409.2947376114279,13
2024-09-17 12:12:06.289000,409.31273257310113,1004
2024-09-17 12:12:06.346000,409.2676014791723,10
2024-09-17 12:12:06.429000,409.320416187326,997
2024-09-17 12:12:06.468000,409.3463205904827,995
2024-09-17 12:12:06.468000,409.2675497177126,14
2024-09-17 12:12:06.500000,409.3096735698472,1001
2024-09-17 12:12:06.510000,409.3074539930975,6
2024-09-17 12:12:06.520000,409.30227729117183,1001
2024-09-17 12:12:06.574000,409.30719300370777,1005
2024-09-17 12:12:06.598000,409.2927772110411,96
2024-09-17 12:12:06.600000,409.27082190293424,99
2024-09-17 12:12:06.604000,409.28722645504666,995
2024-09-17 12:12:06.606000,409.2859436521376,1003
2024-09-17 12:12:06.622000,409.3207372916158,102
2024-09-17 12:12:06.626000,409.2962221220929,998
2024-09-17 12:12:06.664000,409.30275874261486,1004
2024-09-17 12:12:06.668000,409.27240963745913,997
2024-09-17 12:12:06.677000,409.31908196437087,101
2024-09-17 12:12:06.792000,409.3003497146863,98
2024-09-17 12:12:06.907000,409.3134766341599,15
2024-09-17 12:12:06.914000,409.3403796284214,11
2024-09-17 12:12:06.916000,409.3266651682852,103
2024-09-17 12:12:07.006000,409.4046268456523,998
2024-09-17 12:12:07.098000,409.36279385245217,1001
2024-09-17 12:12:07.178000,409.4181662709844,13
2024-09-17 12:12:07.179000,409.39536663739057,105
2024-09-17 12:12:07.195000,409.41894962661655,104
2024-09-17 12:12:07.200000,409.42657449936695,8
2024-09-17 12:12:07.239000,409.3892844916366,1003
2024-09-17 12:12:07.241000,409.41387999272666,995
2024-09-17 12:12:07.251000,409.4282608891279,1000
2024-09-17 12:12:07.283000,409.3922035192464,98
2024-09-17 12:12:07.464000,409.3681299825675,11
2024-09-17 12:12:07.528000,409.377872108449,1001
2024-09-17 12:12:07.540000,409.3520444274861,997
2024-09-17 12:12:07.550000,409.3221284101706,101
2024-09-17 12:12:07.558000,409.3302615872887,7
2024-09-17 12:12:07.599000,409.39148224776574,103
2024-09-17 12:12:07.654000,409.4145185676398,998
2024-09-17 12:12:07.671000,409.40642068272905,10
2024-09-17 12:12:07.697000,409.3469864065096,1003
2024-09-17 12:12:07.709000,409.4280269735143,95
2024-09-17 12:12:07.743000,409.3709202827756,97
2024-09-17 12:12:07.905000,409.3796962435412,95
2024-09-17 12:12:07.937000,409.4175957196004,997
2024-09-17 12:12:07.954000,409.38102933009833,1002
2024-09-17 12:12:08.078000,409.4159343753771,105
2024-09-17 12:12:08.719000,409.4242634061095,1001
2024-09-17 12:12:08.777000,409.4269546009796,5
2024-09-17 12:12:09.067000,409.4412859324664,998
2024-09-17 12:12:09.144000,409.4701013020201,95
2024-09-17 12:12:09.227000,409.43377516136,6
2024-09-17 12:12:09.296000,409.4674187644503,96
2024-09-17 12:12:09.418000,409.4651251002241,999
2024-09-17 12:12:09.568000,409.4387150078395,995
2024-09-17 12:12:09.600000,409.4351571593614,99
2024-09-17 12:12:09.681000,409.479440037501,11
2024-09-17 12:12:09.685000,409.4600275915828,9
2024-09-17 12:12:09.716000,409.4600250946184,11
2024-09-17 12:12:09.774000,409.47285726362304,95
2024-09-17 12:12:09.843000,409.4436545810647,99
2024-09-17 12:12:09.946000,409.46566485644,105
2024-09-17 12:12:10.017000,409.4766636605285,103
2024-09-17 12:12:10.023000,409.46547211383137,105
2024-09-17 12:12:10.229000,409.4706773722822,7
2024-09-17 12:12:10.266000,409.46149233383113,96
2024-09-17 12:12:10.296000,409.48037098481007,1000
2024-09-17 12:12:10.343000,409.4704909539091,1005
2024-09-17 12:12:10.436000,409.46568047453457,102
2024-09-17 12:12:10.454000,409.4747550849829,1001
2024-09-17 12:12:10.482000,409.48344409092425,96
2024-09-17 12:12:10.483000,409.49903872000846,1004
2024-09-17 12:12:10.542000,409.4706089766361,99
2024-09-17 12:12:10.562000,409.4761935586925,14
2024-09-17 12:12:10.803000,409.46361418702446,995
2024-09-17 12:12:10.892000,409.4768387343272,1005
2024-09-17 12:12:10.947000,409.4617636298326,13
2024-09-17 12:12:10.963000,409.4776039618579,997
2024-09-17 12:12:11.065000,409.5136369976738,995
2024-09-17 12:12:11.103000,409.5409595870099,998
2024-09-17 12:12:11.162000,409.5103956906266,1000
2024-09-17 12:12:11.185000,409.5068504714704,14
2024-09-17 12:12:11.191000,409.5188244966192,12
2024-09-17 12:12:11.300000,409.5268294681908,15
2024-09-17 12:12:11.303000,409.5068688107189,97
2024-09-17 12:12:11.306000,409.4941057484261,998
2024-09-17 12:12:11.347000,409.5079006116293,95
2024-09-17 12:12:11.417000,409.5237049613461,9
2024-09-17 12:12:11.444000,409.5017843766596,10
2024-09-17 12:12:11.629000,409.500635962476,13
2024-09-17 12:12:11.660000,409.54312101129415,1004
2024-09-17 12:12:11.670000,409.4970489037816,1001
2024-09-17 12:12:11.691000,409.5014341563653,1003
2024-09-17 12:12:11.733000,409.5031727373028,11
2024-09-17 12:12:11.736000,409.4931813328594,11
2024-09-17 12:12:11.770000,409.50419622659024,100
2024-09-17 12:12:11.820000,409.52047862814624,100
2024-09-17 12:12:11.835000,409.5291912283257,1001
2024-09-17 12:12:11.843000,409.50175890986617,15
2024-09-17 12:12:11.884000,409.50177082790935,997
2024-09-17 12:12:11.909000,409.49200246512737,1000
2024-09-17 12:12:11.920000,409.5056335481189,1000
2024-09-17 12:12:11.956000,409.52932795193817,98
2024-09-17 12:12:12.116000,409.4903309509476,15
2024-09-17 12:12:12.642000,409.4790419783189,11
2024-09-17 12:12:12.652000,409.4887430080527,10
2024-09-17 12:12:12.810000,409.4784590045805,998
2024-09-17 12:12:13.023000,409.4856030825816,10
2024-09-17 12:12:13.077000,409.4986930378511,1004
2024-09-17 12:12:13.089000,409.4883237860621,5
2024-09-17 12:12:13.322000,409.4894574049012,995
2024-09-17 12:12:13.330000,409.4872748676792,103
2024-09-17 12:12:13.373000,409.49951995706505,95
2024-09-17 12:12:13.425000,409.4946041146719,7
2024-09-17 12:12:13.445000,409.5002751225394,100
2024-09-17 12:12:13.466000,409.49285999321296,1004
2024-09-17 12:12:13.691000,409.4937561980137,998
2024-09-17 12:12:13.754000,409.4889303047598,1005
2024-09-17 12:12:13.851000,409.497362100413,100
2024-09-17 12:12:14.066000,409.4935606000662,96
2024-09-17 12:12:14.090000,409.4945941625221,9
2024-09-17 12:12:14.151000,409.5400245665861,996
2024-09-17 12:12:14.164000,409.4865540214148,1003
2024-09-17 12:12:14.197000,409.5386861157142,13
2024-09-17 12:12:14.206000,409.5474236116093,104
2024-09-17 12:12:14.290000,409.5919945018937,1001
2024-09-17 12:12:14.388000,409.518379856144,9
2024-09-17 12:12:14.411000,409.5280324706314,96
2024-09-17 12:12:14.421000,409.5430946200866,999
2024-09-17 12:12:14.421000,409.5374627364904,95
2024-09-17 12:12:14.432000,409.5673081470949,96
2024-09-17 12:12:14.501000,409.49389459098336,96
2024-09-17 12:12:14.532000,409.55064017142905,6
2024-09-17 12:12:14.561000,409.5126505611248,98
2024-09-17 12:12:14.562000,409.4938232252383,95
2024-09-17 12:12:14.564000,409.5765256481444,1003
2024-09-17 12:12:14.603000,409.5308816190537,1004
2024-09-17 12:12:14.629000,409.56576670484577,105
2024-09-17 12:12:14.734000,409.5598890380248,1001
2024-09-17 12:12:14.827000,409.5531850363789,100
2024-09-17 12:12:14.862000,409.55979435558754,102
2024-09-17 12:12:14.893000,409.4943970407649,105
2024-09-17 12:12:14.920000,409.5787131148574,103
2024-09-17 12:12:15.453000,409.549101013733,999
2024-09-17 12:12:15.849000,409.5535301829315,1001
2024-09-17 12:12:16.268000,409.5567321460063,105
2024-09-17 12:12:16.470000,409.5456162614103,13
2024-09-17 12:12:16.653000,409.5621756726168,96
2024-09-17 12:12:16.761000,409.5331607955185,105
2024-09-17 12:12:17.149000,409.5889095011458,104
2024-09-17 12:12:17.193000,409.5363547158652,7
2024-09-17 12:12:17.202000,409.5331086650793,101
2024-09-17 12:12:17.222000,409.5380875499267,12
2024-09-17 12:12:17.247000,409.5627775237682,97
2024-09-17 12:12:17.256000,409.55147814089065,10
2024-09-17 12:12:17.328000,409.5439814485839,96
2024-09-17 12:12:17.372000,409.5382281380671,10
2024-09-17 12:12:17.398000,409.5807336528917,9
2024-09-17 12:12:17.401000,409.6188435730239,95
2024-09-17 12:12:17.506000,409.54639220463457,96
2024-09-17 12:12:17.520000,409.60052571143694,999
2024-09-17 12:12:17.585000,409.59889903995867,103
2024-09-17 12:12:17.646000,409.5472779369906,105
2024-09-17 12:12:17.906000,409.5582648033839,97
2024-09-17 12:12:18.049000,409.5961508272742,103
2024-09-17 12:12:18.055000,409.58235854823135,101
2024-09-17 12:12:18.106000,409.5949923089336,997
2024-09-17 12:12:18.121000,409.5671421287425,97
2024-09-17 12:12:18.223000,409.5844985828673,1004
2024-09-17 12:12:18.254000,409.594818060708,15
2024-09-17 12:12:18.294000,409.5691555256648,11
2024-09-17 12:12:18.360000,409.5925535032716,15
2024-09-17 12:12:18.507000,409.5957572593129,996
2024-09-17 12:12:18.515000,409.591726191693,996
2024-09-17 12:12:18.541000,409.57981540261466,97
2024-09-17 12:12:18.614000,409.5644013469968,102
2024-09-17 12:12:18.646000,409.58390763325536,15
2024-09-17 12:12:18.718000,409.5973471762981,997
2024-09-17 12:12:18.775000,409.5829413772625,1003
2024-09-17 12:12:18.813000,409.5908299886605,103
2024-09-17 12:12:18.830000,409.5679885016932,14
2024-09-17 12:12:19.010000,409.6643460681124,999
2024-09-17 12:12:19.081000,409.6687970457713,1004
2024-09-17 12:12:19.166000,409.6185124611945,997
2024-09-17 12:12:19.181000,409.6173623064407,99
2024-09-17 12:12:19.227000,409.6219972194843,9
2024-09-17 12:12:19.256000,409.65531964846576,5
2024-09-17 12:12:19.325000,409.7072930296016,10
2024-09-17 12:12:19.326000,409.6136500359072,97
2024-09-17 12:12:19.378000,409.6742504429556,1003
2024-09-17 12:12:19.390000,409.6734831750853,12
2024-09-17 12:12:19.392000,409.6078869774279,95
2024-09-17 12:12:19.427000,409.6544653287604,6
2024-09-17 12:12:19.454000,409.6396684706515,999
2024-09-17 12:12:19.472000,409.6930867242677,995
2024-09-17 12:12:19.474000,409.631189465321,1005
2024-09-17 12:12:19.549000,409.6183024740991,1000
2024-09-17 12:12:19.604000,409.6463202018051,100
2024-09-17 12:12:19.682000,409.65355093238594,1002
2024-09-17 12:12:19.696000,409.6363023434821,96
2024-09-17 12:12:19.772000,409.6990346304829,5
2024-09-17 12:12:19.800000,409.6839785592856,10
2024-09-17 12:12:19.805000,409.66411094989166,98
2024-09-17 12:12:19.869000,409.67074043826574,100
2024-09-17 12:12:19.888000,409.69845047156895,8
2024-09-17 12:12:19.920000,409.6187271418445,8
2024-09-17 12:12:19.993000,409.6577633344707,9
2024-09-17 12:12:20.022000,409.6833820862741,999
2024-09-17 12:12:20.069000,409.74074688159055,999
2024-09-17 12:12:20.182000,409.7318957908342,99
2024-09-17 12:12:20.250000,409.7609624629607,10
2024-09-17 12:12:20.308000,409.7206870203004,13
2024-09-17 12:12:20.345000,409.7235804043339,8
2024-09-17 12:12:20.349000,409.6947168775287,100
2024-09-17 12:12:20.377000,409.74955108274696,1003
2024-09-17 12:12:20.401000,409.7559154915031,1004
2024-09-17 12:12:20.628000,409.7467665517238,1005
2024-09-17 12:12:20.662000,409.7481474943071,103
2024-09-17 12:12:20.746000,409.7248431568348,1000
2024-09-17 12:12:20.783000,409.7550433024088,103
2024-09-17 12:12:20.785000,409.696981040308,9
2024-09-17 12:12:20.811000,409.7293889113564,101
2024-09-17 12:12:20.851000,409.764884910765,101
2024-09-17 12:12:20.871000,409.7432507662791,996
2024-09-17 12:12:20.979000,409.7444004240188,999
2024-09-17 12:12:21.011000,409.7306965159789,6
2024-09-17 12:12:21.120000,409.7403607967166,1000
2024-09-17 12:12:21.128000,409.7090707162471,1005
2024-09-17 12:12:21.155000,409.7024118555648,1001
2024-09-17 12:12:21.360000,409.72277782166384,5
2024-09-17 12:12:21.439000,409.7490440227504,98
2024-09-17 12:12:21.463000,409.7618881454696,1003
2024-09-17 12:12:21.467000,409.7365227139952,96
2024-09-17 12:12:21.628000,409.7040475839234,101
2024-09-17 12:12:21.663000,409.735103672288,9
2024-09-17 12:12:21.752000,409.73549417550487,105
2024-09-17 12:12:21.800000,409.746994917845,100
2024-09-17 12:12:21.895000,409.6876052671089,10
2024-09-17 12:12:21.964000,409.6854127190844,997
2024-09-17 12:12:21.994000,409.7729857329924,1005
2024-09-17 12:12:21.997000,409.74754520584025,998
2024-09-17 12:12:22.037000,409.7729400159782,103
2024-09-17 12:12:22.131000,409.7382636448565,15
2024-09-17 12:12:22.214000,409.6994301716206,98
2024-09-17 12:12:22.232000,409.76046924399753,14
2024-09-17 12:12:22.245000,409.7470650549039,96
2024-09-17 12:12:22.279000,409.7606068474897,10
2024-09-17 12:12:22.293000,409.7354129233688,10
2024-09-17 12:12:22.424000,409.75216370717897,1000
2024-09-17 12:12:22.446000,409.7526773842267,1000
2024-09-17 12:12:22.456000,409.7648279777898,101
2024-09-17 12:12:22.531000,409.7817748286409,98
2024-09-17 12:12:22.602000,409.75849048363466,99
2024-09-17 12:12:22.783000,409.7663988539867,101
2024-09-17 12:12:22.785000,409.7365526717516,8
2024-09-17 12:12:22.838000,409.7606101589965,11
2024-09-17 12:12:22.866000,409.7095763804526,1000
2024-09-17 12:12:22.943000,409.7631192386385,98
2024-09-17 12:12:23.026000,409.72748846576576,10
2024-09-17 12:12:23.080000,409.7383602656145,98
2024-09-17 12:12:23.117000,409.7845219594468,5
2024-09-17 12:12:23.161000,409.7587822347976,9
2024-09-17 12:12:23.222000,409.7723657122692,101
2024-09-17 12:12:23.235000,409.7661582494124,1002
2024-09-17 12:12:23.252000,409.7480756014217,6
2024-09-17 12:12:23.281000,409.7426574986881,98
2024-09-17 12:12:23.319000,409.7491463165879,101
2024-09-17 12:12:23.321000,409.7285892707145,99
2024-09-17 12:12:23.639000,409.74941935733705,99
2024-09-17 12:12:23.729000,409.7514336728929,1000
2024-09-17 12:12:23.730000,409.7518788019549,104
2024-09-17 12:12:23.766000,409.762324457927,96
2024-09-17 12:12:23.771000,409.7479117751274,1005
2024-09-17 12:12:23.802000,409.7197756061916,999
2024-09-17 12:12:23.918000,409.7264038051274,96
2024-09-17 12:12:24.009000,409.7493710438905,7
2024-09-17 12:12:24.029000,409.783962478228,1001
2024-09-17 12:12:24.152000,409.7606799147586,1001
2024-09-17 12:12:24.171000,409.72607524871046,6
2024-09-17 12:12:24.178000,409.7345605735934,1005
2024-09-17 12:12:24.255000,409.7601160177872,6
2024-09-17 12:12:24.335000,409.7744344647516,15
2024-09-17 12:12:24.341000,409.7173396590658,101
2024-09-17 12:12:24.416000,409.7503519082604,95
2024-09-17 12:12:24.419000,409.7697615746412,95
2024-09-17 12:12:24.447000,409.763795133207,1001
2024-09-17 12:12:24.550000,409.76073932203616,8
2024-09-17 12:12:24.564000,409.7796111822591,101
2024-09-17 12:12:24.600000,409.7536939911492,7
2024-09-17 12:12:24.617000,409.7393980891181,999
2024-09-17 12:12:24.747000,409.76909411747647,1000
2024-09-17 12:12:24.766000,409.7666573993595,11
2024-09-17 12:12:24.774000,409.7385054963314,996
2024-09-17 12:12:24.816000,409.715012775472,99
2024-09-17 12:12:24.876000,409.7487210437079,999
2024-09-17 12:12:24.927000,409.7627349132776,100
2024-09-17 12:12:24.956000,409.7489952931329,13
2024-09-17 12:12:24.964000,409.7688605001342,5
2024-09-17 12:12:25.099000,409.6918638980833,103
2024-09-17 12:12:25.128000,409.58376109954975,7
2024-09-17 12:12:25.170000,409.6724081898553,997
2024-09-17 12:12:25.201000,409.6730999782821,999
2024-09-17 12:12:25.222000,409.7280394037088,104
2024-09-17 12:12:25.273000,409.6641864392096,1005
2024-09-17 12:12:25.274000,409.7329660158255,1000
2024-09-17 12:12:25.452000,409.6428900140151,99
2024-09-17 12:12:25.481000,409.7150153422834,104
2024-09-17 12:12:25.556000,409.5856779531066,995
2024-09-17 12:12:25.577000,409.6696119449071,99
2024-09-17 12:12:25.631000,409.7196189632742,7
2024-09-17 12:12:25.680000,409.6602866983383,9
2024-09-17 12:12:25.683000,409.6208102531835,100
2024-09-17 12:12:25.722000,409.65330639124943,95
2024-09-17 12:12:25.725000,409.62299516188006,95
2024-09-17 12:12:25.753000,409.57519546319,12
2024-09-17 12:12:25.758000,409.6038934900323,1004
2024-09-17 12:12:25.826000,409.671211792626,98
2024-09-17 12:12:25.892000,409.6722935005511,12
2024-09-17 12:12:25.905000,409.7283961809081,1004
2024-09-17 12:12:25.986000,409.5871853275678,98
2024-09-17 12:12:26.117000,409.5755754171208,1003
2024-09-17 12:12:26.228000,409.5488693390429,98
2024-09-17 12:12:26.310000,409.5741762224033,998
2024-09-17 12:12:26.449000,409.5609948185774,1000
2024-09-17 12:12:26.630000,409.5890878149639,1005
2024-09-17 12:12:26.787000,409.55895033809605,101
2024-09-17 12:12:26.907000,409.5963738606114,104
2024-09-17 12:12:27.013000,409.5534712456215,1004
2024-09-17 12:12:27.090000,409.5340623842309,13
2024-09-17 12:12:27.097000,409.51186590959526,1000
2024-09-17 12:12:27.186000,409.5334933691233,101
2024-09-17 12:12:27.263000,409.49750594787866,995
2024-09-17 12:12:27.291000,409.549101188545,15
2024-09-17 12:12:27.319000,409.54689838745753,9
2024-09-17 12:12:27.348000,409.5395961672364,1003
2024-09-17 12:12:27.392000,409.50858591264887,996
2024-09-17 12:12:27.538000,409.5261909115448,99
2024-09-17 12:12:27.562000,409.559001995321,1004
2024-09-17 12:12:27.670000,409.55510526832944,1003
2024-09-17 12:12:27.674000,409.5715088727991,999
2024-09-17 12:12:27.700000,409.5630048972512,1000
2024-09-17 12:12:27.715000,409.5840216338395,997
2024-09-17 12:12:27.871000,409.559325931898,105
2024-09-17 12:12:27.874000,409.5685089605391,1003
2024-09-17 12:12:28.015000,409.48751074189175,104
2024-09-17 12:12:28.050000,409.51870021249385,995
2024-09-17 12:12:28.317000,409.5149852895718,97
2024-09-17 12:12:28.387000,409.5196891101119,15
2024-09-17 12:12:28.620000,409.5234765127442,95
2024-09-17 12:12:28.693000,409.52331184616736,6
2024-09-17 12:12:28.965000,409.5108924297556,1002
2024-09-17 12:12:29.075000,409.58713347356047,1001
2024-09-17 12:12:29.086000,409.6068201626811,95
2024-09-17 12:12:29.086000,409.5460670879287,98
2024-09-17 12:12:29.141000,409.53095686232666,99
2024-09-17 12:12:29.143000,409.5879592978672,995
2024-09-17 12:12:29.239000,409.5864767141925,11
2024-09-17 12:12:29.250000,409.5914662094476,15
2024-09-17 12:12:29.357000,409.5794519102305,997
2024-09-17 12:12:29.452000,409.5936580351994,996
2024-09-17 12:12:29.453000,409.58641127186354,5
2024-09-17 12:12:29.488000,409.5978002533363,998
2024-09-17 12:12:29.498000,409.594159925967,996
2024-09-17 12:12:29.588000,409.57436735962347,100
2024-09-17 12:12:29.635000,409.56801909678336,1005
2024-09-17 12:12:29.658000,409.572862321582,1000
2024-09-17 12:12:29.677000,409.5852307895525,101
2024-09-17 12:12:29.694000,409.6038888198767,105
2024-09-17 12:12:29.757000,409.54373771629344,98
2024-09-17 12:12:29.774000,409.60524606541367,999
2024-09-17 12:12:29.787000,409.584701112995,14
2024-09-17 12:12:29.798000,409.5978109036385,101
2024-09-17 12:12:29.900000,409.5928299941082,6
2024-09-17 12:12:29.906000,409.5996192655945,11
2024-09-17 12:12:29.910000,409.60045385105497,14
2024-09-17 12:12:29.916000,409.5841541081711,1002
2024-09-17 12:12:29.932000,409.5842331098,5
2024-09-17 12:12:29.985000,409.5914969256224,12
2024-09-17 12:12:30.023000,409.57747527023207,13
2024-09-17 12:12:30.154000,409.5759197239438,1002
2024-09-17 12:12:30.250000,409.6221163587297,1005
2024-09-17 12:12:30.257000,409.62405823274776,5
2024-09-17 12:12:30.279000,409.56990723906006,1003
2024-09-17 12:12:30.288000,409.58304796389774,7
2024-09-17 12:12:30.392000,409.60345301676034,5
2024-09-17 12:12:30.398000,409.6057257277101,13
2024-09-17 12:12:30.430000,409.5800216387221,10
2024-09-17 12:12:30.491000,409.6090179465679,98
2024-09-17 12:12:30.509000,409.6104698984119,102
2024-09-17 12:12:30.596000,409.62754100388815,1001
2024-09-17 12:12:30.661000,409.614365873599,1000
2024-09-17 12:12:30.693000,409.58113931585393,96
2024-09-17 12:12:30.730000,409.59925228879104,995
2024-09-17 12:12:30.816000,409.56501431731135,14
2024-09-17 12:12:30.862000,409.5983712800539,102
2024-09-17 12:12:30.916000,409.6124062937136,14
2024-09-17 12:12:31.008000,409.6206289931196,995
2024-09-17 12:12:31.046000,409.626010721118,12
2024-09-17 12:12:31.146000,409.5913029774304,995
2024-09-17 12:12:31.277000,409.6223216591592,101
2024-09-17 12:12:31.774000,409.5850820664149,12
2024-09-17 12:12:31.786000,409.6149081239684,13
2024-09-17 12:12:31.789000,409.5814415962837,104
2024-09-17 12:12:31.828000,409.6217451325195,1005
2024-09-17 12:12:31.958000,409.5959273221905,12
2024-09-17 12:12:32.028000,409.60538293390607,998
2024-09-17 12:12:32.083000,409.59764764398574,14
2024-09-17 12:12:32.188000,409.6238826686446,7
2024-09-17 12:12:32.209000,409.6277091749649,997
2024-09-17 12:12:32.228000,409.6136195123609,9
2024-09-17 12:12:32.304000,409.60547200489685,7
2024-09-17 12:12:32.335000,409.61904907209913,96
2024-09-17 12:12:32.360000,409.6269173712507,10
2024-09-17 12:12:32.367000,409.5707501626284,7
2024-09-17 12:12:32.376000,409.65659985299607,1002
2024-09-17 12:12:32.477000,409.6279666613145,12
2024-09-17 12:12:32.501000,409.5531887580232,12
2024-09-17 12:12:32.574000,409.63821291176106,10
2024-09-17 12:12:32.654000,409.6162140469147,10
2024-09-17 12:12:32.657000,409.6190131521346,11
2024-09-17 12:12:32.757000,409.6123731336591,13
2024-09-17 12:12:32.799000,409.6233166808078,8
2024-09-17 12:12:32.807000,409.6300901360849,995
2024-09-17 12:12:32.810000,409.599244469475,12
2024-09-17 12:12:32.818000,409.6178142964609,96
2024-09-17 12:12:32.818000,409.6137433953721,7
2024-09-17 12:12:32.852000,409.6310737146881,15
2024-09-17 12:12:32.881000,409.6139373577444,14
2024-09-17 12:12:32.934000,409.62447104214215,96
2024-09-17 12:12:32.934000,409.6059340946731,103
2024-09-17 12:12:32.980000,409.5874979223583,9
2024-09-17 12:12:32.989000,409.5669825046797,1001
2024-09-17 12:12:33.662000,409.6203937572535,1000
2024-09-17 12:12:34.003000,409.6578449281377,14
2024-09-17 12:12:34.032000,409.6833625005483,98
2024-09-17 12:12:34.088000,409.6782943946602,14
2024-09-17 12:12:34.106000,409.6653707008505,102
2024-09-17 12:12:34.113000,409.6371138283464,1003
2024-09-17 12:12:34.135000,409.6872177142648,104
2024-09-17 12:12:34.145000,409.66680712065926,14
2024-09-17 12:12:34.216000,409.6744991359126,95
2024-09-17 12:12:34.345000,409.65467648411385,8
2024-09-17 12:12:34.347000,409.6525674218897,999
2024-09-17 12:12:34.373000,409.6387758808849,995
2024-09-17 12:12:34.439000,409.6196114660448,8
2024-09-17 12:12:34.449000,409.6621325617442,15
2024-09-17 12:12:34.469000,409.69112446338,998
2024-09-17 12:12:34.470000,409.6576071122032,6
2024-09-17 12:12:34.474000,409.6681987911637,95
2024-09-17 12:12:34.494000,409.6779231379501,12
2024-09-17 12:12:34.500000,409.6481838826993,1004
2024-09-17 12:12:34.640000,409.68374422305885,98
2024-09-17 12:12:34.714000,409.6377009316407,101
2024-09-17 12:12:34.726000,409.6664570543408,6
2024-09-17 12:12:34.768000,409.64154090113175,998
2024-09-17 12:12:34.790000,409.6607120839837,102
2024-09-17 12:12:34.810000,409.6573270395692,1005
2024-09-17 12:12:34.818000,409.6619711565246,998
2024-09-17 12:12:34.862000,409.65037798199614,100
2024-09-17 12:12:34.903000,409.67322009775086,105
2024-09-17 12:12:35.007000,409.6432049911736,97
2024-09-17 12:12:35.081000,409.6939737613829,102
2024-09-17 12:12:35.206000,409.6661275554322,104
2024-09-17 12:12:35.265000,409.6429917974952,5
2024-09-17 12:12:35.275000,409.66691468458185,99
2024-09-17 12:12:35.298000,409.6453789886364,99
2024-09-17 12:12:35.319000,409.656835103552,11
2024-09-17 12:12:35.406000,409.6438035801477,96
2024-09-17 12:12:35.553000,409.6637577162712,102
2024-09-17 12:12:35.635000,409.6697046665973,999
2024-09-17 12:12:35.674000,409.6459456989069,6
2024-09-17 12:12:35.704000,409.6403297979447,1001
2024-09-17 12:12:35.720000,409.6648769521151,15
2024-09-17 12:12:35.882000,409.6896963888813,1003
2024-09-17 12:12:35.891000,409.6863706860578,96
2024-09-17 12:12:35.976000,409.6668780187815,1004
2024-09-17 12:12:36.006000,409.6748233332106,10
2024-09-17 12:12:36.058000,409.6908736846889,995
2024-09-17 12:12:36.086000,409.6911205818116,99
2024-09-17 12:12:36.160000,409.6843804223847,999
2024-09-17 12:12:36.187000,409.6843759599755,1002
2024-09-17 12:12:36.236000,409.6977742301413,996
2024-09-17 12:12:36.243000,409.69233250508006,104
2024-09-17 12:12:36.252000,409.646006207645,102
2024-09-17 12:12:36.257000,409.6977601430791,9
2024-09-17 12:12:36.279000,409.6864283521616,5
2024-09-17 12:12:36.349000,409.6717365641326,98
2024-09-17 12:12:36.434000,409.6999805500988,104
2024-09-17 12:12:36.482000,409.7031036371576,13
2024-09-17 12:12:36.483000,409.70320215528494,8
2024-09-17 12:12:36.552000,409.67810497492746,995
2024-09-17 12:12:36.566000,409.6801634497272,13
2024-09-17 12:12:36.667000,409.6718339503327,10
2024-09-17 12:12:36.704000,409.69487811304407,6
2024-09-17 12:12:36.709000,409.6850610366411,100
2024-09-17 12:12:36.742000,409.67640961274526,104
2024-09-17 12:12:36.841000,409.6929200111357,1000
2024-09-17 12:12:36.884000,409.67897041481615,5
2024-09-17 12:12:36.949000,409.6724244388898,5
2024-09-17 12:12:37.046000,409.7181435880062,996
2024-09-17 12:12:37.082000,409.7208320089869,6
2024-09-17 12:12:37.253000,409.669589836793,101
2024-09-17 12:12:37.277000,409.6732667845145,998
2024-09-17 12:12:37.324000,409.6880605324135,11
2024-09-17 12:12:37.326000,409.68223590460593,995
2024-09-17 12:12:37.339000,409.7055369984765,997
2024-09-17 12:12:37.386000,409.7474777946259,996
2024-09-17 12:12:37.426000,409.6994416460765,10
2024-09-17 12:12:37.460000,409.7541206649708,1000
2024-09-17 12:12:37.536000,409.7511261450827,9
2024-09-17 12:12:37.556000,409.7444568566064,97
2024-09-17 12:12:37.625000,409.67496262260175,5
2024-09-17 12:12:37.635000,409.6517620808983,14
2024-09-17 12:12:37.676000,409.7198154075071,996
2024-09-17 12:12:37.687000,409.7283976825572,101
2024-09-17 12:12:37.715000,409.7634053184393,14
2024-09-17 12:12:37.774000,409.70771177832177,996
2024-09-17 12:12:37.787000,409.7482695526661,1004
2024-09-17 12:12:37.840000,409.7149235105268,12
2024-09-17 12:12:37.854000,409.6780407688414,8
2024-09-17 12:12:37.987000,409.695729416878,999
2024-09-17 12:12:37.991000,409.73666898007366,10
2024-09-17 12:12:38.047000,409.7629122985111,1000
2024-09-17 12:12:38.158000,409.730855945872,1002
2024-09-17 12:12:38.230000,409.75021726085686,14
2024-09-17 12:12:38.306000,409.7419184358545,1003
2024-09-17 12:12:38.351000,409.7746465157909,9
2024-09-17 12:12:38.361000,409.7700480447677,9
2024-09-17 12:12:38.426000,409.7540394891736,1005
2024-09-17 12:12:38.588000,409.7425265683528,101
2024-09-17 12:12:38.682000,409.742995799179,104
2024-09-17 12:12:38.715000,409.7650750425431,9
2024-09-17 12:12:38.751000,409.7492216038182,1003
2024-09-17 12:12:38.897000,409.7347728691136,15
2024-09-17 12:12:39,409.71703791880736,995
2024-09-17 12:12:39.001000,409.7376789613551,8
2024-09-17 12:12:39.027000,409.7122255074607,99
2024-09-17 12:12:39.038000,409.7365497485974,95
2024-09-17 12:12:39.039000,409.7468351478195,995
2024-09-17 12:12:39.047000,409.6975470711112,6
2024-09-17 12:12:39.111000,409.7009883922551,96
2024-09-17 12:12:39.162000,409.7019467271758,101
2024-09-17 12:12:39.170000,409.69364408370575,1005
2024-09-17 12:12:39.225000,409.6639904420542,100
2024-09-17 12:12:39.326000,409.6773104625991,101
2024-09-17 12:12:39.345000,409.71153312527593,8
2024-09-17 12:12:39.382000,409.738875307853,102
2024-09-17 12:12:39.400000,409.72534779066245,6
2024-09-17 12:12:39.401000,409.6730929862367,6
2024-09-17 12:12:39.411000,409.7351013337959,999
2024-09-17 12:12:39.424000,409.7167271543196,997
2024-09-17 12:12:39.448000,409.7254015203468,104
2024-09-17 12:12:39.475000,409.69124177872334,1004
2024-09-17 12:12:39.483000,409.7447525482322,1004
2024-09-17 12:12:39.591000,409.7249480194524,103
2024-09-17 12:12:39.681000,409.7015225448592,1004
2024-09-17 12:12:39.700000,409.6796833005566,14
2024-09-17 12:12:39.754000,409.6833882650436,5
2024-09-17 12:12:39.792000,409.7432587658116,12
2024-09-17 12:12:39.816000,409.7085768521086,8
2024-09-17 12:12:39.852000,409.716649190549,99
2024-09-17 12:12:39.898000,409.7491102331312,6
2024-09-17 12:12:39.930000,409.73223705691504,6
2024-09-17 12:12:39.998000,409.72785281686765,104
2024-09-17 12:12:40.010000,409.71269527506365,99
2024-09-17 12:12:40.012000,409.6775449577382,98
2024-09-17 12:12:40.112000,409.71951543319454,13
2024-09-17 12:12:40.112000,409.7233548332589,7
2024-09-17 12:12:40.137000,409.6745282189861,14
2024-09-17 12:12:40.182000,409.6770902472071,97
2024-09-17 12:12:40.221000,409.6878783896733,100
2024-09-17 12:12:40.231000,409.7236915490363,102
2024-09-17 12:12:40.242000,409.7221488082966,95
2024-09-17 12:12:40.243000,409.7196833558494,104
2024-09-17 12:12:40.246000,409.70497329101744,995
2024-09-17 12:12:40.248000,409.71645867302425,103
2024-09-17 12:12:40.263000,409.69511246147766,103
2024-09-17 12:12:40.298000,409.6635192582625,10
2024-09-17 12:12:40.300000,409.7067974165183,98
2024-09-17 12:12:40.318000,409.7103286165321,996
2024-09-17 12:12:40.452000,409.6895172672877,99
2024-09-17 12:12:40.636000,409.7136965772724,995
2024-09-17 12:12:40.730000,409.7269126023721,12
2024-09-17 12:12:40.733000,409.68451942373946,1002
2024-09-17 12:12:40.751000,409.7079461348956,97
2024-09-17 12:12:40.788000,409.71080133648286,97
2024-09-17 12:12:40.790000,409.7115857592456,998
2024-09-17 12:12:40.816000,409.6945824555974,98
2024-09-17 12:12:40.950000,409.7141009618596,1005
2024-09-17 12:12:40.966000,409.71425934885184,104
2024-09-17 12:12:41.055000,409.7125614169212,999
2024-09-17 12:12:41.513000,409.7001418122548,10
2024-09-17 12:12:41.575000,409.6880042623944,995
2024-09-17 12:12:41.703000,409.7181929409475,995
2024-09-17 12:12:41.837000,409.6974447162768,8
2024-09-17 12:12:41.842000,409.7200254938255,996
2024-09-17 12:12:41.870000,409.69767238199694,1004
2024-09-17 12:12:41.871000,409.70217240594303,13
2024-09-17 12:12:41.886000,409.7122129080358,1000
2024-09-17 12:12:42.143000,409.6228107067562,103
2024-09-17 12:12:42.154000,409.6418894855281,97
2024-09-17 12:12:42.239000,409.6625697020109,1004
2024-09-17 12:12:42.242000,409.6166123578173,998
2024-09-17 12:12:42.346000,409.6383385150952,102
2024-09-17 12:12:42.388000,409.6323435251224,5
2024-09-17 12:12:42.401000,409.6380305830251,999
2024-09-17 12:12:42.523000,409.6658909001616,14
2024-09-17 12:12:42.531000,409.6561643425352,8
2024-09-17 12:12:42.591000,409.6370055721054,995
2024-09-17 12:12:42.622000,409.6141956883772,103
2024-09-17 12:12:42.767000,409.62975160204667,1002
2024-09-17 12:12:42.848000,409.6185535724467,998
2024-09-17 12:12:42.923000,409.6426352696254,1005
2024-09-17 12:12:42.947000,409.6710511706861,996
2024-09-17 12:12:43.011000,409.6007589433973,5
2024-09-17 12:12:43.037000,409.6077281881383,11
2024-09-17 12:12:43.061000,409.5713544080599,99
2024-09-17 12:12:43.139000,409.5618342915144,1001
2024-09-17 12:12:43.327000,409.63137004268935,6
2024-09-17 12:12:43.345000,409.5815815302668,1001
2024-09-17 12:12:43.471000,409.6057935646694,101
2024-09-17 12:12:43.493000,409.5721443360702,995
2024-09-17 12:12:43.522000,409.62903906260334,15
2024-09-17 12:12:43.547000,409.57190862465785,13
2024-09-17 12:12:43.597000,409.5545719774935,997
2024-09-17 12:12:43.728000,409.5759215245116,99
2024-09-17 12:12:43.755000,409.5663384225491,98
2024-09-17 12:12:43.765000,409.5878749700975,1005
2024-09-17 12:12:43.786000,409.5799518575688,1001
2024-09-17 12:12:43.801000,409.58784430993904,98
2024-09-17 12:12:43.925000,409.6156214993878,99
2024-09-17 12:12:43.983000,409.5765495315824,9
2024-09-17 12:12:44.191000,409.5529579554502,14
2024-09-17 12:12:44.222000,409.54426353521256,998
2024-09-17 12:12:44.267000,409.5280433170683,100
2024-09-17 12:12:44.320000,409.5567140789242,101
2024-09-17 12:12:44.346000,409.5666006746362,998
2024-09-17 12:12:44.940000,409.5240382639104,101
2024-09-17 12:12:45.010000,409.5057835625996,96
2024-09-17 12:12:45.016000,409.4963023273974,9
2024-09-17 12:12:45.017000,409.4994292367861,15
2024-09-17 12:12:45.093000,409.451192894633,995
2024-09-17 12:12:45.172000,409.45553296426135,9
2024-09-17 12:12:45.237000,409.4629917597389,5
2024-09-17 12:12:45.305000,409.455824577254,1003
2024-09-17 12:12:45.307000,409.5222570292797,6
2024-09-17 12:12:45.313000,409.4731247453038,97
2024-09-17 12:12:45.331000,409.4680492888938,96
2024-09-17 12:12:45.443000,409.46559175532855,14
2024-09-17 12:12:45.446000,409.42860845244985,9
2024-09-17 12:12:45.448000,409.472184189283,12
2024-09-17 12:12:45.462000,409.5114274732927,999
2024-09-17 12:12:45.507000,409.4709326404569,7
2024-09-17 12:12:45.578000,409.46084547619176,13
2024-09-17 12:12:45.674000,409.45880707846857,6
2024-09-17 12:12:45.681000,409.481168133046,105
2024-09-17 12:12:45.684000,409.4183270967817,1001
2024-09-17 12:12:45.700000,409.447930367448,995
2024-09-17 12:12:45.721000,409.4784643928937,12
2024-09-17 12:12:45.754000,409.412488896696,95
2024-09-17 12:12:45.759000,409.4546426133167,12
2024-09-17 12:12:45.918000,409.4945450859257,13
2024-09-17 12:12:45.951000,409.4900744300965,95
2024-09-17 12:12:46.003000,409.28541577628056,13
2024-09-17 12:12:46.105000,409.3721634305363,96
2024-09-17 12:12:46.133000,409.3633109487093,998
2024-09-17 12:12:46.231000,409.3827374200778,95
2024-09-17 12:12:46.246000,409.3805799176258,12
2024-09-17 12:12:46.271000,409.3380895626165,1004
2024-09-17 12:12:46.289000,409.3799458108178,1002
2024-09-17 12:12:46.309000,409.3649502318247,9
2024-09-17 12:12:46.323000,409.3837699004185,15
2024-09-17 12:12:46.376000,409.3326189907962,100
2024-09-17 12:12:46.402000,409.3136115375205,15
2024-09-17 12:12:46.403000,409.4008752402156,1000
2024-09-17 12:12:46.404000,409.3556876648786,7
2024-09-17 12:12:46.414000,409.3764464601383,1000
2024-09-17 12:12:46.461000,409.31991591401095,11
2024-09-17 12:12:46.461000,409.2924917959179,9
2024-09-17 12:12:46.532000,409.347008998213,1003
2024-09-17 12:12:46.580000,409.3155019661268,10
2024-09-17 12:12:46.653000,409.3834707076216,11
2024-09-17 12:12:46.659000,409.3742902069287,102
2024-09-17 12:12:46.696000,409.3474140792249,1004
2024-09-17 12:12:46.711000,409.38550235245,1004
2024-09-17 12:12:46.774000,409.3822860800681,101
2024-09-17 12:12:46.810000,409.3346808071554,100
2024-09-17 12:12:46.814000,409.3608745924361,97
2024-09-17 12:12:46.821000,409.28525620846784,11
2024-09-17 12:12:46.876000,409.2812087933518,1005
2024-09-17 12:12:46.936000,409.3316824715685,6
2024-09-17 12:12:46.958000,409.2927890176169,11
2024-09-17 12:12:47.027000,409.278799924413,102
2024-09-17 12:12:48,409.1729353113304,6
2024-09-17 12:12:48.063000,409.2084687622554,97
2024-09-17 12:12:48.131000,409.23503299879815,998
2024-09-17 12:12:48.210000,409.1870716900265,10
2024-09-17 12:12:48.421000,409.21619616944105,1000
2024-09-17 12:12:48.543000,409.2262447426781,1005
2024-09-17 12:12:48.579000,409.2765992718727,102
2024-09-17 12:12:48.743000,409.212415763566,997
2024-09-17 12:12:48.759000,409.1936225734872,1004
2024-09-17 12:12:48.770000,409.199118667594,12
2024-09-17 12:12:48.785000,409.2649650284994,105
2024-09-17 12:12:48.801000,409.1716448387329,1002
2024-09-17 12:12:48.868000,409.2501176813609,96
2024-09-17 12:12:48.955000,409.1667916334645,95
2024-09-17 12:12:48.987000,409.1693409402336,8
2024-09-17 12:12:49.017000,409.2182466841121,104
2024-09-17 12:12:49.125000,409.18037980139457,97
2024-09-17 12:12:49.161000,409.2122189730739,996
2024-09-17 12:12:49.161000,409.21953616788585,9
2024-09-17 12:12:49.305000,409.2228900772541,1005
2024-09-17 12:12:49.348000,409.2417918598418,1001
2024-09-17 12:12:49.357000,409.2324751303738,1004
2024-09-17 12:12:49.411000,409.1850208004991,10
2024-09-17 12:12:49.484000,409.17117857330425,11
2024-09-17 12:12:49.540000,409.2506381980086,1002
2024-09-17 12:12:49.553000,409.2103076927642,96
2024-09-17 12:12:49.587000,409.217364520733,999
2024-09-17 12:12:49.611000,409.24003233834407,1000
2024-09-17 12:12:49.739000,409.1875977867057,7
2024-09-17 12:12:49.814000,409.2377392734824,12
2024-09-17 12:12:49.820000,409.1793655968244,13
2024-09-17 12:12:49.942000,409.1894287256724,999
2024-09-17 12:12:49.965000,409.1857670174965,1003
2024-09-17 12:12:50.112000,409.2630857047514,97
2024-09-17 12:12:50.119000,409.2576249045682,1002
2024-09-17 12:12:50.127000,409.249126324262,997
2024-09-17 12:12:50.130000,409.2465744998706,105
2024-09-17 12:12:50.190000,409.245340179696,1002
2024-09-17 12:12:50.364000,409.2287501021918,1001
2024-09-17 12:12:50.417000,409.2567151908262,99
2024-09-17 12:12:50.503000,409.2493457786671,104
2024-09-17 12:12:50.555000,409.23159711641466,1005
2024-09-17 12:12:50.560000,409.2448623758716,998
2024-09-17 12:12:50.702000,409.23880715092014,97
2024-09-17 12:12:50.789000,409.24324219326746,98
2024-09-17 12:12:50.795000,409.2132255744475,998
2024-09-17 12:12:50.797000,409.2236348833457,12
2024-09-17 12:12:50.816000,409.2217257557264,5
2024-09-17 12:12:50.844000,409.2452563778493,5
2024-09-17 12:12:50.927000,409.24779134018337,12
2024-09-17 12:12:50.987000,409.2488254766065,7
2024-09-17 12:12:51.053000,409.29378381430286,7
2024-09-17 12:12:51.070000,409.3010956930429,15
2024-09-17 12:12:51.123000,409.32151563144976,97
2024-09-17 12:12:51.259000,409.28958919016566,1004
2024-09-17 12:12:51.374000,409.33305305683535,98
2024-09-17 12:12:51.441000,409.2982596987306,14
2024-09-17 12:12:51.442000,409.2719314372208,10
2024-09-17 12:12:51.477000,409.31779153758936,12
2024-09-17 12:12:51.541000,409.3026324200735,1001
2024-09-17 12:12:51.560000,409.2685784000912,96
2024-09-17 12:12:51.625000,409.2735475924526,8
2024-09-17 12:12:51.767000,409.27915041256034,15
2024-09-17 12:12:51.887000,409.2517697663235,102
2024-09-17 12:12:51.900000,409.2617781513477,13
2024-09-17 12:12:53.032000,409.300053259699,1003
2024-09-17 12:12:53.209000,409.3260576603454,98
2024-09-17 12:12:53.210000,409.28526707375465,1000
2024-09-17 12:12:53.265000,409.2981713706633,104
2024-09-17 12:12:53.367000,409.2644533418836,95
2024-09-17 12:12:53.376000,409.32060670197257,98
2024-09-17 12:12:53.417000,409.3337779901778,13
2024-09-17 12:12:53.543000,409.29588554264745,12
2024-09-17 12:12:53.608000,409.3247699285278,998
2024-09-17 12:12:53.619000,409.32158591346246,100
2024-09-17 12:12:53.763000,409.2505390744147,999
2024-09-17 12:12:53.789000,409.27235479359376,12
2024-09-17 12:12:53.968000,409.32744651960274,997
2024-09-17 12:12:54.082000,409.22681136711975,7
2024-09-17 12:12:54.108000,409.19014926380345,1002
2024-09-17 12:12:54.119000,409.2017465398294,100
2024-09-17 12:12:54.204000,409.1902900553664,999
2024-09-17 12:12:54.206000,409.2386842583453,1005
2024-09-17 12:12:54.210000,409.21925408413097,102
2024-09-17 12:12:54.244000,409.1790421284824,98
2024-09-17 12:12:54.349000,409.1819563079444,97
2024-09-17 12:12:54.394000,409.16008761389617,11
2024-09-17 12:12:54.454000,409.2551762180088,1000
2024-09-17 12:12:54.474000,409.19654889992233,1000
2024-09-17 12:12:54.661000,409.2149705734977,104
2024-09-17 12:12:54.686000,409.205549941628,96
2024-09-17 12:12:54.722000,409.1845998232865,102
2024-09-17 12:12:54.750000,409.20281412986094,102
2024-09-17 12:12:54.758000,409.17742345316026,995
2024-09-17 12:12:54.764000,409.2006093019234,105
2024-09-17 12:12:54.778000,409.2195960928068,1005
2024-09-17 12:12:54.822000,409.2021028760006,98
2024-09-17 12:12:54.833000,409.2251813354878,998
2024-09-17 12:12:54.837000,409.1521729519464,1002
2024-09-17 12:12:54.885000,409.1897278805986,1003
2024-09-17 12:12:54.910000,409.16221959281233,997
2024-09-17 12:12:54.990000,409.2208350489527,999
2024-09-17 12:12:55.020000,409.1454834172194,1004
2024-09-17 12:12:55.105000,409.1282583528926,998
2024-09-17 12:12:55.152000,409.1514560961703,996
2024-09-17 12:12:55.196000,409.1294989597761,15
2024-09-17 12:12:55.307000,409.148785902002,1005
2024-09-17 12:12:55.315000,409.1487214595863,5
2024-09-17 12:12:55.359000,409.141823792056,999
2024-09-17 12:12:55.375000,409.13505978144826,1000
2024-09-17 12:12:55.474000,409.1429563744599,15
2024-09-17 12:12:55.496000,409.1361758760889,102
2024-09-17 12:12:55.499000,409.14005656154205,95
2024-09-17 12:12:55.509000,409.13442838429216,104
2024-09-17 12:12:55.591000,409.14368946078713,103
2024-09-17 12:12:55.602000,409.1593098797759,8
2024-09-17 12:12:55.729000,409.1430869745012,97
2024-09-17 12:12:55.743000,409.128728680936,7
2024-09-17 12:12:55.756000,409.1336560894946,98
2024-09-17 12:12:55.974000,409.1627540838685,11
2024-09-17 12:12:56.029000,409.1160536338384,995
2024-09-17 12:12:56.031000,409.1304752895059,98
2024-09-17 12:12:56.247000,409.1116135008211,11
2024-09-17 12:12:56.315000,409.10859919277954,1005
2024-09-17 12:12:56.328000,409.11500844722855,98
2024-09-17 12:12:56.394000,409.11519702096143,11
2024-09-17 12:12:56.526000,409.1087784557784,95
2024-09-17 12:12:56.595000,409.0975649880842,100
2024-09-17 12:12:56.968000,409.1113679726799,8
2024-09-17 12:12:57.012000,409.12060585479566,995
2024-09-17 12:12:57.056000,409.147692833696,101
2024-09-17 12:12:57.172000,409.1032383104211,7
2024-09-17 12:12:57.211000,409.1550843824708,12
2024-09-17 12:12:57.308000,409.1133689815621,997
2024-09-17 12:12:57.362000,409.12962308683854,8
2024-09-17 12:12:57.559000,409.114588207866,98
2024-09-17 12:12:57.678000,409.11941062615256,10
2024-09-17 12:12:57.679000,409.1093323780035,100
2024-09-17 12:12:57.740000,409.1175859869964,8
2024-09-17 12:12:57.750000,409.1153331480662,101
2024-09-17 12:12:57.772000,409.0962969688737,10
2024-09-17 12:12:57.793000,409.1416999820416,12
2024-09-17 12:12:57.805000,409.0943727627052,1004
2024-09-17 12:12:57.833000,409.1072044708188,997
2024-09-17 12:12:57.841000,409.1429733327781,97
2024-09-17 12:12:57.922000,409.1155847863638,1004
2024-09-17 12:12:57.982000,409.1253129538884,9
2024-09-17 12:12:58.015000,409.0925744661617,9
2024-09-17 12:12:58.018000,409.0901690579873,9
2024-09-17 12:12:58.097000,409.09533423179,15
2024-09-17 12:12:58.131000,409.1121440292459,10
2024-09-17 12:12:58.217000,409.0889192808821,998
2024-09-17 12:12:58.239000,409.10737683630896,1005
2024-09-17 12:12:58.301000,409.0994948016727,1000
2024-09-17 12:12:58.345000,409.08201690477097,103
2024-09-17 12:12:58.425000,409.09012971990927,996
2024-09-17 12:12:58.432000,409.0746164344815,997
2024-09-17 12:12:58.483000,409.1105655180222,8
2024-09-17 12:12:58.541000,409.1084758866335,10
2024-09-17 12:12:58.557000,409.1065933180139,95
2024-09-17 12:12:58.562000,409.0827800614047,100
2024-09-17 12:12:58.684000,409.0954960946304,11
2024-09-17 12:12:58.730000,409.1020254704961,6
2024-09-17 12:12:58.738000,409.09498030893576,999
2024-09-17 12:12:58.765000,409.10884509208734,13
2024-09-17 12:12:58.789000,409.0881162562928,11
2024-09-17 12:12:58.794000,409.0919796153025,9
2024-09-17 12:12:58.796000,409.0935314202245,995
2024-09-17 12:12:58.818000,409.086563849089,100
2024-09-17 12:12:58.851000,409.0853277668061,12
2024-09-17 12:12:59.117000,409.099241890335,1002
2024-09-17 12:12:59.200000,409.0770859488636,105
2024-09-17 12:12:59.242000,409.0871991468036,101
2024-09-17 12:12:59.421000,409.0594992316415,98
2024-09-17 12:12:59.455000,409.07144559432135,5
2024-09-17 12:12:59.491000,409.067396413184,997
2024-09-17 12:12:59.566000,409.1040339179566,1000
2024-09-17 12:12:59.722000,409.08871247130793,1004
2024-09-17 12:12:59.749000,409.0916702801632,96
2024-09-17 12:12:59.900000,409.07335982261975,101
