Timestamp,Price,Size
2024-09-16 15:40:00.399000,417.1650670584055,1001
2024-09-16 15:40:00.760000,417.1813737001752,98
2024-09-16 15:40:01.072000,417.09605461669554,100
2024-09-16 15:40:01.153000,417.0895463117669,97
2024-09-16 15:40:01.163000,417.1929464878964,10
2024-09-16 15:40:01.192000,417.1858066652446,103
2024-09-16 15:40:01.253000,417.1705606971488,8
2024-09-16 15:40:01.279000,417.1729676216758,1000
2024-09-16 15:40:01.359000,417.1667421583393,101
2024-09-16 15:40:01.390000,417.1463525188666,1005
2024-09-16 15:40:01.476000,417.1931622874297,998
2024-09-16 15:40:01.548000,417.0918302852701,14
2024-09-16 15:40:01.603000,417.1382387785835,104
2024-09-16 15:40:01.611000,417.0900713035291,10
2024-09-16 15:40:01.662000,417.1973470823454,8
2024-09-16 15:40:01.823000,417.17372156354577,6
2024-09-16 15:40:01.892000,417.17410808735445,14
2024-09-16 15:40:01.968000,417.171555118288,95
2024-09-16 15:40:01.978000,417.1099666672132,10
2024-09-16 15:40:01.983000,417.1902854826558,1001
2024-09-16 15:40:02.151000,417.0676622534658,7
2024-09-16 15:40:02.206000,417.10457184762527,5
2024-09-16 15:40:02.270000,417.0881857771584,1003
2024-09-16 15:40:02.280000,417.0702244907408,9
2024-09-16 15:40:02.282000,417.0621261287961,15
2024-09-16 15:40:02.284000,417.0487464052519,1004
2024-09-16 15:40:02.354000,417.0991956057567,103
2024-09-16 15:40:02.383000,417.0961298612272,97
2024-09-16 15:40:02.388000,417.0898445974817,6
2024-09-16 15:40:02.399000,417.11346641983386,99
2024-09-16 15:40:02.416000,417.06493037569487,6
2024-09-16 15:40:02.427000,417.0647050480538,6
2024-09-16 15:40:02.454000,417.1142593603846,14
2024-09-16 15:40:02.457000,417.07584194242577,95
2024-09-16 15:40:02.515000,417.1060246053354,10
2024-09-16 15:40:02.546000,417.0612115752228,102
2024-09-16 15:40:02.584000,417.1042232429524,1005
2024-09-16 15:40:02.616000,417.0831745987792,8
2024-09-16 15:40:02.627000,417.0846114611739,95
2024-09-16 15:40:02.633000,417.0885843787489,997
2024-09-16 15:40:02.656000,417.0706444089993,105
2024-09-16 15:40:02.747000,417.0908980252852,1004
2024-09-16 15:40:02.788000,417.0949152463026,996
2024-09-16 15:40:02.794000,417.10288598398273,101
2024-09-16 15:40:02.837000,417.0926417377611,1002
2024-09-16 15:40:02.866000,417.065534489353,13
2024-09-16 15:40:02.950000,417.0672898445104,105
2024-09-16 15:40:03.107000,417.029471409793,1002
2024-09-16 15:40:03.211000,417.001848480307,10
2024-09-16 15:40:03.272000,417.0354874577224,997
2024-09-16 15:40:03.378000,417.0580104511563,998
2024-09-16 15:40:03.434000,417.04556584093245,996
2024-09-16 15:40:03.458000,417.088994141921,102
2024-09-16 15:40:03.489000,417.0549453870607,99
2024-09-16 15:40:03.506000,417.0594947585666,105
2024-09-16 15:40:03.717000,417.0443367976902,15
2024-09-16 15:40:03.781000,417.028412439143,96
2024-09-16 15:40:03.910000,417.06470826254497,6
2024-09-16 15:40:03.935000,417.0180760906752,1003
2024-09-16 15:40:03.982000,417.04825030551694,101
2024-09-16 15:40:04.104000,417.0227056911665,95
2024-09-16 15:40:04.115000,416.9573800225466,104
2024-09-16 15:40:04.277000,416.9677428096433,102
2024-09-16 15:40:04.402000,417.0377950062565,1001
2024-09-16 15:40:04.448000,417.0336629576243,100
2024-09-16 15:40:04.499000,417.04991930547095,999
2024-09-16 15:40:04.557000,416.9899846932085,9
2024-09-16 15:40:04.605000,417.0068315530821,8
2024-09-16 15:40:04.799000,417.0057035033767,996
2024-09-16 15:40:04.889000,416.9586655681716,105
2024-09-16 15:40:04.918000,417.0638633661498,995
2024-09-16 15:40:05.367000,417.4932148699159,996
2024-09-16 15:40:05.468000,417.0424600156179,13
2024-09-16 15:40:06.089000,417.02955001448765,10
2024-09-16 15:40:06.154000,417.0367399663798,9
2024-09-16 15:40:06.361000,417.4914311276653,999
2024-09-16 15:40:06.414000,417.0340795947184,6
2024-09-16 15:40:06.425000,417.03582935473145,1003
2024-09-16 15:40:06.549000,417.0523243360869,14
2024-09-16 15:40:06.624000,417.0440864265159,102
2024-09-16 15:40:06.632000,417.0330691662925,6
2024-09-16 15:40:06.782000,417.0293241947152,97
2024-09-16 15:40:06.868000,417.0511059477782,1000
2024-09-16 15:40:06.913000,417.0422422014129,996
2024-09-16 15:40:07.013000,417.03543050154985,103
2024-09-16 15:40:07.024000,416.9438400491271,8
2024-09-16 15:40:07.060000,416.934654963978,99
2024-09-16 15:40:07.065000,416.9891284574699,5
2024-09-16 15:40:07.066000,416.99253321445,99
2024-09-16 15:40:07.184000,416.9748409969496,11
2024-09-16 15:40:07.207000,417.0086943867374,996
2024-09-16 15:40:07.225000,417.02277971249504,1000
2024-09-16 15:40:07.236000,416.9782922239015,15
2024-09-16 15:40:07.274000,417.022292519862,97
2024-09-16 15:40:07.289000,416.9954165305828,13
2024-09-16 15:40:07.318000,417.0176142960236,5
2024-09-16 15:40:07.357000,416.99717832305765,7
2024-09-16 15:40:07.365000,416.9871353976468,7
2024-09-16 15:40:07.408000,416.9874232978645,104
2024-09-16 15:40:07.589000,416.9813907751573,1005
2024-09-16 15:40:07.616000,416.9979132897096,98
2024-09-16 15:40:07.674000,416.9993420782198,1000
2024-09-16 15:40:07.674000,416.98715123377866,105
2024-09-16 15:40:07.695000,417.01646327605255,15
2024-09-16 15:40:07.717000,417.0017965056701,995
2024-09-16 15:40:07.720000,416.9844667860668,6
2024-09-16 15:40:07.725000,416.99092447567216,7
2024-09-16 15:40:07.736000,416.9994360594989,101
2024-09-16 15:40:07.752000,416.9848910297564,1005
2024-09-16 15:40:07.857000,416.9808230403823,95
2024-09-16 15:40:07.870000,417.02581284528543,100
2024-09-16 15:40:07.900000,416.9778458833088,1000
2024-09-16 15:40:07.963000,416.9733918853825,1005
2024-09-16 15:40:09.078000,416.8978827543924,1001
2024-09-16 15:40:09.316000,416.901525102581,100
2024-09-16 15:40:09.342000,416.90933954213017,996
2024-09-16 15:40:09.350000,416.90235773788106,1001
2024-09-16 15:40:09.355000,416.8990972712843,15
2024-09-16 15:40:09.446000,416.9023056530362,1005
2024-09-16 15:40:09.464000,416.9126493070715,998
2024-09-16 15:40:09.476000,416.9040789380557,998
2024-09-16 15:40:09.487000,416.89986033325977,14
2024-09-16 15:40:09.504000,416.9380991278771,14
2024-09-16 15:40:09.552000,416.9579495281672,6
2024-09-16 15:40:09.572000,416.898577354104,102
2024-09-16 15:40:09.633000,416.90132626362873,996
2024-09-16 15:40:09.754000,416.8995444910692,102
2024-09-16 15:40:09.772000,416.90162578629054,98
2024-09-16 15:40:09.821000,416.94391996401646,7
2024-09-16 15:40:09.934000,416.909430451024,98
2024-09-16 15:40:09.965000,416.96232713959216,95
2024-09-16 15:40:09.969000,416.92334490707947,6
2024-09-16 15:40:10.035000,416.90088203727214,96
2024-09-16 15:40:10.154000,416.88686350094895,5
2024-09-16 15:40:10.305000,416.86514087568656,95
2024-09-16 15:40:10.535000,416.8971588057335,15
2024-09-16 15:40:10.764000,416.90109820024014,8
2024-09-16 15:40:10.828000,416.8954891062734,8
2024-09-16 15:40:11.017000,416.88446785820577,1000
2024-09-16 15:40:11.038000,416.9451887681561,104
2024-09-16 15:40:11.038000,416.8657456942593,104
2024-09-16 15:40:11.103000,416.9192242979857,13
2024-09-16 15:40:11.110000,416.96317215120376,95
2024-09-16 15:40:11.318000,416.8764670168523,11
2024-09-16 15:40:11.348000,416.8696425981828,12
2024-09-16 15:40:11.433000,416.90504006579374,97
2024-09-16 15:40:11.474000,416.9230338474025,1002
2024-09-16 15:40:11.529000,416.8823476208827,1005
2024-09-16 15:40:11.532000,416.9245546445455,6
2024-09-16 15:40:11.557000,416.9012593692087,10
2024-09-16 15:40:11.593000,416.9170158153405,101
2024-09-16 15:40:11.617000,416.9266587830912,1003
2024-09-16 15:40:11.624000,416.9258039466762,11
2024-09-16 15:40:11.647000,416.86570374762766,13
2024-09-16 15:40:11.671000,416.8713387940047,11
2024-09-16 15:40:11.714000,416.950002687915,12
2024-09-16 15:40:11.773000,416.859227018517,96
2024-09-16 15:40:11.784000,416.9468295337225,1005
2024-09-16 15:40:11.872000,416.9576865962597,11
2024-09-16 15:40:11.896000,416.8672333917175,14
2024-09-16 15:40:11.948000,416.9195704048974,995
2024-09-16 15:40:11.965000,416.9446948427727,1002
2024-09-16 15:40:11.969000,416.849030924375,100
2024-09-16 15:40:12.058000,416.911617859088,1005
2024-09-16 15:40:12.150000,416.9340597235773,95
2024-09-16 15:40:12.168000,416.9137664788377,995
2024-09-16 15:40:12.236000,416.8999377122217,11
2024-09-16 15:40:12.342000,416.9320497362689,101
2024-09-16 15:40:12.358000,416.9193614179837,8
2024-09-16 15:40:12.398000,416.9166019331167,1005
2024-09-16 15:40:12.408000,416.91768599067,1004
2024-09-16 15:40:12.408000,416.9000372655232,10
2024-09-16 15:40:12.416000,416.9077265775582,1004
2024-09-16 15:40:12.445000,416.9641912014264,6
2024-09-16 15:40:12.497000,416.9412584646177,995
2024-09-16 15:40:12.540000,416.94605869806753,6
2024-09-16 15:40:12.548000,416.9663375211052,995
2024-09-16 15:40:12.563000,416.9690268562505,104
2024-09-16 15:40:12.630000,416.90846978957046,8
2024-09-16 15:40:12.703000,416.8821901369443,1002
2024-09-16 15:40:12.722000,416.9039311011579,996
2024-09-16 15:40:12.731000,416.9251148254936,15
2024-09-16 15:40:12.869000,416.8872633148593,104
2024-09-16 15:40:12.872000,416.9415462292243,6
2024-09-16 15:40:12.880000,416.9408074593819,104
2024-09-16 15:40:12.910000,416.9100885510642,104
2024-09-16 15:40:13.034000,416.88292979850894,11
2024-09-16 15:40:13.153000,416.8464207259263,103
2024-09-16 15:40:13.536000,416.8638889206825,97
2024-09-16 15:40:13.604000,416.8960865059495,13
2024-09-16 15:40:13.640000,416.8780740238124,99
2024-09-16 15:40:13.772000,416.8976279891489,105
2024-09-16 15:40:13.822000,416.9037486567409,996
2024-09-16 15:40:13.900000,416.8784659000263,997
2024-09-16 15:40:14.010000,416.9628516993666,104
2024-09-16 15:40:14.092000,416.9728628631889,13
2024-09-16 15:40:14.117000,416.9341068031302,101
2024-09-16 15:40:14.144000,416.885535537616,12
2024-09-16 15:40:14.207000,417.0317123285136,8
2024-09-16 15:40:14.265000,416.9090963684313,104
2024-09-16 15:40:14.301000,416.9112662890847,1002
2024-09-16 15:40:14.362000,417.0196040506528,95
2024-09-16 15:40:14.412000,417.0192408215137,96
2024-09-16 15:40:14.493000,416.936244174508,97
2024-09-16 15:40:14.570000,417.0261932990201,14
2024-09-16 15:40:14.622000,416.8828194940051,10
2024-09-16 15:40:14.645000,416.929575555379,15
2024-09-16 15:40:14.657000,417.0319281973966,103
2024-09-16 15:40:14.664000,416.9439148688168,13
2024-09-16 15:40:14.666000,416.91436904848194,8
2024-09-16 15:40:14.688000,416.9224250431064,10
2024-09-16 15:40:14.698000,416.9153090075028,11
2024-09-16 15:40:14.700000,416.9238461262055,14
2024-09-16 15:40:14.711000,416.9835509982424,97
2024-09-16 15:40:14.712000,417.0367631571152,995
2024-09-16 15:40:14.818000,416.9146570879227,100
2024-09-16 15:40:14.945000,416.98491387912645,97
2024-09-16 15:40:14.950000,416.8987187993044,8
2024-09-16 15:40:14.961000,417.0207727507034,1000
2024-09-16 15:40:14.985000,416.9690165545614,997
2024-09-16 15:40:14.994000,416.9316601229785,100
2024-09-16 15:40:15.044000,416.9337387719289,5
2024-09-16 15:40:15.051000,416.9339395674722,998
2024-09-16 15:40:15.064000,416.9451420939381,1005
2024-09-16 15:40:15.090000,416.9946727512733,5
2024-09-16 15:40:15.096000,416.9953099435877,999
2024-09-16 15:40:15.138000,416.9111129861631,12
2024-09-16 15:40:15.187000,416.9165985005775,102
2024-09-16 15:40:15.219000,416.95503752734686,12
2024-09-16 15:40:15.227000,416.8973325147082,97
2024-09-16 15:40:15.329000,416.9005536947186,999
2024-09-16 15:40:15.334000,416.9822069260351,95
2024-09-16 15:40:15.395000,416.9113990684981,15
2024-09-16 15:40:15.441000,416.94474367183295,1001
2024-09-16 15:40:15.472000,416.9112632449453,995
2024-09-16 15:40:15.475000,416.8770765300882,6
2024-09-16 15:40:15.522000,416.97047017042655,8
2024-09-16 15:40:15.576000,416.9201345280749,7
2024-09-16 15:40:15.611000,416.9588460967094,98
2024-09-16 15:40:15.650000,416.93240160492815,995
2024-09-16 15:40:15.654000,416.9757379068796,11
2024-09-16 15:40:15.680000,416.92050453859946,1005
2024-09-16 15:40:15.729000,416.9916449136304,100
2024-09-16 15:40:15.737000,416.8935314438309,9
2024-09-16 15:40:15.766000,416.9534804403427,1003
2024-09-16 15:40:15.865000,416.9497728505493,8
2024-09-16 15:40:16.015000,416.84310612760055,96
2024-09-16 15:40:16.029000,416.9129634622352,996
2024-09-16 15:40:16.078000,416.9190542834549,1001
2024-09-16 15:40:16.162000,416.81566654192704,995
2024-09-16 15:40:16.220000,416.79701107131626,10
2024-09-16 15:40:16.272000,416.7952281644109,1001
2024-09-16 15:40:16.288000,416.8169865692222,96
2024-09-16 15:40:16.296000,416.84389549717866,105
2024-09-16 15:40:16.363000,417.3921502571809,101
2024-09-16 15:40:16.408000,416.7977855434268,999
2024-09-16 15:40:16.435000,416.883150669699,97
2024-09-16 15:40:16.481000,416.9111059125737,15
2024-09-16 15:40:16.508000,416.7876519936667,9
2024-09-16 15:40:16.509000,416.8646523424308,103
2024-09-16 15:40:16.533000,416.8047092569186,97
2024-09-16 15:40:16.603000,416.9017100432247,97
2024-09-16 15:40:16.687000,416.9136823061291,104
2024-09-16 15:40:16.717000,416.92276626597805,7
2024-09-16 15:40:16.717000,416.91060062951954,101
2024-09-16 15:40:16.720000,416.89210994138426,999
2024-09-16 15:40:16.736000,416.7870234164611,6
2024-09-16 15:40:16.774000,416.9034298114108,999
2024-09-16 15:40:16.806000,416.79426709148674,998
2024-09-16 15:40:16.835000,416.8971350409526,999
2024-09-16 15:40:16.866000,416.9017752485886,104
2024-09-16 15:40:16.911000,416.8553820709227,12
2024-09-16 15:40:16.934000,416.9005176708122,15
2024-09-16 15:40:16.954000,416.9107056995955,102
2024-09-16 15:40:16.972000,416.8666878906347,97
2024-09-16 15:40:16.988000,416.8653571185648,8
2024-09-16 15:40:17.016000,416.7435169473832,998
2024-09-16 15:40:17.037000,416.8133067202739,98
2024-09-16 15:40:17.100000,416.80515916278006,998
2024-09-16 15:40:17.100000,416.83043731491625,11
2024-09-16 15:40:17.103000,416.76287094249903,105
2024-09-16 15:40:17.114000,416.7936220679169,15
2024-09-16 15:40:17.278000,416.7554813234155,103
2024-09-16 15:40:17.375000,416.7953863307026,999
2024-09-16 15:40:17.467000,416.81545332676455,95
2024-09-16 15:40:17.490000,416.7874359416235,1002
2024-09-16 15:40:17.622000,416.8259461158903,1002
2024-09-16 15:40:17.697000,416.8295875095109,98
2024-09-16 15:40:17.753000,416.786428425714,1001
2024-09-16 15:40:17.807000,416.8437657666993,5
2024-09-16 15:40:18.042000,416.8842035770968,1000
2024-09-16 15:40:18.055000,416.8904466389096,103
2024-09-16 15:40:18.157000,416.8948545528107,15
2024-09-16 15:40:18.196000,416.8906563945946,7
2024-09-16 15:40:18.209000,416.8922423403528,1000
2024-09-16 15:40:18.266000,416.88601654536745,996
2024-09-16 15:40:18.340000,416.8763511553397,14
2024-09-16 15:40:18.346000,416.8332673858427,98
2024-09-16 15:40:18.370000,416.8700389763704,995
2024-09-16 15:40:18.395000,416.8763024390056,104
2024-09-16 15:40:18.414000,416.8635875711376,1000
2024-09-16 15:40:18.499000,416.8948071286,13
2024-09-16 15:40:18.521000,416.8738395824311,6
2024-09-16 15:40:18.564000,416.8653821388624,9
2024-09-16 15:40:18.587000,416.8512949157448,102
2024-09-16 15:40:18.616000,416.874299765474,105
2024-09-16 15:40:18.772000,416.87076131231765,995
2024-09-16 15:40:18.820000,416.89164649843167,6
2024-09-16 15:40:18.884000,416.8899881208175,1003
2024-09-16 15:40:18.941000,416.8616455893679,1001
2024-09-16 15:40:19.014000,416.90035832787817,97
2024-09-16 15:40:19.095000,416.9205878968292,105
2024-09-16 15:40:19.114000,416.8691681812675,97
2024-09-16 15:40:19.147000,416.9318423534455,1005
2024-09-16 15:40:19.199000,416.8823823296039,996
2024-09-16 15:40:19.248000,416.9121013267384,99
2024-09-16 15:40:19.329000,416.88866574194094,8
2024-09-16 15:40:19.386000,416.8720301223539,998
2024-09-16 15:40:19.436000,416.9136512356541,6
2024-09-16 15:40:19.583000,416.9290987721483,998
2024-09-16 15:40:19.587000,416.92477883979245,13
2024-09-16 15:40:19.618000,416.94543922600656,1003
2024-09-16 15:40:19.621000,416.9151200655008,9
2024-09-16 15:40:19.689000,416.9371603558622,13
2024-09-16 15:40:19.697000,416.85520814803135,13
2024-09-16 15:40:19.738000,416.9114372258881,9
2024-09-16 15:40:19.747000,416.84131627928656,10
2024-09-16 15:40:19.765000,416.9195070928288,14
2024-09-16 15:40:19.854000,416.89087685578176,105
2024-09-16 15:40:19.970000,416.935053924472,98
2024-09-16 15:40:20.012000,417.0162240910587,104
2024-09-16 15:40:20.157000,417.0314961138788,9
2024-09-16 15:40:20.240000,416.9897961742072,9
2024-09-16 15:40:20.245000,416.98996096036456,98
2024-09-16 15:40:20.299000,417.01032420041776,9
2024-09-16 15:40:20.516000,416.9910737241409,1002
2024-09-16 15:40:20.563000,417.4604880214206,8
2024-09-16 15:40:20.747000,417.0087016016867,6
2024-09-16 15:40:20.753000,417.0190910328095,15
2024-09-16 15:40:20.795000,416.942741552785,9
2024-09-16 15:40:20.806000,416.9967557743236,1000
2024-09-16 15:40:20.922000,416.9758425198754,6
2024-09-16 15:40:20.951000,416.9902322137311,12
2024-09-16 15:40:21.097000,417.0179750809053,5
2024-09-16 15:40:21.148000,417.0210389634631,999
2024-09-16 15:40:21.283000,417.0222037060761,11
2024-09-16 15:40:21.287000,417.00027060762255,99
2024-09-16 15:40:21.289000,417.0087919550403,11
2024-09-16 15:40:21.322000,417.0380284229898,102
2024-09-16 15:40:21.336000,417.02834264056656,998
2024-09-16 15:40:21.365000,417.01506408628654,1001
2024-09-16 15:40:21.383000,417.0093305573211,100
2024-09-16 15:40:21.410000,417.0626392926576,995
2024-09-16 15:40:21.452000,417.00833288940447,102
2024-09-16 15:40:21.497000,417.0003173686223,7
2024-09-16 15:40:21.555000,417.0805943941445,7
2024-09-16 15:40:21.633000,417.0229930620807,97
2024-09-16 15:40:21.672000,417.05693072490624,102
2024-09-16 15:40:21.755000,417.0496502284991,1003
2024-09-16 15:40:21.813000,417.0690429430197,104
2024-09-16 15:40:21.825000,417.0189877747183,105
2024-09-16 15:40:21.842000,417.0735860600726,1004
2024-09-16 15:40:21.984000,417.0619043059782,10
2024-09-16 15:40:22.037000,417.02908119341737,15
2024-09-16 15:40:22.426000,416.9719754208053,99
2024-09-16 15:40:22.436000,416.97932873399503,995
2024-09-16 15:40:22.452000,416.9676058028376,104
2024-09-16 15:40:22.586000,416.9974364037921,97
2024-09-16 15:40:22.621000,416.97050480862816,1005
2024-09-16 15:40:22.684000,416.96899517949936,6
2024-09-16 15:40:22.803000,416.9852453451954,1003
2024-09-16 15:40:22.993000,416.97170674062977,98
2024-09-16 15:40:23.005000,416.8676875341165,103
2024-09-16 15:40:23.400000,416.923425660662,14
2024-09-16 15:40:23.413000,416.9555317767512,996
2024-09-16 15:40:23.438000,416.8663400609456,103
2024-09-16 15:40:23.524000,417.4253400085837,996
2024-09-16 15:40:23.686000,416.96383325597657,12
2024-09-16 15:40:23.686000,416.956621109761,9
2024-09-16 15:40:23.713000,416.86180236194303,999
2024-09-16 15:40:23.716000,416.9660449561335,997
2024-09-16 15:40:23.755000,416.8671637243534,98
2024-09-16 15:40:23.759000,416.8648796283144,97
2024-09-16 15:40:23.817000,416.9237961881744,97
2024-09-16 15:40:23.843000,416.8880982254991,998
2024-09-16 15:40:23.880000,416.9513894678219,99
2024-09-16 15:40:23.905000,416.8637510496421,8
2024-09-16 15:40:24.296000,416.8586026775626,996
2024-09-16 15:40:24.437000,416.83395154853184,99
2024-09-16 15:40:24.469000,416.8202349744066,1005
2024-09-16 15:40:24.888000,416.8211562555177,99
2024-09-16 15:40:24.965000,416.82444613098073,996
2024-09-16 15:40:25.039000,416.8403081524379,998
2024-09-16 15:40:25.077000,416.8407961155319,12
2024-09-16 15:40:25.133000,416.8563000454124,1003
2024-09-16 15:40:25.355000,416.8369077254203,95
2024-09-16 15:40:25.365000,416.8436703227945,8
2024-09-16 15:40:25.418000,416.8144855512085,8
2024-09-16 15:40:25.578000,416.8421027299914,6
2024-09-16 15:40:25.660000,416.8242552995761,999
2024-09-16 15:40:25.676000,416.8383373364291,15
2024-09-16 15:40:25.688000,416.85208681028416,98
2024-09-16 15:40:25.716000,416.8323926218361,997
2024-09-16 15:40:25.875000,416.8445054950088,95
2024-09-16 15:40:25.893000,416.8261154233088,100
2024-09-16 15:40:25.908000,416.8294469823235,101
2024-09-16 15:40:25.956000,416.8303940668236,1005
2024-09-16 15:40:26,416.8429721842131,1001
2024-09-16 15:40:26.132000,416.8524271483304,1002
2024-09-16 15:40:26.263000,416.8285703905608,95
2024-09-16 15:40:26.379000,416.84961771009546,103
2024-09-16 15:40:26.436000,416.8514565415161,1000
2024-09-16 15:40:26.545000,416.822141718254,1003
2024-09-16 15:40:26.546000,416.8095231285157,1002
2024-09-16 15:40:26.613000,416.835263555128,5
2024-09-16 15:40:26.672000,416.8550980181014,103
2024-09-16 15:40:26.946000,416.8267764742624,5
2024-09-16 15:40:27.034000,416.81291416926905,96
2024-09-16 15:40:27.060000,416.7957800851468,101
2024-09-16 15:40:27.094000,416.8481353571326,9
2024-09-16 15:40:27.123000,416.7942864573455,103
2024-09-16 15:40:27.215000,416.8211805229365,997
2024-09-16 15:40:27.269000,416.8199150138007,101
2024-09-16 15:40:27.278000,416.8018577726223,1001
2024-09-16 15:40:27.304000,416.8520325789515,10
2024-09-16 15:40:27.307000,416.8216384491613,10
2024-09-16 15:40:27.424000,416.84062876101336,10
2024-09-16 15:40:27.498000,416.81766060897166,999
2024-09-16 15:40:27.499000,416.84929220505904,6
2024-09-16 15:40:27.569000,416.8138108271822,5
2024-09-16 15:40:27.619000,416.8110656605412,105
2024-09-16 15:40:27.631000,416.8508082387333,103
2024-09-16 15:40:27.675000,416.82476423739024,996
2024-09-16 15:40:27.681000,416.85460365208775,100
2024-09-16 15:40:27.752000,416.79509811364096,105
2024-09-16 15:40:27.786000,416.8289175093968,9
2024-09-16 15:40:27.801000,416.7822195915281,96
2024-09-16 15:40:27.873000,416.86490305625375,13
2024-09-16 15:40:27.895000,416.798075411025,996
2024-09-16 15:40:27.940000,416.8466141643858,105
2024-09-16 15:40:27.965000,416.85670971297554,1005
2024-09-16 15:40:27.970000,416.8746116196549,6
2024-09-16 15:40:28.002000,416.8642995868633,104
2024-09-16 15:40:28.035000,416.92131779750673,104
2024-09-16 15:40:28.037000,416.9184102563789,96
2024-09-16 15:40:28.150000,416.8366107387679,996
2024-09-16 15:40:28.198000,416.8506662287931,12
2024-09-16 15:40:28.260000,416.8743520129667,1003
2024-09-16 15:40:28.330000,416.8687102387739,13
2024-09-16 15:40:28.440000,416.9385750128483,15
2024-09-16 15:40:28.452000,416.8548774966234,10
2024-09-16 15:40:28.513000,416.8966567087202,103
2024-09-16 15:40:28.613000,416.8713621554862,102
2024-09-16 15:40:28.622000,416.8585510422623,11
2024-09-16 15:40:28.641000,416.9408198351626,8
2024-09-16 15:40:28.642000,416.8607376948119,996
2024-09-16 15:40:28.736000,416.9435095017675,1005
2024-09-16 15:40:28.782000,416.9368579900213,1005
2024-09-16 15:40:28.891000,416.8143820108442,15
2024-09-16 15:40:28.958000,416.95122278449713,1001
2024-09-16 15:40:28.994000,416.8711668051924,103
2024-09-16 15:40:29.413000,416.9258901147023,15
2024-09-16 15:40:29.579000,416.921318164182,96
2024-09-16 15:40:30.075000,416.9140087231234,995
2024-09-16 15:40:30.112000,416.91753481696566,11
2024-09-16 15:40:30.182000,416.9730911883639,6
2024-09-16 15:40:30.229000,416.9143664910653,97
2024-09-16 15:40:30.311000,416.93441342552353,999
2024-09-16 15:40:30.320000,416.9533152950914,8
2024-09-16 15:40:30.347000,416.943179761569,1002
2024-09-16 15:40:30.420000,416.9214744044835,1000
2024-09-16 15:40:30.453000,416.9326854965501,1004
2024-09-16 15:40:30.456000,416.9721085642095,1003
2024-09-16 15:40:30.570000,416.9751484356906,100
2024-09-16 15:40:30.597000,416.9276775533062,997
2024-09-16 15:40:30.609000,416.91632469399207,100
2024-09-16 15:40:30.630000,416.9333027429484,14
2024-09-16 15:40:30.664000,416.9221222006559,11
2024-09-16 15:40:30.665000,416.9616395079212,6
2024-09-16 15:40:30.745000,416.9315719597981,6
2024-09-16 15:40:30.770000,416.9296885209513,95
2024-09-16 15:40:30.821000,416.92796461952537,99
2024-09-16 15:40:30.900000,416.9169438989665,11
2024-09-16 15:40:30.961000,416.9246289441839,97
2024-09-16 15:40:30.970000,416.9465666364268,103
2024-09-16 15:40:31.057000,417.024467925737,1001
2024-09-16 15:40:31.066000,417.0119685265828,7
2024-09-16 15:40:31.141000,416.9855816647665,11
2024-09-16 15:40:31.311000,417.0171604830349,9
2024-09-16 15:40:31.318000,417.0139175274472,101
2024-09-16 15:40:31.394000,417.0164808221807,96
2024-09-16 15:40:31.424000,417.0007651643105,15
2024-09-16 15:40:31.456000,417.0006093763735,8
2024-09-16 15:40:31.473000,416.9737429263361,99
2024-09-16 15:40:31.525000,416.9961378413381,6
2024-09-16 15:40:31.529000,416.9752209022129,96
2024-09-16 15:40:31.548000,417.0026865360952,1005
2024-09-16 15:40:31.591000,416.9737102162493,102
2024-09-16 15:40:31.626000,417.0043837327942,8
2024-09-16 15:40:31.648000,416.9978667466441,102
2024-09-16 15:40:31.659000,416.9733070476785,1005
2024-09-16 15:40:31.664000,416.99466911179405,12
2024-09-16 15:40:31.696000,417.0069149954094,1005
2024-09-16 15:40:31.704000,417.0118392593853,103
2024-09-16 15:40:31.772000,416.9924824935026,105
2024-09-16 15:40:31.793000,417.0052627357931,95
2024-09-16 15:40:31.798000,417.0312345767095,104
2024-09-16 15:40:31.828000,417.00671564911846,9
2024-09-16 15:40:31.895000,417.0077304446136,999
2024-09-16 15:40:31.898000,416.9960651942218,96
2024-09-16 15:40:32.132000,416.985723417471,95
2024-09-16 15:40:32.186000,416.963487062648,995
2024-09-16 15:40:32.475000,416.9559163748598,103
2024-09-16 15:40:32.650000,416.9622258483391,997
2024-09-16 15:40:32.896000,416.9972206713012,98
2024-09-16 15:40:32.898000,416.95674337912095,10
2024-09-16 15:40:32.961000,416.9661509417997,11
2024-09-16 15:40:33.147000,416.96711323052506,102
2024-09-16 15:40:33.151000,416.9798421514575,1004
2024-09-16 15:40:33.182000,416.9851569266068,1004
2024-09-16 15:40:33.194000,416.97831158845577,99
2024-09-16 15:40:33.234000,416.988225146992,1000
2024-09-16 15:40:33.243000,416.9651007833622,9
2024-09-16 15:40:33.398000,416.9807386734887,104
2024-09-16 15:40:33.443000,416.9883388577764,13
2024-09-16 15:40:33.567000,416.9809060132077,1005
2024-09-16 15:40:33.675000,416.98022107300574,99
2024-09-16 15:40:33.720000,416.9934024045854,14
2024-09-16 15:40:33.842000,416.9608093430567,1002
2024-09-16 15:40:33.876000,416.967256612945,999
2024-09-16 15:40:33.964000,416.959453047559,1003
2024-09-16 15:40:34.016000,416.90173942376566,95
2024-09-16 15:40:34.120000,416.936872807468,13
2024-09-16 15:40:34.176000,416.9159024566183,6
2024-09-16 15:40:34.206000,416.9497501579248,102
2024-09-16 15:40:34.259000,416.9150465036605,11
2024-09-16 15:40:34.299000,416.92731425142586,1000
2024-09-16 15:40:34.348000,416.9611554852635,100
2024-09-16 15:40:34.508000,416.89164266788816,100
2024-09-16 15:40:34.518000,416.9554455935029,104
2024-09-16 15:40:34.534000,416.9582202053847,1000
2024-09-16 15:40:34.572000,416.9356722626084,996
2024-09-16 15:40:34.637000,416.90256789305545,7
2024-09-16 15:40:34.683000,416.9321028279152,7
2024-09-16 15:40:34.698000,416.96500811816486,1004
2024-09-16 15:40:34.725000,416.9338217202288,1003
2024-09-16 15:40:34.741000,416.94862206993366,96
2024-09-16 15:40:34.765000,416.9014765604298,999
2024-09-16 15:40:34.811000,416.9534865414891,12
2024-09-16 15:40:34.840000,416.9214632870807,10
2024-09-16 15:40:34.851000,416.9532921826034,105
2024-09-16 15:40:34.859000,416.9404817922969,1001
2024-09-16 15:40:34.938000,416.91372859292665,6
2024-09-16 15:40:34.941000,416.9247574441068,7
2024-09-16 15:40:34.955000,416.9405539934501,104
2024-09-16 15:40:34.958000,416.9471732271283,1002
2024-09-16 15:40:34.974000,416.9273408514898,97
2024-09-16 15:40:35.017000,416.917680673201,1000
2024-09-16 15:40:35.062000,416.9127787863263,996
2024-09-16 15:40:35.081000,416.9529645916414,96
2024-09-16 15:40:35.233000,416.9574814797581,104
2024-09-16 15:40:35.366000,416.9110431316884,1001
2024-09-16 15:40:35.400000,416.9223590709147,996
2024-09-16 15:40:35.528000,416.962932092623,7
2024-09-16 15:40:35.529000,416.9413348406904,101
2024-09-16 15:40:35.580000,416.9603545900406,1005
2024-09-16 15:40:35.621000,416.93644756149575,1005
2024-09-16 15:40:35.637000,416.9548943891618,102
2024-09-16 15:40:35.932000,416.9287386443883,96
2024-09-16 15:40:36.011000,416.9696937978367,6
2024-09-16 15:40:36.094000,416.97587446601824,1000
2024-09-16 15:40:36.147000,416.9961368879227,997
2024-09-16 15:40:36.278000,416.9846584731438,996
2024-09-16 15:40:36.566000,417.01827966007374,96
2024-09-16 15:40:36.772000,416.99477700927446,1002
2024-09-16 15:40:36.788000,416.9788655553685,1005
2024-09-16 15:40:36.809000,416.97380142598126,102
2024-09-16 15:40:36.959000,416.97509308134136,98
2024-09-16 15:40:37.076000,417.01369795796455,995
2024-09-16 15:40:37.087000,417.0745875107746,99
2024-09-16 15:40:37.161000,417.0600153556382,8
2024-09-16 15:40:37.425000,417.0838023267556,7
2024-09-16 15:40:37.435000,417.0734624701777,15
2024-09-16 15:40:37.536000,417.0744888149366,7
2024-09-16 15:40:37.637000,417.0737128612896,997
2024-09-16 15:40:37.639000,417.065336670144,14
2024-09-16 15:40:37.664000,417.0684823963151,104
2024-09-16 15:40:37.692000,417.0461818419829,97
2024-09-16 15:40:37.699000,417.0501237891136,101
2024-09-16 15:40:37.716000,417.0892329670615,1005
2024-09-16 15:40:37.770000,417.06917143706687,7
2024-09-16 15:40:37.866000,417.06694757835743,998
2024-09-16 15:40:37.878000,417.05308179813767,100
2024-09-16 15:40:37.889000,417.0677723086088,5
2024-09-16 15:40:37.972000,417.05004835150936,10
2024-09-16 15:40:37.991000,417.0557633181173,998
2024-09-16 15:40:38.058000,417.0720549343611,104
2024-09-16 15:40:38.168000,417.0298371407728,103
2024-09-16 15:40:38.191000,417.0417351232812,14
2024-09-16 15:40:38.229000,417.0755584695894,997
2024-09-16 15:40:38.278000,417.0556654610964,11
2024-09-16 15:40:38.450000,417.08861827274063,1005
2024-09-16 15:40:38.450000,417.0593174871397,999
2024-09-16 15:40:38.516000,417.09277106080526,1000
2024-09-16 15:40:38.620000,417.04823659786666,9
2024-09-16 15:40:38.642000,417.0812954794517,13
2024-09-16 15:40:38.658000,417.0664378146128,1000
2024-09-16 15:40:38.659000,417.08679778189867,104
2024-09-16 15:40:38.671000,417.0715781711074,1005
2024-09-16 15:40:38.722000,417.0781093576782,103
2024-09-16 15:40:38.734000,417.0382183480874,996
2024-09-16 15:40:38.790000,417.0480006732778,995
2024-09-16 15:40:38.822000,417.0666828353429,6
2024-09-16 15:40:38.849000,417.0845819113301,104
2024-09-16 15:40:38.857000,417.07881516149104,6
2024-09-16 15:40:38.900000,417.0650298840025,7
2024-09-16 15:40:38.919000,417.0755498635107,1000
2024-09-16 15:40:38.978000,417.0440716846056,997
2024-09-16 15:40:38.989000,417.0778217861632,1003
2024-09-16 15:40:39.017000,416.99814129115566,104
2024-09-16 15:40:39.161000,417.0203140997327,10
2024-09-16 15:40:39.250000,417.0468184674077,104
2024-09-16 15:40:39.323000,416.9751352125871,95
2024-09-16 15:40:39.335000,416.9912324107193,102
2024-09-16 15:40:39.340000,416.99713773935343,6
2024-09-16 15:40:39.508000,417.0296919140241,995
2024-09-16 15:40:39.622000,417.0256341781905,1001
2024-09-16 15:40:39.661000,417.0383068706098,99
2024-09-16 15:40:39.697000,417.0140398424883,996
2024-09-16 15:40:39.714000,417.03310449815126,995
2024-09-16 15:40:39.851000,417.0020181552245,1000
2024-09-16 15:40:40.048000,416.99437571933794,99
2024-09-16 15:40:40.053000,416.995904674987,999
2024-09-16 15:40:40.085000,416.98317447379793,100
2024-09-16 15:40:40.221000,416.964929508033,1000
2024-09-16 15:40:40.239000,416.98492294884943,1005
2024-09-16 15:40:40.259000,416.9380797112639,14
2024-09-16 15:40:40.263000,416.9834327173209,1001
2024-09-16 15:40:40.335000,416.9502421900522,14
2024-09-16 15:40:40.339000,417.00736732295786,1000
2024-09-16 15:40:40.363000,416.9817433073298,9
2024-09-16 15:40:40.364000,416.9986361875817,6
2024-09-16 15:40:40.475000,416.9121497241309,1002
2024-09-16 15:40:40.626000,416.9212977221849,97
2024-09-16 15:40:40.764000,416.9293112888488,105
2024-09-16 15:40:40.891000,416.9405332263651,101
2024-09-16 15:40:40.989000,416.9588240159164,10
2024-09-16 15:40:41.087000,416.8620029192629,95
2024-09-16 15:40:41.388000,416.8946378294654,999
2024-09-16 15:40:41.425000,416.8670419806568,997
2024-09-16 15:40:41.633000,417.489174988305,10
2024-09-16 15:40:41.653000,416.857491486538,98
2024-09-16 15:40:41.761000,416.8926126552653,103
2024-09-16 15:40:41.931000,416.9133863929519,6
2024-09-16 15:40:42.022000,416.75650217782993,1002
2024-09-16 15:40:42.041000,416.72478360846713,103
2024-09-16 15:40:42.103000,416.7219935258597,10
2024-09-16 15:40:42.132000,416.7295306899159,95
2024-09-16 15:40:42.164000,416.77671725277935,1003
2024-09-16 15:40:42.166000,416.80727983976686,13
2024-09-16 15:40:42.170000,416.8372449547148,1005
2024-09-16 15:40:42.172000,416.78064398023207,98
2024-09-16 15:40:42.175000,416.7301144153877,98
2024-09-16 15:40:42.374000,416.725274795149,1004
2024-09-16 15:40:42.412000,416.79327844287775,96
2024-09-16 15:40:42.414000,416.8157336313431,1004
2024-09-16 15:40:42.423000,416.82854172177673,13
2024-09-16 15:40:42.429000,416.8205714483448,101
2024-09-16 15:40:42.509000,416.8016554467157,100
2024-09-16 15:40:42.607000,416.82078861584137,15
2024-09-16 15:40:42.619000,416.7744576577765,105
2024-09-16 15:40:42.677000,416.84406946533113,7
2024-09-16 15:40:42.707000,416.7179443889447,1005
2024-09-16 15:40:42.724000,416.7336595095829,997
2024-09-16 15:40:42.803000,416.80840989452656,12
2024-09-16 15:40:42.814000,416.7179409268461,101
2024-09-16 15:40:42.850000,416.7643109413055,1005
2024-09-16 15:40:42.950000,416.80703477298255,1001
2024-09-16 15:40:42.958000,416.7989210335714,1001
2024-09-16 15:40:43.172000,416.74499602485656,6
2024-09-16 15:40:43.199000,416.7586914239408,1001
2024-09-16 15:40:43.502000,416.7755864350003,7
2024-09-16 15:40:43.635000,416.7578650960777,11
2024-09-16 15:40:43.844000,416.72940782043446,15
2024-09-16 15:40:44.051000,416.7429330810016,95
2024-09-16 15:40:44.072000,416.7846376602055,14
2024-09-16 15:40:44.144000,416.7153371547472,5
2024-09-16 15:40:44.201000,416.6863079236612,105
2024-09-16 15:40:44.340000,416.7131743079149,1002
2024-09-16 15:40:44.475000,416.7521103315728,100
2024-09-16 15:40:44.532000,416.725325726323,14
2024-09-16 15:40:44.642000,416.6934503333492,999
2024-09-16 15:40:44.744000,416.73143519568873,100
2024-09-16 15:40:44.903000,416.7012024819271,999
2024-09-16 15:40:44.919000,416.7387797645876,96
2024-09-16 15:40:45.087000,416.7297655087228,9
2024-09-16 15:40:45.088000,416.75257120042426,99
2024-09-16 15:40:45.115000,416.6894494296758,5
2024-09-16 15:40:45.118000,416.7102572516783,95
2024-09-16 15:40:45.121000,416.7022993575561,104
2024-09-16 15:40:45.141000,416.7005044516562,1005
2024-09-16 15:40:45.184000,416.72343997213954,995
2024-09-16 15:40:45.214000,416.7327273013496,1004
2024-09-16 15:40:45.268000,416.68448001035625,95
2024-09-16 15:40:45.268000,416.6956604585816,15
2024-09-16 15:40:45.381000,416.7452891831734,997
2024-09-16 15:40:45.498000,416.73662547728577,7
2024-09-16 15:40:45.512000,416.7095496072814,996
2024-09-16 15:40:45.523000,416.6971022586734,103
2024-09-16 15:40:45.563000,416.6980353625635,1005
2024-09-16 15:40:45.591000,416.6898164840338,105
2024-09-16 15:40:45.655000,416.7242830191345,95
2024-09-16 15:40:45.670000,416.7132737526935,996
2024-09-16 15:40:45.694000,416.7299952023373,1003
2024-09-16 15:40:45.757000,416.6954413502673,13
2024-09-16 15:40:45.808000,416.719575545376,999
2024-09-16 15:40:45.837000,416.7065091477837,12
2024-09-16 15:40:45.878000,416.700421146315,995
2024-09-16 15:40:45.894000,416.7491023614106,997
2024-09-16 15:40:45.970000,416.6805833803087,11
2024-09-16 15:40:45.971000,416.7523561163544,104
2024-09-16 15:40:46.020000,416.7273081259219,13
2024-09-16 15:40:46.094000,416.7507910353058,99
2024-09-16 15:40:46.123000,416.78439462535465,7
2024-09-16 15:40:46.232000,416.7136912020635,9
2024-09-16 15:40:46.253000,416.7285253459613,12
2024-09-16 15:40:46.255000,416.7557107675352,996
2024-09-16 15:40:46.258000,416.7703473038885,1001
2024-09-16 15:40:46.347000,416.71492192555417,8
2024-09-16 15:40:46.366000,416.7297277284795,999
2024-09-16 15:40:46.446000,416.78127690497325,999
2024-09-16 15:40:46.475000,416.7774687175007,1003
2024-09-16 15:40:46.842000,416.744971654818,98
2024-09-16 15:40:46.863000,416.7783897834585,997
2024-09-16 15:40:46.924000,416.7857807945942,14
2024-09-16 15:40:46.936000,416.72440382012064,11
2024-09-16 15:40:46.995000,416.736128699154,998
2024-09-16 15:40:47.156000,416.8000682453104,97
2024-09-16 15:40:47.173000,416.7583478148088,1003
2024-09-16 15:40:47.292000,416.75913069827,12
2024-09-16 15:40:47.355000,416.7527524148935,14
2024-09-16 15:40:47.424000,416.7502133120408,1000
2024-09-16 15:40:47.438000,416.7420747046042,998
2024-09-16 15:40:47.639000,416.7718048065568,999
2024-09-16 15:40:47.646000,416.7688222986525,102
2024-09-16 15:40:47.779000,416.7755942903789,1001
2024-09-16 15:40:47.829000,416.7722564262135,99
2024-09-16 15:40:47.852000,416.7516882978909,5
2024-09-16 15:40:47.953000,416.74505861674623,101
2024-09-16 15:40:47.959000,416.7741455059112,10
2024-09-16 15:40:47.991000,416.7473245017417,103
2024-09-16 15:40:48.010000,416.7240768701053,98
2024-09-16 15:40:48.284000,417.60058792449655,7
2024-09-16 15:40:48.680000,416.7473298425477,101
2024-09-16 15:40:48.700000,416.7221514121013,15
2024-09-16 15:40:49.008000,416.70945006703465,100
2024-09-16 15:40:49.033000,416.6890774236964,95
2024-09-16 15:40:49.044000,416.7177005200104,96
2024-09-16 15:40:49.117000,416.7249273663265,13
2024-09-16 15:40:49.128000,416.72025046398966,13
2024-09-16 15:40:49.226000,416.7114037752197,104
2024-09-16 15:40:49.250000,416.72395139390056,1004
2024-09-16 15:40:49.295000,416.7077053420327,998
2024-09-16 15:40:49.319000,416.69484254613417,997
2024-09-16 15:40:49.362000,416.719234289394,7
2024-09-16 15:40:49.371000,416.6974994237482,996
2024-09-16 15:40:49.453000,416.73012731694,1002
2024-09-16 15:40:49.573000,416.6866422261113,1005
2024-09-16 15:40:49.584000,416.7174883400105,100
2024-09-16 15:40:49.632000,416.7174572540907,97
2024-09-16 15:40:49.633000,416.70419633775776,96
2024-09-16 15:40:49.710000,416.7245773790309,10
2024-09-16 15:40:49.721000,416.7138442804442,999
2024-09-16 15:40:49.724000,416.7123377553464,12
2024-09-16 15:40:49.868000,416.71542425378703,10
2024-09-16 15:40:49.884000,416.7086116553498,6
2024-09-16 15:40:49.919000,416.69156648523966,997
2024-09-16 15:40:49.926000,416.7099642434495,97
2024-09-16 15:40:49.966000,416.7222190605379,12
2024-09-16 15:40:49.966000,416.7175027584056,98
2024-09-16 15:40:49.982000,416.73946034315736,1005
2024-09-16 15:40:49.996000,416.6949790250804,103
2024-09-16 15:40:50.082000,416.712164997278,98
2024-09-16 15:40:50.243000,416.7027483458548,1000
2024-09-16 15:40:50.305000,416.68448560993954,15
2024-09-16 15:40:50.396000,416.683501629376,11
2024-09-16 15:40:50.474000,416.7044738328814,104
2024-09-16 15:40:50.498000,416.6706415909284,101
2024-09-16 15:40:50.643000,416.6855532290501,101
2024-09-16 15:40:50.649000,416.7103478222338,998
2024-09-16 15:40:50.670000,416.6553975784415,997
2024-09-16 15:40:50.787000,416.7191537603268,998
2024-09-16 15:40:50.923000,416.6624240872835,101
2024-09-16 15:40:50.950000,416.7067962418365,98
2024-09-16 15:40:50.982000,416.6870048425515,999
2024-09-16 15:40:50.994000,416.6703363005345,98
2024-09-16 15:40:51.009000,416.5732274192962,8
2024-09-16 15:40:51.104000,416.5751646789947,12
2024-09-16 15:40:51.110000,416.56274774995904,104
2024-09-16 15:40:51.205000,416.6338088562928,99
2024-09-16 15:40:51.460000,416.6309919446453,101
2024-09-16 15:40:51.484000,416.5681620590411,10
2024-09-16 15:40:51.660000,416.58740375831206,104
2024-09-16 15:40:51.714000,416.5512347213436,1001
2024-09-16 15:40:51.738000,416.6236546498907,103
2024-09-16 15:40:51.746000,416.57200768427344,100
2024-09-16 15:40:51.909000,416.5937409818768,6
2024-09-16 15:40:51.941000,416.56620951571256,15
2024-09-16 15:40:51.968000,416.55111950821976,1000
2024-09-16 15:40:52.060000,416.6356694266544,105
2024-09-16 15:40:52.082000,416.5954155300065,8
2024-09-16 15:40:52.097000,416.5575215193567,997
2024-09-16 15:40:52.150000,416.5887908749159,103
2024-09-16 15:40:52.222000,416.6147625174148,14
2024-09-16 15:40:52.262000,416.6263829217604,99
2024-09-16 15:40:52.267000,416.56388453348376,14
2024-09-16 15:40:52.304000,416.62733501442153,96
2024-09-16 15:40:52.383000,416.5940941561957,996
2024-09-16 15:40:52.487000,416.6052808648887,11
2024-09-16 15:40:52.625000,416.5421008354518,1005
2024-09-16 15:40:52.664000,416.57290092839935,1001
2024-09-16 15:40:52.748000,416.6257899674972,1005
2024-09-16 15:40:52.842000,416.60974051976746,996
2024-09-16 15:40:52.852000,416.5887039502162,1005
2024-09-16 15:40:52.855000,416.5892793673079,1003
2024-09-16 15:40:52.888000,416.63058253672114,1003
2024-09-16 15:40:52.945000,416.60492054633056,102
2024-09-16 15:40:53.202000,416.655753462668,995
2024-09-16 15:40:53.300000,416.6313023195504,101
2024-09-16 15:40:53.360000,416.6623600066717,103
2024-09-16 15:40:53.533000,416.6316320261525,6
2024-09-16 15:40:53.687000,416.6336392754548,14
2024-09-16 15:40:53.721000,416.61058100669806,105
2024-09-16 15:40:53.755000,416.61739328021474,100
2024-09-16 15:40:53.793000,416.6418949247568,1004
2024-09-16 15:40:53.884000,416.6748984859106,5
2024-09-16 15:40:53.912000,416.6548139516504,102
2024-09-16 15:40:54.133000,416.6984207777004,1002
2024-09-16 15:40:54.145000,416.6080564510909,7
2024-09-16 15:40:54.182000,416.6361356415023,8
2024-09-16 15:40:54.316000,416.6284553760291,104
2024-09-16 15:40:54.332000,416.7201722667987,14
2024-09-16 15:40:54.451000,416.66664644405137,13
2024-09-16 15:40:54.458000,416.6041986319921,96
2024-09-16 15:40:54.470000,416.6148529711367,97
2024-09-16 15:40:54.568000,416.61263144261966,995
2024-09-16 15:40:54.658000,416.6328075799951,997
2024-09-16 15:40:54.665000,416.70884142767295,10
2024-09-16 15:40:54.665000,416.6200812831824,105
2024-09-16 15:40:54.686000,416.6405577898447,5
2024-09-16 15:40:54.737000,416.6200587171152,105
2024-09-16 15:40:54.790000,416.618877586827,5
2024-09-16 15:40:54.836000,416.63318589560174,96
2024-09-16 15:40:54.857000,416.61799322137193,6
2024-09-16 15:40:54.866000,416.6113511668533,1000
2024-09-16 15:40:54.872000,416.7002749361547,9
2024-09-16 15:40:54.875000,416.7002723711005,7
2024-09-16 15:40:54.894000,416.63464929046575,96
2024-09-16 15:40:54.977000,416.683871540977,98
2024-09-16 15:40:54.984000,416.685276388339,15
2024-09-16 15:40:55.016000,416.743847878789,15
2024-09-16 15:40:55.017000,416.7517857082997,103
2024-09-16 15:40:55.050000,416.7424624916147,1005
2024-09-16 15:40:55.069000,416.7349043243208,998
2024-09-16 15:40:55.088000,416.7526787591656,96
2024-09-16 15:40:55.089000,416.7824122412112,96
2024-09-16 15:40:55.098000,416.7098855521394,15
2024-09-16 15:40:55.139000,416.7491742228116,8
2024-09-16 15:40:55.178000,416.72310509562936,997
2024-09-16 15:40:55.258000,416.7180088565015,97
2024-09-16 15:40:55.276000,416.7053145494615,105
2024-09-16 15:40:55.305000,416.78634310012166,1000
2024-09-16 15:40:55.317000,416.7812506203935,104
2024-09-16 15:40:55.320000,416.7532227606637,11
2024-09-16 15:40:55.356000,416.784847847821,6
2024-09-16 15:40:55.463000,416.7258378273334,1000
2024-09-16 15:40:55.481000,416.7585090114555,1003
2024-09-16 15:40:55.553000,416.7181737607815,97
2024-09-16 15:40:55.617000,416.7124738627791,102
2024-09-16 15:40:55.671000,416.758383254179,96
2024-09-16 15:40:55.687000,416.7210021650877,999
2024-09-16 15:40:55.766000,416.771649161524,12
2024-09-16 15:40:55.799000,416.7258053263672,1004
2024-09-16 15:40:55.830000,416.70035427367895,10
2024-09-16 15:40:55.864000,416.7439874720272,10
2024-09-16 15:40:55.876000,416.74909597952825,103
2024-09-16 15:40:55.895000,416.7335848008797,1003
2024-09-16 15:40:55.904000,416.7365470035973,12
2024-09-16 15:40:55.954000,416.7192153318823,997
2024-09-16 15:40:56.279000,416.8235419211832,97
2024-09-16 15:40:56.352000,416.7980331250014,1003
2024-09-16 15:40:56.832000,416.8144689484018,11
2024-09-16 15:40:57.706000,416.82396839117104,1002
2024-09-16 15:40:57.753000,416.8467899553596,1004
2024-09-16 15:40:58.391000,416.8267568543432,9
2024-09-16 15:40:58.797000,417.5797837685452,1001
2024-09-16 15:40:59.097000,416.8104266694799,96
2024-09-16 15:40:59.111000,416.7919260167503,103
2024-09-16 15:40:59.181000,416.8360644246337,99
2024-09-16 15:40:59.193000,416.7979515841181,999
2024-09-16 15:40:59.270000,416.8132073625404,10
2024-09-16 15:40:59.403000,416.8078969900324,12
2024-09-16 15:40:59.413000,416.8298688575981,6
2024-09-16 15:40:59.560000,416.8007154185108,999
2024-09-16 15:40:59.560000,416.81836521957047,103
2024-09-16 15:40:59.563000,416.80309499790536,10
2024-09-16 15:40:59.581000,416.7974013754933,98
2024-09-16 15:40:59.585000,416.816445389214,8
2024-09-16 15:40:59.637000,416.8451397368318,1005
2024-09-16 15:40:59.649000,416.8328544927177,96
2024-09-16 15:40:59.677000,416.81889587334064,8
2024-09-16 15:40:59.684000,416.817137415426,11
2024-09-16 15:40:59.756000,416.82611264949753,12
2024-09-16 15:40:59.889000,416.8164963194624,9
