Timestamp,Price,Size
2024-09-20 12:43:00.064000,427.3494810395736,1001
2024-09-20 12:43:00.082000,427.29579355490125,98
2024-09-20 12:43:00.107000,427.2279105091717,995
2024-09-20 12:43:00.116000,427.2292907805089,995
2024-09-20 12:43:00.141000,427.2246134118615,13
2024-09-20 12:43:00.144000,427.3254316521897,102
2024-09-20 12:43:00.164000,427.3139752488616,104
2024-09-20 12:43:00.297000,427.2962522028162,999
2024-09-20 12:43:00.397000,427.22217944376143,101
2024-09-20 12:43:00.416000,427.3086923892319,1004
2024-09-20 12:43:00.440000,427.30246205425846,96
2024-09-20 12:43:00.473000,427.2986018843188,997
2024-09-20 12:43:00.479000,427.2505998288344,13
2024-09-20 12:43:00.529000,427.36291498216656,1005
2024-09-20 12:43:00.593000,427.27286418364696,104
2024-09-20 12:43:00.642000,427.2346775443908,101
2024-09-20 12:43:00.655000,427.3441115468448,98
2024-09-20 12:43:00.689000,427.2965222017272,1004
2024-09-20 12:43:00.705000,427.3716515948474,10
2024-09-20 12:43:00.732000,427.3813052054312,12
2024-09-20 12:43:00.745000,427.3480955034439,100
2024-09-20 12:43:00.774000,427.2671195824906,99
2024-09-20 12:43:00.841000,427.3612466134111,999
2024-09-20 12:43:00.907000,427.2255978532885,102
2024-09-20 12:43:00.928000,427.3443745752453,98
2024-09-20 12:43:01,427.298103482104,9
2024-09-20 12:43:01.011000,427.23620259649226,999
2024-09-20 12:43:01.166000,427.278826316575,99
2024-09-20 12:43:01.253000,427.25088367014894,104
2024-09-20 12:43:01.344000,427.2282752905607,102
2024-09-20 12:43:01.357000,427.2322734218628,995
2024-09-20 12:43:01.364000,427.2477954690589,97
2024-09-20 12:43:01.465000,427.22490552173633,104
2024-09-20 12:43:01.482000,427.2466174643265,1004
2024-09-20 12:43:01.494000,427.2715717076768,997
2024-09-20 12:43:01.542000,427.2472032552709,8
2024-09-20 12:43:01.600000,427.27586835350223,98
2024-09-20 12:43:01.633000,427.29287853102807,996
2024-09-20 12:43:01.638000,427.2751273669928,100
2024-09-20 12:43:01.639000,427.3004773487002,1005
2024-09-20 12:43:01.698000,427.2876567936876,98
2024-09-20 12:43:01.704000,427.2553105464068,1003
2024-09-20 12:43:01.720000,427.2163728087768,10
2024-09-20 12:43:01.738000,427.236713912974,97
2024-09-20 12:43:01.816000,427.2647253818167,1001
2024-09-20 12:43:01.835000,427.2882152581226,14
2024-09-20 12:43:01.858000,427.2237565582356,99
2024-09-20 12:43:01.906000,427.3186293327233,997
2024-09-20 12:43:01.952000,427.266087955689,104
2024-09-20 12:43:01.954000,427.293496273546,1005
2024-09-20 12:43:02.016000,427.3304234299865,9
2024-09-20 12:43:02.167000,427.3009896824216,997
2024-09-20 12:43:02.174000,427.3257163564704,1004
2024-09-20 12:43:02.222000,427.3267008214355,998
2024-09-20 12:43:02.344000,427.3307830078435,10
2024-09-20 12:43:02.377000,427.33019226883135,102
2024-09-20 12:43:02.449000,427.3205587685612,104
2024-09-20 12:43:02.472000,427.3210154665188,6
2024-09-20 12:43:02.576000,427.3041898434944,1001
2024-09-20 12:43:02.649000,427.3399925713183,1003
2024-09-20 12:43:02.718000,427.32073352999487,7
2024-09-20 12:43:02.744000,427.31793261707065,7
2024-09-20 12:43:02.824000,427.3436263912177,96
2024-09-20 12:43:02.842000,427.3318863749287,1000
2024-09-20 12:43:02.852000,427.3088108605541,1003
2024-09-20 12:43:02.936000,427.31731672481294,104
2024-09-20 12:43:02.973000,427.3289916008344,998
2024-09-20 12:43:03.041000,427.3113273758247,9
2024-09-20 12:43:03.075000,427.2958901904353,95
2024-09-20 12:43:03.149000,427.3088347857841,9
2024-09-20 12:43:03.280000,427.3341998096077,96
2024-09-20 12:43:03.299000,427.322869776724,998
2024-09-20 12:43:03.376000,427.31979754782463,14
2024-09-20 12:43:03.431000,427.3558299952616,997
2024-09-20 12:43:03.564000,427.3402527808127,100
2024-09-20 12:43:03.606000,427.3100808019164,996
2024-09-20 12:43:03.613000,427.35755803783377,9
2024-09-20 12:43:03.617000,427.2935319736228,9
2024-09-20 12:43:03.624000,427.3175308405488,8
2024-09-20 12:43:03.633000,427.3006767863318,8
2024-09-20 12:43:03.722000,427.30004527221854,100
2024-09-20 12:43:03.748000,427.278851031092,996
2024-09-20 12:43:03.765000,427.29705155992383,102
2024-09-20 12:43:03.806000,427.307461085191,102
2024-09-20 12:43:03.849000,427.3226098058632,7
2024-09-20 12:43:03.859000,427.3241497119421,100
2024-09-20 12:43:03.861000,427.3399381254349,96
2024-09-20 12:43:03.919000,427.2941079656561,1002
2024-09-20 12:43:03.924000,427.3321718539442,99
2024-09-20 12:43:03.952000,427.3390419335036,1000
2024-09-20 12:43:03.993000,427.3115338557583,10
2024-09-20 12:43:04.003000,427.3387171511269,1005
2024-09-20 12:43:04.085000,427.3469210212466,104
2024-09-20 12:43:04.126000,427.360495313392,998
2024-09-20 12:43:04.183000,427.3285231922739,995
2024-09-20 12:43:04.429000,427.33847638396736,6
2024-09-20 12:43:04.459000,427.3591258420765,97
2024-09-20 12:43:04.521000,427.3498723958161,6
2024-09-20 12:43:04.534000,427.3442980215343,101
2024-09-20 12:43:04.541000,427.38467280202144,996
2024-09-20 12:43:04.563000,427.3372926120664,6
2024-09-20 12:43:04.649000,427.3467241387695,12
2024-09-20 12:43:04.650000,427.34445726239625,1005
2024-09-20 12:43:04.685000,427.3399937109184,99
2024-09-20 12:43:04.754000,427.3969569192587,998
2024-09-20 12:43:04.757000,427.3575540234697,8
2024-09-20 12:43:04.783000,427.35833790666027,14
2024-09-20 12:43:04.840000,427.3593847841992,995
2024-09-20 12:43:04.864000,427.3512959437847,998
2024-09-20 12:43:04.989000,427.36353490366986,1000
2024-09-20 12:43:05.632000,427.389741208956,1002
2024-09-20 12:43:05.784000,427.4110193384171,1005
2024-09-20 12:43:06.213000,427.38703579123273,11
2024-09-20 12:43:07.397000,427.37126726518136,997
2024-09-20 12:43:08.016000,427.3673395050631,998
2024-09-20 12:43:09.025000,427.3283534556527,1002
2024-09-20 12:43:09.096000,427.349220792358,1001
2024-09-20 12:43:09.225000,427.3337971239089,96
2024-09-20 12:43:09.251000,427.3353008879278,100
2024-09-20 12:43:09.288000,427.3414178819175,11
2024-09-20 12:43:09.294000,427.3227761239576,97
2024-09-20 12:43:09.294000,427.3583382077404,12
2024-09-20 12:43:09.388000,427.3355209018497,95
2024-09-20 12:43:09.392000,427.35151870200576,12
2024-09-20 12:43:09.395000,427.3248062553896,105
2024-09-20 12:43:09.395000,427.34164992384007,997
2024-09-20 12:43:09.398000,427.3291940643181,1000
2024-09-20 12:43:09.481000,427.3591822162508,12
2024-09-20 12:43:09.503000,427.3522115305999,96
2024-09-20 12:43:09.523000,427.323481018778,97
2024-09-20 12:43:09.650000,427.3409603620703,95
2024-09-20 12:43:09.731000,427.343395749878,105
2024-09-20 12:43:09.733000,427.3686816001997,1005
2024-09-20 12:43:09.753000,427.3296180594561,98
2024-09-20 12:43:09.759000,427.3496912518916,99
2024-09-20 12:43:09.952000,427.3696127032413,101
2024-09-20 12:43:09.971000,427.3211452421724,10
2024-09-20 12:43:10.529000,427.3459585617696,1001
2024-09-20 12:43:11.246000,427.3230859584261,998
2024-09-20 12:43:11.274000,427.329674456842,7
2024-09-20 12:43:11.364000,427.30773350207954,1000
2024-09-20 12:43:11.409000,427.3199230887425,97
2024-09-20 12:43:11.805000,427.3001719227769,8
2024-09-20 12:43:11.810000,427.31641559622096,11
2024-09-20 12:43:11.834000,427.30838920537775,998
2024-09-20 12:43:11.849000,427.3127982243327,99
2024-09-20 12:43:12.105000,427.3481014753814,1005
2024-09-20 12:43:12.147000,427.3475030812268,100
2024-09-20 12:43:12.167000,427.3328673298059,104
2024-09-20 12:43:12.177000,427.3417178355692,95
2024-09-20 12:43:12.221000,427.3345793677109,13
2024-09-20 12:43:12.249000,427.339947074114,101
2024-09-20 12:43:12.272000,427.3449017902709,1004
2024-09-20 12:43:12.404000,427.34074924268754,102
2024-09-20 12:43:12.488000,427.3547221690426,1002
2024-09-20 12:43:12.489000,427.33049244842834,1003
2024-09-20 12:43:12.492000,427.3393381424784,12
2024-09-20 12:43:12.493000,427.3378276134693,102
2024-09-20 12:43:12.507000,427.3160630781434,997
2024-09-20 12:43:12.534000,427.2928560773746,9
2024-09-20 12:43:12.610000,427.325287847931,7
2024-09-20 12:43:12.656000,427.2994296982063,103
2024-09-20 12:43:12.679000,427.3092810456413,1000
2024-09-20 12:43:12.706000,427.3414227729868,11
2024-09-20 12:43:12.730000,427.3148424723102,15
2024-09-20 12:43:12.740000,427.2958296058531,1000
2024-09-20 12:43:12.744000,427.3451433739245,105
2024-09-20 12:43:12.761000,427.3151544983317,997
2024-09-20 12:43:12.803000,427.34709567975824,6
2024-09-20 12:43:12.963000,427.30694755794855,996
2024-09-20 12:43:12.972000,427.3267519391055,101
2024-09-20 12:43:12.977000,427.28373777097886,8
2024-09-20 12:43:12.990000,427.2876796102004,997
2024-09-20 12:43:12.991000,427.34790620373366,995
2024-09-20 12:43:13.129000,427.2648452323636,7
2024-09-20 12:43:13.209000,427.3508234071472,998
2024-09-20 12:43:13.237000,427.33301057449466,12
2024-09-20 12:43:13.326000,427.3575899410189,15
2024-09-20 12:43:13.392000,427.3555947910703,102
2024-09-20 12:43:13.659000,427.3302984319176,97
2024-09-20 12:43:13.863000,427.3620828205932,102
2024-09-20 12:43:13.876000,427.2656028362648,1000
2024-09-20 12:43:13.890000,427.3697509054169,96
2024-09-20 12:43:13.987000,427.3598466764437,1000
2024-09-20 12:43:14.007000,427.2597711470557,102
2024-09-20 12:43:14.011000,427.2558214975138,96
2024-09-20 12:43:14.115000,427.2683380734372,1005
2024-09-20 12:43:14.275000,427.2502302250732,96
2024-09-20 12:43:14.350000,427.2411941557488,102
2024-09-20 12:43:14.363000,427.27700143980337,995
2024-09-20 12:43:14.379000,427.2896109739232,15
2024-09-20 12:43:14.417000,427.26687316367673,10
2024-09-20 12:43:14.436000,427.2707590670743,101
2024-09-20 12:43:14.459000,427.2744001654139,97
2024-09-20 12:43:14.463000,427.2796286061877,12
2024-09-20 12:43:14.625000,427.2886975967374,102
2024-09-20 12:43:14.747000,427.2941769649457,998
2024-09-20 12:43:14.762000,427.2777400107915,100
2024-09-20 12:43:14.843000,427.2617028807983,15
2024-09-20 12:43:14.854000,427.2216662512635,1002
2024-09-20 12:43:14.874000,427.2482174604121,12
2024-09-20 12:43:14.929000,427.2553341505888,101
2024-09-20 12:43:14.989000,427.2727793766717,995
2024-09-20 12:43:15.043000,427.28543196563663,1004
2024-09-20 12:43:15.054000,427.3133361598829,12
2024-09-20 12:43:15.081000,427.3110796665874,9
2024-09-20 12:43:15.091000,427.3271801720334,12
2024-09-20 12:43:15.103000,427.3199678067789,99
2024-09-20 12:43:15.153000,427.2797878104528,1004
2024-09-20 12:43:15.188000,427.2778182868865,15
2024-09-20 12:43:15.287000,427.296421613014,8
2024-09-20 12:43:15.305000,427.3160302378743,101
2024-09-20 12:43:15.325000,427.2888984052139,99
2024-09-20 12:43:15.555000,427.32667275955737,6
2024-09-20 12:43:15.620000,427.3023898199146,100
2024-09-20 12:43:15.623000,427.3077775556703,104
2024-09-20 12:43:15.634000,427.28806547217374,104
2024-09-20 12:43:15.652000,427.2797458287008,96
2024-09-20 12:43:15.713000,427.31849557639487,96
2024-09-20 12:43:15.736000,427.3176775584695,100
2024-09-20 12:43:15.741000,427.3011329318824,96
2024-09-20 12:43:15.835000,427.2772456094918,1004
2024-09-20 12:43:15.849000,427.3048712372227,997
2024-09-20 12:43:15.877000,427.29828135823766,15
2024-09-20 12:43:15.882000,427.28921125551255,999
2024-09-20 12:43:15.902000,427.33588353838513,97
2024-09-20 12:43:15.928000,427.30073858454966,998
2024-09-20 12:43:15.943000,427.30049789239735,996
2024-09-20 12:43:15.947000,427.3026953900812,10
2024-09-20 12:43:16.028000,427.3182848711848,104
2024-09-20 12:43:16.048000,427.29900056379904,9
2024-09-20 12:43:16.056000,427.3206261082841,996
2024-09-20 12:43:16.079000,427.31200882516447,99
2024-09-20 12:43:16.163000,427.2840822846852,102
2024-09-20 12:43:16.172000,427.30272112800185,999
2024-09-20 12:43:16.216000,427.280953347543,6
2024-09-20 12:43:16.226000,427.3182428293872,997
2024-09-20 12:43:16.287000,427.2599825522348,997
2024-09-20 12:43:16.323000,427.3047368528989,8
2024-09-20 12:43:16.456000,427.3110694229941,95
2024-09-20 12:43:16.468000,427.2880686228778,999
2024-09-20 12:43:16.621000,427.2886621477692,15
2024-09-20 12:43:16.671000,427.29088984539374,104
2024-09-20 12:43:16.707000,427.29712353183714,1003
2024-09-20 12:43:16.720000,427.2610379884805,1003
2024-09-20 12:43:16.730000,427.30625382018593,5
2024-09-20 12:43:16.807000,427.3252840715483,9
2024-09-20 12:43:16.894000,427.2632969891831,97
2024-09-20 12:43:16.950000,427.3080000983479,96
2024-09-20 12:43:17.015000,427.3437101169194,8
2024-09-20 12:43:17.026000,427.35731273736894,97
2024-09-20 12:43:17.028000,427.33246182608616,97
2024-09-20 12:43:17.058000,427.3732321868201,12
2024-09-20 12:43:17.079000,427.3847509226284,96
2024-09-20 12:43:17.112000,427.2658543712975,1002
2024-09-20 12:43:17.154000,427.29406770086047,102
2024-09-20 12:43:17.193000,427.303638366736,15
2024-09-20 12:43:17.312000,427.3126315783662,1002
2024-09-20 12:43:17.336000,427.36847176046473,8
2024-09-20 12:43:17.341000,427.3322341875256,1001
2024-09-20 12:43:17.573000,427.30507053626894,101
2024-09-20 12:43:17.634000,427.324821596218,14
2024-09-20 12:43:17.713000,427.3263231268124,13
2024-09-20 12:43:17.764000,427.3217949923592,7
2024-09-20 12:43:17.829000,427.41839699847407,8
2024-09-20 12:43:17.856000,427.3307749253792,104
2024-09-20 12:43:17.955000,427.4029825299214,1003
2024-09-20 12:43:17.977000,427.3909018264407,5
2024-09-20 12:43:18.009000,427.38469982709626,1002
2024-09-20 12:43:18.028000,427.3706591989583,1002
2024-09-20 12:43:18.070000,427.38557958753006,100
2024-09-20 12:43:18.145000,427.416501905678,7
2024-09-20 12:43:18.287000,427.438923984031,997
2024-09-20 12:43:18.318000,427.3518838097724,97
2024-09-20 12:43:18.341000,427.39524342154914,12
2024-09-20 12:43:18.487000,427.36752399147775,1001
2024-09-20 12:43:18.532000,427.35761883043705,10
2024-09-20 12:43:18.536000,427.3310213937944,8
2024-09-20 12:43:18.671000,427.3899761584092,998
2024-09-20 12:43:18.763000,427.4188592622957,8
2024-09-20 12:43:18.778000,427.406245151001,15
2024-09-20 12:43:18.832000,427.36096100113326,105
2024-09-20 12:43:18.882000,427.42021330439377,9
2024-09-20 12:43:18.896000,427.39774778886857,996
2024-09-20 12:43:18.996000,427.3960539577646,1000
2024-09-20 12:43:19.457000,427.2990624338909,99
2024-09-20 12:43:19.555000,427.3182992969979,11
2024-09-20 12:43:20.027000,427.2752821399884,1000
2024-09-20 12:43:20.139000,427.2474223545965,98
2024-09-20 12:43:20.142000,427.2639544177638,10
2024-09-20 12:43:20.176000,427.2821389641128,5
2024-09-20 12:43:20.233000,427.2774058699792,1002
2024-09-20 12:43:20.249000,427.2710920269304,9
2024-09-20 12:43:20.330000,427.3040261336513,996
2024-09-20 12:43:20.412000,427.266129801384,997
2024-09-20 12:43:20.418000,427.27528670177065,7
2024-09-20 12:43:20.461000,427.2870558805419,98
2024-09-20 12:43:20.489000,427.3159024861545,7
2024-09-20 12:43:20.498000,427.27373215577256,12
2024-09-20 12:43:20.502000,427.2777205406306,103
2024-09-20 12:43:20.509000,427.2750242069247,999
2024-09-20 12:43:20.531000,427.2821049695194,97
2024-09-20 12:43:20.564000,427.2893411742077,98
2024-09-20 12:43:20.565000,427.2880319993253,996
2024-09-20 12:43:20.575000,427.27137872756725,7
2024-09-20 12:43:20.666000,427.2919452721734,97
2024-09-20 12:43:20.688000,427.2382091040254,104
2024-09-20 12:43:20.716000,427.2787756990971,5
2024-09-20 12:43:20.739000,427.2634253473471,5
2024-09-20 12:43:20.748000,427.2716674048731,1004
2024-09-20 12:43:20.771000,427.2858482092415,99
2024-09-20 12:43:20.841000,427.2578960254161,8
2024-09-20 12:43:20.841000,427.29665694743545,1001
2024-09-20 12:43:20.860000,427.2650855777942,98
2024-09-20 12:43:20.868000,427.28355829844537,97
2024-09-20 12:43:20.888000,427.2650406335383,101
2024-09-20 12:43:21.017000,427.2451190390959,9
2024-09-20 12:43:21.027000,427.2322026642717,1005
2024-09-20 12:43:21.146000,427.25494353776566,101
2024-09-20 12:43:21.163000,427.2441126578042,7
2024-09-20 12:43:21.182000,427.2575618322269,97
2024-09-20 12:43:21.191000,427.29242915345066,996
2024-09-20 12:43:21.236000,427.258525493835,96
2024-09-20 12:43:21.390000,427.2676060997915,99
2024-09-20 12:43:21.438000,427.2417505379847,8
2024-09-20 12:43:21.532000,427.2486032814803,98
2024-09-20 12:43:21.598000,427.3024479022436,1002
2024-09-20 12:43:21.662000,427.24877001641823,101
2024-09-20 12:43:21.724000,427.2534920853742,13
2024-09-20 12:43:21.757000,427.3206677963431,1002
2024-09-20 12:43:21.854000,427.3198080406569,996
2024-09-20 12:43:21.893000,427.2635926991973,95
2024-09-20 12:43:21.900000,427.2751630926255,997
2024-09-20 12:43:22.019000,427.3311352588974,999
2024-09-20 12:43:22.060000,427.37814076508016,97
2024-09-20 12:43:22.116000,427.3466138995498,105
2024-09-20 12:43:22.209000,427.2615355061728,15
2024-09-20 12:43:22.212000,427.34434701319816,999
2024-09-20 12:43:22.321000,427.339038707624,100
2024-09-20 12:43:22.326000,427.3287544299828,8
2024-09-20 12:43:22.424000,427.3403123487674,105
2024-09-20 12:43:22.436000,427.34740010469136,1001
2024-09-20 12:43:22.454000,427.2733339355515,104
2024-09-20 12:43:22.455000,427.2535604510136,10
2024-09-20 12:43:22.475000,427.3471711787439,997
2024-09-20 12:43:22.476000,427.3276605543196,98
2024-09-20 12:43:22.477000,427.3183932437552,96
2024-09-20 12:43:22.547000,427.3284099181992,10
2024-09-20 12:43:22.615000,427.2721599882886,1002
2024-09-20 12:43:22.675000,427.32727227241423,101
2024-09-20 12:43:22.721000,427.3329445559338,104
2024-09-20 12:43:22.722000,427.3542699744469,12
2024-09-20 12:43:22.743000,427.3492342179118,996
2024-09-20 12:43:22.769000,427.26184979415626,996
2024-09-20 12:43:22.817000,427.259908870051,100
2024-09-20 12:43:22.820000,427.3666642555046,12
2024-09-20 12:43:22.875000,427.3563115627699,999
2024-09-20 12:43:22.881000,427.2777988025501,1003
2024-09-20 12:43:22.896000,427.3442408085569,101
2024-09-20 12:43:22.954000,427.25017951308746,98
2024-09-20 12:43:22.997000,427.311908500704,14
2024-09-20 12:43:23.008000,427.3422087492944,997
2024-09-20 12:43:23.153000,427.3702970949406,100
2024-09-20 12:43:23.299000,427.3485407166004,6
2024-09-20 12:43:23.302000,427.3289686432573,104
2024-09-20 12:43:23.340000,427.3540289273913,15
2024-09-20 12:43:23.348000,427.3393571535481,5
2024-09-20 12:43:23.351000,427.34577790402057,12
2024-09-20 12:43:23.456000,427.3339197025412,99
2024-09-20 12:43:23.486000,427.3744997815385,9
2024-09-20 12:43:23.608000,427.3215025806846,13
2024-09-20 12:43:23.718000,427.3750658652893,1005
2024-09-20 12:43:23.808000,427.3457373996207,102
2024-09-20 12:43:23.847000,427.3511248587565,996
2024-09-20 12:43:23.991000,427.3551541635821,1005
2024-09-20 12:43:24.439000,427.334162229144,12
2024-09-20 12:43:24.475000,427.3401551066491,105
2024-09-20 12:43:24.505000,427.3495467305337,12
2024-09-20 12:43:24.505000,427.3451556682156,100
2024-09-20 12:43:24.538000,427.3408367562952,96
2024-09-20 12:43:24.619000,427.3402329283151,11
2024-09-20 12:43:24.647000,427.33782359355337,7
2024-09-20 12:43:24.847000,427.32847535299135,5
2024-09-20 12:43:24.906000,427.3169581400225,12
2024-09-20 12:43:24.988000,427.3266440068055,1000
2024-09-20 12:43:25.080000,427.3360733955776,100
2024-09-20 12:43:25.086000,427.3534297399165,100
2024-09-20 12:43:25.140000,427.3416105041083,5
2024-09-20 12:43:25.160000,427.3542269313221,995
2024-09-20 12:43:25.160000,427.3322880729017,96
2024-09-20 12:43:25.267000,427.3379366614931,996
2024-09-20 12:43:25.298000,427.3530011261194,97
2024-09-20 12:43:25.314000,427.30513667325,95
2024-09-20 12:43:25.323000,427.3228218856028,97
2024-09-20 12:43:25.358000,427.3622163398669,6
2024-09-20 12:43:25.459000,427.3460202102942,6
2024-09-20 12:43:25.481000,427.37781652870825,1001
2024-09-20 12:43:25.513000,427.324488259465,14
2024-09-20 12:43:25.525000,427.3602362575051,999
2024-09-20 12:43:25.563000,427.3518115672449,5
2024-09-20 12:43:25.579000,427.3298231415985,6
2024-09-20 12:43:25.654000,427.3441664807313,104
2024-09-20 12:43:25.657000,427.34257816517015,104
2024-09-20 12:43:25.704000,427.35817484434887,995
2024-09-20 12:43:25.730000,427.35391791606,9
2024-09-20 12:43:25.756000,427.3349715724814,95
2024-09-20 12:43:25.788000,427.3721792912152,100
2024-09-20 12:43:25.815000,427.35396230517847,97
2024-09-20 12:43:25.847000,427.3547941193328,1000
2024-09-20 12:43:25.850000,427.364447912725,11
2024-09-20 12:43:25.939000,427.3093751491769,6
2024-09-20 12:43:26.005000,427.40156235131,1004
2024-09-20 12:43:26.227000,427.3951667838997,13
2024-09-20 12:43:26.245000,427.4141393239704,7
2024-09-20 12:43:26.255000,427.358126440834,9
2024-09-20 12:43:26.269000,427.3798651969752,12
2024-09-20 12:43:26.284000,427.349122295044,1000
2024-09-20 12:43:26.483000,427.3987513913539,96
2024-09-20 12:43:26.498000,427.4072793663453,10
2024-09-20 12:43:26.514000,427.3951603525817,11
2024-09-20 12:43:26.532000,427.4080616536188,100
2024-09-20 12:43:26.579000,427.34389327491766,105
2024-09-20 12:43:26.617000,427.3487793747272,1001
2024-09-20 12:43:26.636000,427.3874400064128,996
2024-09-20 12:43:26.673000,427.3966701759492,104
2024-09-20 12:43:26.697000,427.36637657550136,11
2024-09-20 12:43:26.718000,427.3813757790157,101
2024-09-20 12:43:26.754000,427.3882665275456,100
2024-09-20 12:43:26.801000,427.3892410489862,1003
2024-09-20 12:43:26.849000,427.3944208853972,9
2024-09-20 12:43:26.859000,427.3785109183325,999
2024-09-20 12:43:26.915000,427.3968978667132,5
2024-09-20 12:43:26.945000,427.33901216575725,995
2024-09-20 12:43:26.983000,427.377348304106,97
2024-09-20 12:43:26.995000,427.34371127120295,6
2024-09-20 12:43:27.034000,427.3752967160341,104
2024-09-20 12:43:27.120000,427.36490333304334,11
2024-09-20 12:43:27.180000,427.3542236377314,1002
2024-09-20 12:43:27.226000,427.3921834597992,13
2024-09-20 12:43:27.267000,427.3805858969487,15
2024-09-20 12:43:27.273000,427.4115796201759,99
2024-09-20 12:43:27.479000,427.39442705698974,6
2024-09-20 12:43:27.552000,427.36590666460194,95
2024-09-20 12:43:27.589000,427.3853279856882,96
2024-09-20 12:43:27.605000,427.3848528919932,11
2024-09-20 12:43:27.639000,427.39353441934935,101
2024-09-20 12:43:27.643000,427.389858281477,102
2024-09-20 12:43:27.661000,427.38913377124015,100
2024-09-20 12:43:27.662000,427.38962044042046,97
2024-09-20 12:43:27.666000,427.42950624955336,995
2024-09-20 12:43:27.747000,427.399207195706,1002
2024-09-20 12:43:27.749000,427.38750339850594,104
2024-09-20 12:43:27.787000,427.39887886336345,99
2024-09-20 12:43:27.789000,427.3862207657082,1003
2024-09-20 12:43:27.806000,427.4107655277877,1004
2024-09-20 12:43:27.896000,427.415342962193,100
2024-09-20 12:43:27.956000,427.43578381138553,14
2024-09-20 12:43:27.989000,427.4383174410533,100
2024-09-20 12:43:28.013000,427.4677606570112,1002
2024-09-20 12:43:28.116000,427.4908334492901,1005
2024-09-20 12:43:28.136000,427.4733105629905,5
2024-09-20 12:43:28.146000,427.4495817859011,1004
2024-09-20 12:43:28.258000,427.4623721758398,96
2024-09-20 12:43:28.259000,427.453591185163,97
2024-09-20 12:43:28.278000,427.4432033150948,6
2024-09-20 12:43:28.281000,427.4493263696894,6
2024-09-20 12:43:28.308000,427.4487738185965,12
2024-09-20 12:43:28.345000,427.4815463762565,9
2024-09-20 12:43:28.362000,427.4615367716429,13
2024-09-20 12:43:28.464000,427.443026774639,10
2024-09-20 12:43:28.516000,427.4562953210401,11
2024-09-20 12:43:28.563000,427.45428240151057,98
2024-09-20 12:43:28.597000,427.4674639761239,100
2024-09-20 12:43:28.649000,427.4720469557613,1002
2024-09-20 12:43:28.783000,427.46234557195794,98
2024-09-20 12:43:28.798000,427.4532119020437,996
2024-09-20 12:43:28.833000,427.43559647700994,1000
2024-09-20 12:43:28.902000,427.45535516009153,999
2024-09-20 12:43:28.941000,427.4387157735789,102
2024-09-20 12:43:28.949000,427.4450690833144,98
2024-09-20 12:43:28.981000,427.4493999377065,101
2024-09-20 12:43:29.019000,427.4041165991769,995
2024-09-20 12:43:29.253000,427.3924348914926,998
2024-09-20 12:43:29.260000,427.4246434867845,1004
2024-09-20 12:43:29.264000,427.4341949381876,105
2024-09-20 12:43:29.270000,427.41179244390895,102
2024-09-20 12:43:29.321000,427.4423741692145,1005
2024-09-20 12:43:29.394000,427.3969340064933,1000
2024-09-20 12:43:29.534000,427.3915419439797,99
2024-09-20 12:43:29.708000,427.4162699379959,15
2024-09-20 12:43:29.737000,427.3842913438253,996
2024-09-20 12:43:29.818000,427.4001747863686,1005
2024-09-20 12:43:29.840000,427.3649438424007,1005
2024-09-20 12:43:29.969000,427.37180370923,996
2024-09-20 12:43:29.984000,427.3882407488392,12
2024-09-20 12:43:30.001000,427.3838091295734,996
2024-09-20 12:43:30.053000,427.3939400960427,998
2024-09-20 12:43:30.076000,427.3681004930956,998
2024-09-20 12:43:30.096000,427.40861157013774,95
2024-09-20 12:43:30.134000,427.4070275453464,13
2024-09-20 12:43:30.156000,427.3784341196936,997
2024-09-20 12:43:30.199000,427.3965933385458,8
2024-09-20 12:43:30.210000,427.4314065989772,995
2024-09-20 12:43:30.220000,427.3873738998477,998
2024-09-20 12:43:30.297000,427.3685843335671,101
2024-09-20 12:43:30.460000,427.4030870989255,13
2024-09-20 12:43:30.505000,427.4058520573546,104
2024-09-20 12:43:30.573000,427.4103612467794,95
2024-09-20 12:43:30.591000,427.4090565455189,15
2024-09-20 12:43:30.734000,427.3909778079358,100
2024-09-20 12:43:30.775000,427.3956763944304,103
2024-09-20 12:43:30.801000,427.41122919242224,9
2024-09-20 12:43:30.872000,427.38627599784655,998
2024-09-20 12:43:30.934000,427.4032601513649,1003
2024-09-20 12:43:30.990000,427.3963117677069,99
2024-09-20 12:43:31.095000,427.44899209663,101
2024-09-20 12:43:31.212000,427.4345620951096,14
2024-09-20 12:43:31.213000,427.4417618209412,105
2024-09-20 12:43:31.273000,427.4396510519616,101
2024-09-20 12:43:31.320000,427.4416888635041,995
2024-09-20 12:43:31.513000,427.426237632336,102
2024-09-20 12:43:31.606000,427.4256396193133,1005
2024-09-20 12:43:31.842000,427.4345453460584,100
2024-09-20 12:43:31.916000,427.43659795890494,104
2024-09-20 12:43:31.968000,427.4453209533663,997
2024-09-20 12:43:32.009000,427.42836138639336,15
2024-09-20 12:43:32.099000,427.4641199239466,11
2024-09-20 12:43:32.108000,427.4575897398887,102
2024-09-20 12:43:32.153000,427.4837308505898,105
2024-09-20 12:43:32.184000,427.4402703867584,9
2024-09-20 12:43:32.191000,427.4325019225385,8
2024-09-20 12:43:32.207000,427.4666423324364,1003
2024-09-20 12:43:32.249000,427.445371672104,104
2024-09-20 12:43:32.330000,427.4490351800203,104
2024-09-20 12:43:32.330000,427.4130636297699,1005
2024-09-20 12:43:32.381000,427.4721376352055,1004
2024-09-20 12:43:32.406000,427.4599201842496,7
2024-09-20 12:43:32.425000,427.4611266888308,98
2024-09-20 12:43:32.496000,427.3982652908218,98
2024-09-20 12:43:32.528000,427.42298048490426,998
2024-09-20 12:43:32.562000,427.4118924580024,104
2024-09-20 12:43:32.611000,427.460296286522,1000
2024-09-20 12:43:32.614000,427.44489234429017,105
2024-09-20 12:43:32.660000,427.4931463398247,10
2024-09-20 12:43:32.765000,427.45697889270974,7
2024-09-20 12:43:32.814000,427.4157220776856,13
2024-09-20 12:43:32.896000,427.450065689425,14
2024-09-20 12:43:32.950000,427.482344750473,100
2024-09-20 12:43:32.957000,427.4679041239031,5
2024-09-20 12:43:32.961000,427.4820508275831,102
2024-09-20 12:43:32.995000,427.455379688457,10
2024-09-20 12:43:33.115000,427.4446897715754,1000
2024-09-20 12:43:33.225000,427.44497300327566,96
2024-09-20 12:43:33.341000,427.4459580970002,10
2024-09-20 12:43:33.394000,427.450392967995,11
2024-09-20 12:43:33.532000,427.4661290127999,1000
2024-09-20 12:43:33.548000,427.4463486668968,1002
2024-09-20 12:43:33.659000,427.4413650871056,104
2024-09-20 12:43:33.718000,427.4521925315953,997
2024-09-20 12:43:33.882000,427.4730495689713,5
2024-09-20 12:43:34.003000,427.5063056158545,7
2024-09-20 12:43:34.038000,427.4890145992972,999
2024-09-20 12:43:34.067000,427.5026707630298,96
2024-09-20 12:43:34.094000,427.51461822129113,99
2024-09-20 12:43:34.161000,427.5066491716417,104
2024-09-20 12:43:34.178000,427.51815117088046,8
2024-09-20 12:43:34.223000,427.4795871466706,11
2024-09-20 12:43:34.225000,427.49805494094886,99
2024-09-20 12:43:34.259000,427.5048567605308,100
2024-09-20 12:43:34.331000,427.5128812216802,996
2024-09-20 12:43:34.537000,427.4818950193518,998
2024-09-20 12:43:34.604000,427.5151183644439,11
2024-09-20 12:43:34.620000,427.5328631595534,8
2024-09-20 12:43:34.621000,427.5080194295995,99
2024-09-20 12:43:34.646000,427.475388000404,997
2024-09-20 12:43:34.652000,427.5187293122978,102
2024-09-20 12:43:34.778000,427.5032115860485,1000
2024-09-20 12:43:34.787000,427.5119039953005,15
2024-09-20 12:43:34.850000,427.4907197736096,7
2024-09-20 12:43:34.865000,427.5055803816701,104
2024-09-20 12:43:34.899000,427.4931641411621,11
2024-09-20 12:43:34.899000,427.4976747376694,12
2024-09-20 12:43:34.901000,427.49327242048895,6
2024-09-20 12:43:34.950000,427.4999046239169,15
2024-09-20 12:43:34.950000,427.4655842950686,7
2024-09-20 12:43:35.108000,427.4349336953572,95
2024-09-20 12:43:35.120000,427.5046927457888,1002
2024-09-20 12:43:35.192000,427.4822118686841,1002
2024-09-20 12:43:35.228000,427.4843224857014,14
2024-09-20 12:43:35.235000,427.45453300528527,999
2024-09-20 12:43:35.242000,427.4439727340366,1001
2024-09-20 12:43:35.248000,427.4865991676431,998
2024-09-20 12:43:35.287000,427.4891019743972,1004
2024-09-20 12:43:35.327000,427.4868418122518,97
2024-09-20 12:43:35.336000,427.4700218011351,7
2024-09-20 12:43:35.419000,427.4761094394111,6
2024-09-20 12:43:35.553000,427.4733415603594,14
2024-09-20 12:43:35.587000,427.4878399867203,15
2024-09-20 12:43:35.591000,427.4804593947771,97
2024-09-20 12:43:35.594000,427.4839172791497,99
2024-09-20 12:43:35.613000,427.444694232565,96
2024-09-20 12:43:35.643000,427.49434918168606,999
2024-09-20 12:43:35.757000,427.4791842075072,8
2024-09-20 12:43:35.805000,427.45836012559926,7
2024-09-20 12:43:35.842000,427.4886604585989,8
2024-09-20 12:43:35.969000,427.47793802077655,103
2024-09-20 12:43:36.013000,427.5543016954649,103
2024-09-20 12:43:36.016000,427.5490387762143,1005
2024-09-20 12:43:36.329000,427.4909772935132,995
2024-09-20 12:43:36.345000,427.5128559627712,1005
2024-09-20 12:43:36.356000,427.4809159488811,15
2024-09-20 12:43:36.369000,427.5346120838026,103
2024-09-20 12:43:36.411000,427.5338507290066,103
2024-09-20 12:43:36.427000,427.5436913099044,1001
2024-09-20 12:43:36.472000,427.5554654816186,100
2024-09-20 12:43:36.482000,427.4954608834842,97
2024-09-20 12:43:36.625000,427.4533030972596,1004
2024-09-20 12:43:36.641000,427.4678402265613,15
2024-09-20 12:43:36.672000,427.5170972877845,1001
2024-09-20 12:43:36.722000,427.4604727367594,15
2024-09-20 12:43:36.895000,427.460888092495,6
2024-09-20 12:43:36.953000,427.4407075707127,6
2024-09-20 12:43:36.987000,427.5614567145244,996
2024-09-20 12:43:37.015000,427.62389975994375,14
2024-09-20 12:43:37.083000,427.60339316766414,104
2024-09-20 12:43:37.237000,427.6365618024301,99
2024-09-20 12:43:37.444000,427.6181319643079,6
2024-09-20 12:43:37.472000,427.6297595666006,101
2024-09-20 12:43:37.501000,427.63653715910215,8
2024-09-20 12:43:37.501000,427.6439316197436,996
2024-09-20 12:43:37.530000,427.62124064285234,1000
2024-09-20 12:43:37.584000,427.6235760488124,11
2024-09-20 12:43:37.617000,427.6279120763888,996
2024-09-20 12:43:37.654000,427.6498018460496,14
2024-09-20 12:43:37.663000,427.61452100621926,15
2024-09-20 12:43:37.664000,427.6162942314938,999
2024-09-20 12:43:37.666000,427.624869891307,1002
2024-09-20 12:43:37.666000,427.56524805582296,96
2024-09-20 12:43:37.671000,427.5908651753452,1003
2024-09-20 12:43:37.687000,427.6148342131539,997
2024-09-20 12:43:37.842000,427.5818519856623,5
2024-09-20 12:43:37.880000,427.5878180810109,1004
2024-09-20 12:43:37.926000,427.6090655131368,100
2024-09-20 12:43:37.949000,427.64118442705535,9
2024-09-20 12:43:38.124000,427.6152738552506,11
2024-09-20 12:43:38.210000,427.6193361646072,100
2024-09-20 12:43:38.303000,427.6308411432203,99
2024-09-20 12:43:38.499000,427.6370271014401,1000
2024-09-20 12:43:39.106000,427.6684625861421,14
2024-09-20 12:43:39.202000,427.6800280329956,15
2024-09-20 12:43:39.257000,427.6089927995955,10
2024-09-20 12:43:39.406000,427.6268451487458,6
2024-09-20 12:43:39.417000,427.60358576098287,100
2024-09-20 12:43:39.441000,427.6167595860505,11
2024-09-20 12:43:39.468000,427.6476075586714,102
2024-09-20 12:43:39.493000,427.6171142317818,13
2024-09-20 12:43:39.802000,427.6283159188153,13
2024-09-20 12:43:39.936000,427.647686346894,98
2024-09-20 12:43:39.951000,427.61112777096,14
2024-09-20 12:43:39.990000,427.61435998839966,13
2024-09-20 12:43:40.193000,427.6079008015453,7
2024-09-20 12:43:40.194000,427.6121045366916,14
2024-09-20 12:43:40.408000,427.6189065917701,9
2024-09-20 12:43:40.487000,427.65352096553744,105
2024-09-20 12:43:40.847000,427.6271225255582,95
2024-09-20 12:43:40.898000,427.6465748450848,96
2024-09-20 12:43:40.957000,427.6209324946897,97
2024-09-20 12:43:40.970000,427.6736855458771,98
2024-09-20 12:43:41.052000,427.57663759915056,104
2024-09-20 12:43:41.070000,427.6412269362206,1000
2024-09-20 12:43:41.071000,427.6203805462113,1002
2024-09-20 12:43:41.124000,427.5802697972922,10
2024-09-20 12:43:41.154000,427.6019942759902,9
2024-09-20 12:43:41.198000,427.5932560277783,11
2024-09-20 12:43:41.214000,427.6254026914804,13
2024-09-20 12:43:41.233000,427.63228237250576,13
2024-09-20 12:43:41.288000,427.62032441994376,15
2024-09-20 12:43:41.309000,427.6173691235393,98
2024-09-20 12:43:41.360000,427.5952654322935,5
2024-09-20 12:43:41.393000,427.601610017634,97
2024-09-20 12:43:41.444000,427.6264086281661,8
2024-09-20 12:43:41.534000,427.62680760660425,12
2024-09-20 12:43:41.682000,427.5994138845666,1000
2024-09-20 12:43:41.696000,427.62670958591457,6
2024-09-20 12:43:41.795000,427.6063459037528,100
2024-09-20 12:43:41.817000,427.62518217881416,102
2024-09-20 12:43:41.853000,427.5689599532889,996
2024-09-20 12:43:41.881000,427.60986327605343,7
2024-09-20 12:43:41.902000,427.5771209434686,1005
2024-09-20 12:43:41.966000,427.5958916986028,1001
2024-09-20 12:43:42.047000,427.6107372969939,11
2024-09-20 12:43:42.218000,427.6132712914504,14
2024-09-20 12:43:42.333000,427.5819031043935,1000
2024-09-20 12:43:42.454000,427.61797208414777,997
2024-09-20 12:43:42.506000,427.60651160383367,8
2024-09-20 12:43:42.530000,427.6114480014472,5
2024-09-20 12:43:42.586000,427.6340548711324,14
2024-09-20 12:43:42.606000,427.6368927516645,101
2024-09-20 12:43:42.622000,427.60805610636993,12
2024-09-20 12:43:42.626000,427.64166933489366,7
2024-09-20 12:43:42.690000,427.5966068971337,997
2024-09-20 12:43:42.697000,427.6210757733624,14
2024-09-20 12:43:42.711000,427.6172395403234,1001
2024-09-20 12:43:42.717000,427.6121045999878,11
2024-09-20 12:43:42.727000,427.5907009893143,9
2024-09-20 12:43:42.790000,427.6383473223332,6
2024-09-20 12:43:42.833000,427.6041896336257,8
2024-09-20 12:43:42.843000,427.6377104529984,998
2024-09-20 12:43:42.938000,427.6023547768302,96
2024-09-20 12:43:42.963000,427.6174248347614,1003
2024-09-20 12:43:43.120000,427.6190661776005,95
2024-09-20 12:43:43.308000,427.6214394140343,100
2024-09-20 12:43:43.377000,427.6205592127616,104
2024-09-20 12:43:43.829000,427.6112346322048,7
2024-09-20 12:43:43.992000,427.6231414471451,1000
2024-09-20 12:43:45.055000,427.6494430243968,104
2024-09-20 12:43:45.063000,427.6563410707075,1001
2024-09-20 12:43:45.075000,427.65230799353634,13
2024-09-20 12:43:45.099000,427.721160812533,98
2024-09-20 12:43:45.116000,427.676879317188,7
2024-09-20 12:43:45.208000,427.6445481452377,15
2024-09-20 12:43:45.215000,427.6608173176754,97
2024-09-20 12:43:45.225000,427.679993706804,996
2024-09-20 12:43:45.244000,427.62991630719785,103
2024-09-20 12:43:45.259000,427.70824239839095,96
2024-09-20 12:43:45.408000,427.62884301842746,12
2024-09-20 12:43:45.431000,427.7106180864408,5
2024-09-20 12:43:45.464000,427.6579220136032,1000
2024-09-20 12:43:45.467000,427.6373909523605,1001
2024-09-20 12:43:45.498000,427.6789287865186,105
2024-09-20 12:43:45.694000,427.6378155984487,1003
2024-09-20 12:43:45.708000,427.66071929740326,1001
2024-09-20 12:43:45.728000,427.6424306745111,100
2024-09-20 12:43:45.784000,427.6328556597071,1004
2024-09-20 12:43:45.787000,427.6341671450925,100
2024-09-20 12:43:45.869000,427.6414136040089,7
2024-09-20 12:43:45.881000,427.67042446124447,103
2024-09-20 12:43:45.884000,427.7148814931492,999
2024-09-20 12:43:45.899000,427.620812538965,11
2024-09-20 12:43:45.924000,427.69042195032966,8
2024-09-20 12:43:45.944000,427.65888833146624,1004
2024-09-20 12:43:45.969000,427.6432467309428,8
2024-09-20 12:43:46.156000,427.7686552454422,1004
2024-09-20 12:43:46.175000,427.7582927918229,12
2024-09-20 12:43:46.212000,427.738694173114,102
2024-09-20 12:43:46.240000,427.72164798543184,1003
2024-09-20 12:43:46.253000,427.7002099962359,1002
2024-09-20 12:43:46.259000,427.7958390751213,1002
2024-09-20 12:43:46.302000,427.733705900026,10
2024-09-20 12:43:46.346000,427.6745464191532,13
2024-09-20 12:43:46.430000,427.7169253896472,997
2024-09-20 12:43:46.480000,427.7424169092602,104
2024-09-20 12:43:46.527000,427.7224622875298,998
2024-09-20 12:43:46.537000,427.8006427011939,999
2024-09-20 12:43:46.540000,427.81636910903694,1003
2024-09-20 12:43:46.576000,427.8253272240895,995
2024-09-20 12:43:46.579000,427.7186833197755,1003
2024-09-20 12:43:46.597000,427.7088704184301,7
2024-09-20 12:43:46.661000,427.7632550822579,997
2024-09-20 12:43:46.709000,427.8158866129196,103
2024-09-20 12:43:46.727000,427.7333802915401,98
2024-09-20 12:43:46.738000,427.67985818776936,1002
2024-09-20 12:43:46.746000,427.8030603823205,1002
2024-09-20 12:43:46.823000,427.7977148157199,12
2024-09-20 12:43:46.891000,427.8323372634601,7
2024-09-20 12:43:46.896000,427.7634294552862,5
2024-09-20 12:43:46.919000,427.82319824497546,1004
2024-09-20 12:43:46.947000,427.793204839533,1004
2024-09-20 12:43:47.106000,427.77228624912425,102
2024-09-20 12:43:47.172000,427.7930352797075,1003
2024-09-20 12:43:47.185000,427.7997847816337,104
2024-09-20 12:43:47.292000,427.7671270327687,997
2024-09-20 12:43:47.307000,427.78377935098905,105
2024-09-20 12:43:47.320000,427.8163158881618,996
2024-09-20 12:43:47.380000,427.8091828872636,1000
2024-09-20 12:43:47.599000,427.7669340186981,105
2024-09-20 12:43:47.608000,427.7899027074427,96
2024-09-20 12:43:47.642000,427.8017599411995,1004
2024-09-20 12:43:47.685000,427.8130426875411,1001
2024-09-20 12:43:48.085000,427.79380004931096,1000
2024-09-20 12:43:48.167000,427.7811298909749,1003
2024-09-20 12:43:48.176000,427.7636598544497,99
2024-09-20 12:43:48.207000,427.7646791413495,99
2024-09-20 12:43:48.215000,427.7815495340431,996
2024-09-20 12:43:48.267000,427.7602780551848,1001
2024-09-20 12:43:48.335000,427.7757918781711,101
2024-09-20 12:43:48.518000,427.7805275530891,996
2024-09-20 12:43:48.536000,427.76009304648034,102
2024-09-20 12:43:48.543000,427.7643790628343,98
2024-09-20 12:43:48.655000,427.7717607267729,1004
2024-09-20 12:43:48.791000,427.76022540933945,96
2024-09-20 12:43:48.868000,427.753218366275,1002
2024-09-20 12:43:49.141000,427.7509650027667,12
2024-09-20 12:43:49.530000,427.7716264582825,999
2024-09-20 12:43:49.753000,427.7580025774733,999
2024-09-20 12:43:50.072000,427.7351157094709,7
2024-09-20 12:43:50.075000,427.7667869459885,998
2024-09-20 12:43:50.132000,427.7853187715861,95
2024-09-20 12:43:50.276000,427.7366866581913,996
2024-09-20 12:43:50.523000,427.7456401722837,1000
2024-09-20 12:43:50.542000,427.7792171596218,101
2024-09-20 12:43:50.637000,427.72519816254805,11
2024-09-20 12:43:50.691000,427.7564301389425,104
2024-09-20 12:43:50.731000,427.7820138384259,12
2024-09-20 12:43:50.752000,427.7591673601054,98
2024-09-20 12:43:50.792000,427.7395053309892,102
2024-09-20 12:43:50.826000,427.754445179889,101
2024-09-20 12:43:50.973000,427.7314602364203,995
2024-09-20 12:43:50.989000,427.7773668963746,11
2024-09-20 12:43:51.167000,427.7466178896186,1002
2024-09-20 12:43:51.284000,427.7628525282943,7
2024-09-20 12:43:51.396000,427.7374256959034,100
2024-09-20 12:43:51.493000,427.74681296992514,11
2024-09-20 12:43:51.518000,427.76501725819327,13
2024-09-20 12:43:51.529000,427.7573860898949,95
2024-09-20 12:43:51.530000,427.7693816710065,105
2024-09-20 12:43:51.570000,427.7453072349032,1005
2024-09-20 12:43:51.577000,427.7434462754111,998
2024-09-20 12:43:51.699000,427.75442208225326,99
2024-09-20 12:43:51.717000,427.75019257851824,997
2024-09-20 12:43:51.720000,427.7897228937644,1002
2024-09-20 12:43:51.748000,427.76747769015634,15
2024-09-20 12:43:51.793000,427.7894869114543,1001
2024-09-20 12:43:51.894000,427.7692843035176,9
2024-09-20 12:43:51.969000,427.7840520721039,1002
2024-09-20 12:43:52.097000,427.7753154076768,14
2024-09-20 12:43:52.200000,427.77090375179176,98
2024-09-20 12:43:52.392000,427.8336236267911,8
2024-09-20 12:43:52.418000,427.8374502033957,103
2024-09-20 12:43:52.448000,427.8622237421234,1000
2024-09-20 12:43:52.496000,427.8286729268103,104
2024-09-20 12:43:52.566000,427.76827063130673,12
2024-09-20 12:43:52.636000,427.8058685592285,8
2024-09-20 12:43:52.680000,427.8225201351447,997
2024-09-20 12:43:52.700000,427.82944541474006,97
2024-09-20 12:43:52.726000,427.7593027237424,102
2024-09-20 12:43:52.734000,427.8373857263687,996
2024-09-20 12:43:52.754000,427.832505792624,997
2024-09-20 12:43:52.801000,427.8049996735646,99
2024-09-20 12:43:52.816000,427.8420634949,96
2024-09-20 12:43:52.865000,427.7819752314111,13
2024-09-20 12:43:52.888000,427.8282473900832,10
2024-09-20 12:43:52.914000,427.7668752432049,102
2024-09-20 12:43:52.994000,427.8350736212606,999
2024-09-20 12:43:53.039000,427.7692851332828,98
2024-09-20 12:43:53.173000,427.7888163331671,1003
2024-09-20 12:43:53.363000,427.7588034897042,1004
2024-09-20 12:43:53.381000,427.85957853830007,96
2024-09-20 12:43:53.383000,427.8185566367879,13
2024-09-20 12:43:53.391000,427.7590297693368,5
2024-09-20 12:43:53.412000,427.7787788138986,7
2024-09-20 12:43:53.463000,427.8308125941697,13
2024-09-20 12:43:53.623000,427.8313294950036,98
2024-09-20 12:43:53.882000,427.7711615650896,98
2024-09-20 12:43:53.942000,427.7829756190558,1002
2024-09-20 12:43:55,427.793319177256,14
2024-09-20 12:43:55.071000,427.798694257634,11
2024-09-20 12:43:55.179000,427.802445330496,9
2024-09-20 12:43:55.345000,427.8029169586365,1003
2024-09-20 12:43:55.375000,427.7971549733912,96
2024-09-20 12:43:55.407000,427.78527428153006,105
2024-09-20 12:43:55.462000,427.7858234264705,1000
2024-09-20 12:43:55.556000,427.8067722933224,999
2024-09-20 12:43:55.560000,427.8026255515218,1001
2024-09-20 12:43:55.610000,427.7943340039093,1000
2024-09-20 12:43:55.847000,427.8010378684748,1001
2024-09-20 12:43:55.886000,427.8189078564357,10
2024-09-20 12:43:56.051000,427.78458409083424,13
2024-09-20 12:43:56.107000,427.7822320311293,105
2024-09-20 12:43:56.110000,427.7883484727279,8
2024-09-20 12:43:56.151000,427.8123659977508,100
2024-09-20 12:43:56.167000,427.7949528451121,9
2024-09-20 12:43:56.229000,427.7992679436127,104
2024-09-20 12:43:56.253000,427.8298088836182,1002
2024-09-20 12:43:56.272000,427.7679081270021,998
2024-09-20 12:43:56.282000,427.8053331525275,13
2024-09-20 12:43:56.287000,427.793642808017,5
2024-09-20 12:43:56.359000,427.7868887252317,1004
2024-09-20 12:43:56.415000,427.83072107506206,104
2024-09-20 12:43:56.462000,427.7975066240237,95
2024-09-20 12:43:56.475000,427.7896628806759,1003
2024-09-20 12:43:56.506000,427.8064649005091,96
2024-09-20 12:43:56.601000,427.80402003723344,6
2024-09-20 12:43:56.605000,427.7868209887265,999
2024-09-20 12:43:56.628000,427.7869898179961,1000
2024-09-20 12:43:56.702000,427.7562393377669,1003
2024-09-20 12:43:56.750000,427.7802619647607,11
2024-09-20 12:43:56.779000,427.7750174497862,104
2024-09-20 12:43:56.782000,427.7811819993861,998
2024-09-20 12:43:56.822000,427.7735932264299,5
2024-09-20 12:43:56.885000,427.7991658664381,8
2024-09-20 12:43:56.935000,427.76574319451856,1001
2024-09-20 12:43:56.974000,427.8146209421312,15
2024-09-20 12:43:56.981000,427.7925346533305,995
2024-09-20 12:43:56.992000,427.7845982259664,104
2024-09-20 12:43:56.997000,427.78342106083215,96
2024-09-20 12:43:57.142000,427.7470385039714,8
2024-09-20 12:43:57.221000,427.7370514328091,7
2024-09-20 12:43:57.303000,427.7739798328346,1002
2024-09-20 12:43:57.393000,427.7473630158753,10
2024-09-20 12:43:57.598000,427.754326419631,11
2024-09-20 12:43:57.610000,427.7619776159936,1005
2024-09-20 12:43:57.626000,427.76500327976896,7
2024-09-20 12:43:57.990000,427.771041591046,1003
2024-09-20 12:43:57.998000,427.7886468158002,6
2024-09-20 12:43:58.033000,427.7558673665093,7
2024-09-20 12:43:58.353000,427.7530486106714,7
2024-09-20 12:43:58.879000,427.7315830218369,11
2024-09-20 12:43:59.107000,427.73344703632256,99
2024-09-20 12:43:59.441000,427.74416665243217,98
2024-09-20 12:43:59.531000,427.74778395143846,1000
2024-09-20 12:43:59.828000,427.7371932555808,13
2024-09-20 12:43:59.939000,427.7349394416115,95
