Timestamp,Price,Size
2024-09-18 10:23:00.009000,410.5070195273644,101
2024-09-18 10:23:00.032000,410.3431863237672,8
2024-09-18 10:23:00.103000,410.344070938659,104
2024-09-18 10:23:00.105000,410.45249580115546,103
2024-09-18 10:23:00.118000,410.3478587228364,13
2024-09-18 10:23:00.121000,410.4229463071735,101
2024-09-18 10:23:00.187000,410.3322934420555,96
2024-09-18 10:23:00.221000,410.4727070599911,9
2024-09-18 10:23:00.307000,410.4081487208954,995
2024-09-18 10:23:00.330000,410.4779172228874,101
2024-09-18 10:23:00.339000,410.3229279990238,97
2024-09-18 10:23:00.415000,410.36354194011807,998
2024-09-18 10:23:00.474000,410.51659513612105,8
2024-09-18 10:23:00.536000,410.3453501668516,6
2024-09-18 10:23:00.584000,410.370227428477,9
2024-09-18 10:23:00.664000,410.4897300716984,99
2024-09-18 10:23:00.727000,410.34321641716167,996
2024-09-18 10:23:00.783000,410.3771938299985,1000
2024-09-18 10:23:00.833000,410.3567907645124,98
2024-09-18 10:23:00.924000,410.40292553895495,99
2024-09-18 10:23:00.934000,410.4624204389274,98
2024-09-18 10:23:00.945000,410.366987262402,997
2024-09-18 10:23:00.993000,410.5143718529622,14
2024-09-18 10:23:01.098000,410.34857179058247,104
2024-09-18 10:23:01.248000,410.3595073571133,15
2024-09-18 10:23:01.497000,410.355762813278,11
2024-09-18 10:23:01.922000,410.35284998298624,996
2024-09-18 10:23:02.013000,410.29182887285896,101
2024-09-18 10:23:02.049000,410.3057219214215,997
2024-09-18 10:23:02.053000,410.26772152154746,5
2024-09-18 10:23:02.150000,410.30506327782473,101
2024-09-18 10:23:02.158000,410.2610765001356,996
2024-09-18 10:23:02.233000,410.2537749491638,104
2024-09-18 10:23:02.258000,410.2794051748066,95
2024-09-18 10:23:02.272000,410.2841073637922,1003
2024-09-18 10:23:02.276000,410.2453168192688,10
2024-09-18 10:23:02.293000,410.3457252743011,10
2024-09-18 10:23:02.308000,410.2676582171956,996
2024-09-18 10:23:02.400000,410.3201651363575,99
2024-09-18 10:23:02.441000,410.2910881363004,102
2024-09-18 10:23:02.531000,410.3605231249597,10
2024-09-18 10:23:02.663000,410.318926526637,6
2024-09-18 10:23:02.668000,410.2796130775922,95
2024-09-18 10:23:02.778000,410.2938657162648,15
2024-09-18 10:23:02.881000,410.2584282500999,996
2024-09-18 10:23:02.904000,410.2585277768922,6
2024-09-18 10:23:02.907000,410.2590367119359,996
2024-09-18 10:23:02.914000,410.3434475228714,998
2024-09-18 10:23:03.023000,410.236169128408,97
2024-09-18 10:23:03.049000,410.2662372180531,1003
2024-09-18 10:23:03.121000,410.2411402340145,1005
2024-09-18 10:23:03.123000,410.2626243806798,9
2024-09-18 10:23:03.131000,410.2388506331867,104
2024-09-18 10:23:03.209000,410.2540427330588,99
2024-09-18 10:23:03.230000,410.2699838251197,999
2024-09-18 10:23:03.267000,410.2510124066554,98
2024-09-18 10:23:03.293000,410.2324721749365,105
2024-09-18 10:23:03.403000,410.2341674031212,98
2024-09-18 10:23:03.418000,410.2579910118679,8
2024-09-18 10:23:03.469000,410.2566155510367,102
2024-09-18 10:23:03.531000,410.2642693125688,103
2024-09-18 10:23:03.569000,410.28112874348994,102
2024-09-18 10:23:03.583000,410.2626369102949,1000
2024-09-18 10:23:03.662000,410.2716407739117,8
2024-09-18 10:23:03.699000,410.276793593346,95
2024-09-18 10:23:03.723000,410.26520287727305,999
2024-09-18 10:23:03.730000,410.2523973096292,12
2024-09-18 10:23:03.735000,410.2687968182365,7
2024-09-18 10:23:03.785000,410.2646914125736,97
2024-09-18 10:23:03.997000,410.27593274303393,105
2024-09-18 10:23:04.083000,410.24742195567,1005
2024-09-18 10:23:04.202000,410.266020814964,7
2024-09-18 10:23:04.294000,410.2815810495994,9
2024-09-18 10:23:04.452000,410.2876066493193,97
2024-09-18 10:23:04.546000,410.28534030798767,7
2024-09-18 10:23:04.568000,410.2589331204821,13
2024-09-18 10:23:04.775000,410.2389629164289,11
2024-09-18 10:23:04.872000,410.2459396228358,100
2024-09-18 10:23:04.897000,410.2803007304199,96
2024-09-18 10:23:05.024000,410.2666302247724,7
2024-09-18 10:23:05.062000,410.2608647768057,10
2024-09-18 10:23:05.520000,410.2545248718421,1002
2024-09-18 10:23:05.595000,410.2523025336332,100
2024-09-18 10:23:05.831000,410.2557921159876,12
2024-09-18 10:23:05.849000,410.25197773898935,5
2024-09-18 10:23:06.031000,410.2372054282532,14
2024-09-18 10:23:06.037000,410.2153881326746,1003
2024-09-18 10:23:06.165000,410.214122449191,1002
2024-09-18 10:23:06.253000,410.2614562019208,1004
2024-09-18 10:23:06.254000,410.22177250122746,9
2024-09-18 10:23:06.258000,410.2122404714888,10
2024-09-18 10:23:06.502000,410.2153107688404,1005
2024-09-18 10:23:06.674000,410.2047511788466,997
2024-09-18 10:23:06.744000,410.2129679588848,103
2024-09-18 10:23:06.968000,410.2579600382978,100
2024-09-18 10:23:06.992000,410.2187234860541,104
2024-09-18 10:23:07.043000,410.1771001889608,1005
2024-09-18 10:23:07.119000,410.21693908405786,96
2024-09-18 10:23:07.130000,410.1900094878373,9
2024-09-18 10:23:07.132000,410.1746640321783,13
2024-09-18 10:23:07.264000,410.24900850873456,12
2024-09-18 10:23:07.280000,410.21764201493113,1003
2024-09-18 10:23:07.295000,410.2492575858538,96
2024-09-18 10:23:07.381000,410.2120939723719,100
2024-09-18 10:23:07.423000,410.20038395154415,15
2024-09-18 10:23:07.431000,410.1901620081236,1000
2024-09-18 10:23:07.477000,410.1797303018832,15
2024-09-18 10:23:07.540000,410.2109684033965,103
2024-09-18 10:23:07.573000,410.1884756579418,15
2024-09-18 10:23:07.594000,410.1775934980575,1003
2024-09-18 10:23:07.598000,410.23193784966975,996
2024-09-18 10:23:07.601000,410.235782694623,9
2024-09-18 10:23:07.681000,410.1893587068028,12
2024-09-18 10:23:07.698000,410.1896500048497,100
2024-09-18 10:23:07.716000,410.1882516547147,13
2024-09-18 10:23:07.753000,410.1987019565242,101
2024-09-18 10:23:07.781000,410.2223692527815,97
2024-09-18 10:23:07.823000,410.2189316606529,997
2024-09-18 10:23:07.835000,410.1782346972053,1002
2024-09-18 10:23:07.845000,410.1905530771992,96
2024-09-18 10:23:07.870000,410.1766650667522,103
2024-09-18 10:23:07.973000,410.1849283648664,6
2024-09-18 10:23:07.980000,410.2069549718035,8
2024-09-18 10:23:07.984000,410.1957094130664,7
2024-09-18 10:23:08.027000,410.26215018465547,5
2024-09-18 10:23:08.027000,410.2081479294441,97
2024-09-18 10:23:08.107000,410.2496370215979,998
2024-09-18 10:23:08.138000,410.241391019347,996
2024-09-18 10:23:08.166000,410.24982631213743,1001
2024-09-18 10:23:08.167000,410.2495551676973,7
2024-09-18 10:23:08.171000,410.1754337931664,12
2024-09-18 10:23:08.186000,410.2234188256001,105
2024-09-18 10:23:08.221000,410.2513969276416,10
2024-09-18 10:23:08.285000,410.2539426892951,13
2024-09-18 10:23:08.328000,410.2071911279616,11
2024-09-18 10:23:08.378000,410.2643514862085,1005
2024-09-18 10:23:08.411000,410.20130508579246,102
2024-09-18 10:23:08.485000,410.2595074589033,97
2024-09-18 10:23:08.546000,410.2058982864646,10
2024-09-18 10:23:08.597000,410.2526020843897,9
2024-09-18 10:23:08.604000,410.2370583283929,104
2024-09-18 10:23:08.635000,410.210453650193,100
2024-09-18 10:23:08.658000,410.2748620051802,10
2024-09-18 10:23:08.723000,410.2260115457445,1003
2024-09-18 10:23:08.776000,410.235246574612,5
2024-09-18 10:23:08.806000,410.22015825224406,996
2024-09-18 10:23:08.807000,410.2535494073285,95
2024-09-18 10:23:08.846000,410.2792220768071,999
2024-09-18 10:23:08.855000,410.207332678302,1004
2024-09-18 10:23:08.911000,410.2230354971688,100
2024-09-18 10:23:09.137000,410.21331076962,6
2024-09-18 10:23:09.238000,410.2411898095643,101
2024-09-18 10:23:09.266000,410.2258825169789,101
2024-09-18 10:23:09.660000,410.21928352124735,1000
2024-09-18 10:23:09.713000,410.2351566050776,13
2024-09-18 10:23:09.921000,410.2212992439465,96
2024-09-18 10:23:10.093000,410.1874458544305,103
2024-09-18 10:23:10.175000,410.1635808172625,7
2024-09-18 10:23:10.205000,410.1943277389192,1005
2024-09-18 10:23:10.247000,410.1455878740613,100
2024-09-18 10:23:10.315000,410.1791340648501,995
2024-09-18 10:23:10.444000,410.1692236234402,10
2024-09-18 10:23:10.546000,410.225310933321,103
2024-09-18 10:23:10.609000,410.169581161386,101
2024-09-18 10:23:10.641000,410.18969112890977,101
2024-09-18 10:23:10.679000,410.206243672138,99
2024-09-18 10:23:10.706000,410.1488082789768,1004
2024-09-18 10:23:10.823000,410.1626222283643,1005
2024-09-18 10:23:10.849000,410.2197897398861,101
2024-09-18 10:23:10.984000,410.13603764359846,5
2024-09-18 10:23:11.036000,410.2376440265275,103
2024-09-18 10:23:11.301000,410.21833004698505,103
2024-09-18 10:23:11.328000,410.2330759052938,101
2024-09-18 10:23:11.417000,410.25516466562215,15
2024-09-18 10:23:11.521000,410.2492659057564,6
2024-09-18 10:23:11.529000,410.2378704930072,97
2024-09-18 10:23:11.562000,410.2436035558524,100
2024-09-18 10:23:11.594000,410.23810603860073,8
2024-09-18 10:23:11.610000,410.2388345246719,9
2024-09-18 10:23:11.626000,410.1932998095256,99
2024-09-18 10:23:11.640000,410.24195028423634,100
2024-09-18 10:23:11.652000,410.2345626998506,1002
2024-09-18 10:23:11.749000,410.2252163047186,9
2024-09-18 10:23:11.755000,410.2467496026988,100
2024-09-18 10:23:11.802000,410.22476712602025,10
2024-09-18 10:23:11.985000,410.20756401750094,104
2024-09-18 10:23:12.011000,410.2670195681063,99
2024-09-18 10:23:12.053000,410.2532212840384,6
2024-09-18 10:23:12.116000,410.26406642826527,1004
2024-09-18 10:23:12.229000,410.26578372484295,8
2024-09-18 10:23:12.263000,410.2853415799274,15
2024-09-18 10:23:12.330000,410.25691687270034,999
2024-09-18 10:23:12.455000,410.23588386152767,102
2024-09-18 10:23:12.475000,410.2487592743285,997
2024-09-18 10:23:12.481000,410.25642207924847,104
2024-09-18 10:23:12.549000,410.23086761369103,95
2024-09-18 10:23:12.583000,410.2818696165451,97
2024-09-18 10:23:12.585000,410.26034954934266,7
2024-09-18 10:23:12.643000,410.2596448078012,1005
2024-09-18 10:23:12.654000,410.2467256626052,1003
2024-09-18 10:23:12.715000,410.2488703974541,102
2024-09-18 10:23:12.761000,410.2305992188264,5
2024-09-18 10:23:12.835000,410.2498323331773,9
2024-09-18 10:23:12.840000,410.2505762411133,7
2024-09-18 10:23:12.855000,410.2454194749001,12
2024-09-18 10:23:12.890000,410.2469045243369,7
2024-09-18 10:23:12.945000,410.2718266724782,1004
2024-09-18 10:23:13.032000,410.31468266861367,997
2024-09-18 10:23:13.150000,410.30849921135706,5
2024-09-18 10:23:13.164000,410.3450788777837,101
2024-09-18 10:23:13.174000,410.35308547758194,1001
2024-09-18 10:23:13.231000,410.3619578334751,1002
2024-09-18 10:23:13.260000,410.3324668567147,11
2024-09-18 10:23:13.284000,410.34689425694427,10
2024-09-18 10:23:13.443000,410.26485264136943,12
2024-09-18 10:23:13.492000,410.3478198547766,97
2024-09-18 10:23:13.559000,410.3387115086501,1000
2024-09-18 10:23:13.574000,410.3220627689568,14
2024-09-18 10:23:13.576000,410.3152187550223,1000
2024-09-18 10:23:13.661000,410.3234804622662,996
2024-09-18 10:23:13.714000,410.3615830948731,5
2024-09-18 10:23:13.721000,410.2820580321828,7
2024-09-18 10:23:13.750000,410.30946689964736,995
2024-09-18 10:23:13.851000,410.33339712937465,15
2024-09-18 10:23:13.862000,410.3518606189126,1001
2024-09-18 10:23:13.920000,410.32778698373255,95
2024-09-18 10:23:13.928000,410.3191970133881,1005
2024-09-18 10:23:13.941000,410.3467697536797,9
2024-09-18 10:23:13.966000,410.3566221894868,5
2024-09-18 10:23:13.995000,410.3475252040106,99
2024-09-18 10:23:14.210000,410.29663050460726,97
2024-09-18 10:23:14.952000,410.30423217212143,1001
2024-09-18 10:23:15.124000,410.3093655305865,999
2024-09-18 10:23:15.127000,410.29423322628463,97
2024-09-18 10:23:15.142000,410.29721696259054,5
2024-09-18 10:23:15.553000,410.2935461488413,12
2024-09-18 10:23:16,410.3415553390448,10
2024-09-18 10:23:16.141000,410.31575635227824,105
2024-09-18 10:23:16.158000,410.3292264434679,1000
2024-09-18 10:23:16.161000,410.296415313679,103
2024-09-18 10:23:16.391000,410.3061345848559,9
2024-09-18 10:23:16.451000,410.3413751990163,99
2024-09-18 10:23:16.502000,410.3136183674226,13
2024-09-18 10:23:16.760000,410.3257983720158,8
2024-09-18 10:23:16.840000,410.3274688381324,998
2024-09-18 10:23:17.197000,410.3273502448116,9
2024-09-18 10:23:17.239000,410.3342118600928,999
2024-09-18 10:23:17.367000,410.32367102313736,997
2024-09-18 10:23:17.906000,410.3281020149408,1004
2024-09-18 10:23:18.061000,410.33516039363695,996
2024-09-18 10:23:18.068000,410.3510705486159,95
2024-09-18 10:23:18.070000,410.3551833190166,996
2024-09-18 10:23:18.099000,410.33679203792303,1005
2024-09-18 10:23:18.122000,410.34656932038337,12
2024-09-18 10:23:18.142000,410.2802204468945,9
2024-09-18 10:23:18.238000,410.3419834500092,1002
2024-09-18 10:23:18.249000,410.3401672446491,95
2024-09-18 10:23:18.306000,410.3149814877939,100
2024-09-18 10:23:18.317000,410.3498545135405,96
2024-09-18 10:23:18.323000,410.3496253364847,5
2024-09-18 10:23:18.323000,410.3169109033994,99
2024-09-18 10:23:18.345000,410.3516437766351,104
2024-09-18 10:23:18.348000,410.3347209568191,996
2024-09-18 10:23:18.372000,410.2863928041735,98
2024-09-18 10:23:18.440000,410.3404813927201,995
2024-09-18 10:23:18.640000,410.35125418549046,1003
2024-09-18 10:23:18.756000,410.3313623951034,1001
2024-09-18 10:23:18.781000,410.3045390397107,10
2024-09-18 10:23:18.860000,410.33186000067184,15
2024-09-18 10:23:18.884000,410.31643668101697,95
2024-09-18 10:23:18.921000,410.3575957263404,15
2024-09-18 10:23:18.955000,410.3529224793593,997
2024-09-18 10:23:19.309000,410.2919086924892,1002
2024-09-18 10:23:19.441000,410.2749228403035,1002
2024-09-18 10:23:19.649000,410.2707110462802,101
2024-09-18 10:23:19.683000,410.2860764217283,96
2024-09-18 10:23:19.738000,410.2674618270165,95
2024-09-18 10:23:19.783000,410.2728052931952,101
2024-09-18 10:23:20.104000,410.28294659568456,97
2024-09-18 10:23:20.130000,410.2749188907604,104
2024-09-18 10:23:20.447000,410.2869637675335,10
2024-09-18 10:23:20.676000,410.2523179825583,98
2024-09-18 10:23:20.688000,410.2468160724017,996
2024-09-18 10:23:20.818000,410.29379936141305,15
2024-09-18 10:23:21.121000,410.2849951601499,98
2024-09-18 10:23:21.123000,410.2744525814037,97
2024-09-18 10:23:21.157000,410.28104136774266,10
2024-09-18 10:23:21.171000,410.28044596819626,97
2024-09-18 10:23:21.278000,410.2838077306,999
2024-09-18 10:23:21.292000,410.27243187219824,6
2024-09-18 10:23:21.386000,410.2757867227096,8
2024-09-18 10:23:21.396000,410.2907767722122,12
2024-09-18 10:23:21.412000,410.2685996463487,98
2024-09-18 10:23:21.430000,410.3066740913226,9
2024-09-18 10:23:21.436000,410.28136956801336,11
2024-09-18 10:23:21.517000,410.2998211200897,105
2024-09-18 10:23:21.641000,410.3064248309961,5
2024-09-18 10:23:21.646000,410.29140533940296,104
2024-09-18 10:23:21.677000,410.25801738323264,6
2024-09-18 10:23:21.698000,410.2880222627298,1002
2024-09-18 10:23:21.721000,410.25531262928325,995
2024-09-18 10:23:21.820000,410.28467698688775,1002
2024-09-18 10:23:21.832000,410.2992042616174,15
2024-09-18 10:23:21.943000,410.2825911620487,10
2024-09-18 10:23:21.968000,410.279214672145,999
2024-09-18 10:23:22.013000,410.2766818299378,8
2024-09-18 10:23:22.223000,410.25770755548496,105
2024-09-18 10:23:22.224000,410.2633619388544,1003
2024-09-18 10:23:22.339000,410.276091642006,996
2024-09-18 10:23:22.352000,410.2479947637259,105
2024-09-18 10:23:22.447000,410.26424546354025,95
2024-09-18 10:23:22.479000,410.255326929368,1004
2024-09-18 10:23:22.540000,410.2344597978749,103
2024-09-18 10:23:22.562000,410.2627360426085,999
2024-09-18 10:23:22.578000,410.2606330579307,1002
2024-09-18 10:23:22.607000,410.26518650417023,1000
2024-09-18 10:23:22.653000,410.2854586278674,12
2024-09-18 10:23:22.677000,410.2766078331575,996
2024-09-18 10:23:22.725000,410.2695317512988,1005
2024-09-18 10:23:22.765000,410.2388181335845,1000
2024-09-18 10:23:22.862000,410.2455912066251,105
2024-09-18 10:23:22.876000,410.2644315178818,6
2024-09-18 10:23:22.897000,410.2517584566921,6
2024-09-18 10:23:22.903000,410.2388823552181,13
2024-09-18 10:23:22.925000,410.2810216467424,101
2024-09-18 10:23:22.978000,410.2441020856332,99
2024-09-18 10:23:22.989000,410.2744208602196,100
2024-09-18 10:23:23.045000,410.3931842684988,6
2024-09-18 10:23:23.334000,410.324850310014,997
2024-09-18 10:23:23.337000,410.3307552365311,100
2024-09-18 10:23:23.435000,410.35606378223673,102
2024-09-18 10:23:23.436000,410.3112181908739,11
2024-09-18 10:23:23.472000,410.3577238265669,1000
2024-09-18 10:23:23.529000,410.2936808954019,995
2024-09-18 10:23:23.596000,410.38276094381513,14
2024-09-18 10:23:23.648000,410.3114637056,5
2024-09-18 10:23:23.753000,410.3693888912961,9
2024-09-18 10:23:23.855000,410.3147963746872,1004
2024-09-18 10:23:23.937000,410.3409939909767,10
2024-09-18 10:23:23.979000,410.3094288290064,999
2024-09-18 10:23:24.030000,410.3209563432856,6
2024-09-18 10:23:24.050000,410.3233477824096,1005
2024-09-18 10:23:24.084000,410.3164101201524,1003
2024-09-18 10:23:24.176000,410.3217476618146,102
2024-09-18 10:23:24.180000,410.3302575269407,102
2024-09-18 10:23:24.220000,410.31505114437874,99
2024-09-18 10:23:24.255000,410.345213145272,100
2024-09-18 10:23:24.281000,410.3820366039052,99
2024-09-18 10:23:24.305000,410.3287739088058,999
2024-09-18 10:23:24.436000,410.37481538630544,999
2024-09-18 10:23:24.477000,410.33521801719024,103
2024-09-18 10:23:24.597000,410.3845918231728,6
2024-09-18 10:23:24.661000,410.3858683252605,95
2024-09-18 10:23:24.693000,410.32007076671016,103
2024-09-18 10:23:24.726000,410.388012918816,9
2024-09-18 10:23:24.776000,410.36735471362607,1001
2024-09-18 10:23:24.874000,410.33245057049913,97
2024-09-18 10:23:24.907000,410.3832838620664,999
2024-09-18 10:23:24.910000,410.31261444936,12
2024-09-18 10:23:24.955000,410.32760559841904,99
2024-09-18 10:23:24.965000,410.3045764786322,1002
2024-09-18 10:23:25.164000,410.3007220617503,1004
2024-09-18 10:23:25.202000,410.32371441700303,7
2024-09-18 10:23:25.227000,410.3201384879192,13
2024-09-18 10:23:25.282000,410.3044363628404,996
2024-09-18 10:23:25.296000,410.286157208793,1004
2024-09-18 10:23:25.389000,410.3202990924847,14
2024-09-18 10:23:25.497000,410.3009527353074,105
2024-09-18 10:23:25.532000,410.3220527008871,15
2024-09-18 10:23:25.630000,410.3193113439594,102
2024-09-18 10:23:25.786000,410.2815065526137,95
2024-09-18 10:23:25.792000,410.3012104765905,997
2024-09-18 10:23:25.823000,410.30314798847706,997
2024-09-18 10:23:25.886000,410.31623798523344,14
2024-09-18 10:23:25.900000,410.2961438829692,15
2024-09-18 10:23:26.176000,410.3079987637109,996
2024-09-18 10:23:26.232000,410.291448204053,99
2024-09-18 10:23:26.523000,410.3015209683088,101
2024-09-18 10:23:26.606000,410.3062789490813,102
2024-09-18 10:23:27.355000,410.3188199818998,996
2024-09-18 10:23:27.444000,410.32434955051065,105
2024-09-18 10:23:27.642000,410.3207952797788,15
2024-09-18 10:23:27.944000,410.318383782265,15
2024-09-18 10:23:28.121000,410.306848924434,995
2024-09-18 10:23:28.448000,410.2675953628456,5
2024-09-18 10:23:28.810000,410.2812329512493,101
2024-09-18 10:23:29.034000,410.3178191545755,103
2024-09-18 10:23:29.052000,410.2463434062606,5
2024-09-18 10:23:29.056000,410.2769107870934,96
2024-09-18 10:23:29.192000,410.3032246326498,97
2024-09-18 10:23:29.235000,410.3400571968714,6
2024-09-18 10:23:29.249000,410.2938095843079,1004
2024-09-18 10:23:29.256000,410.3443795821964,1005
2024-09-18 10:23:29.262000,410.2566614647229,98
2024-09-18 10:23:29.290000,410.2560026794872,98
2024-09-18 10:23:29.295000,410.3085999758651,1003
2024-09-18 10:23:29.362000,410.332776879173,99
2024-09-18 10:23:29.390000,410.3193027156712,99
2024-09-18 10:23:29.435000,410.3459706958863,996
2024-09-18 10:23:29.464000,410.27673837282055,14
2024-09-18 10:23:29.591000,410.2924404950817,13
2024-09-18 10:23:29.599000,410.2375878471913,1005
2024-09-18 10:23:29.691000,410.2557192504075,1004
2024-09-18 10:23:29.695000,410.2530649001294,8
2024-09-18 10:23:29.696000,410.335827076019,97
2024-09-18 10:23:29.732000,410.2591776617717,95
2024-09-18 10:23:29.745000,410.2497572792209,5
2024-09-18 10:23:29.775000,410.2559335322663,1002
2024-09-18 10:23:29.781000,410.30869681975247,5
2024-09-18 10:23:29.816000,410.2703060576927,1002
2024-09-18 10:23:29.828000,410.3494020771035,100
2024-09-18 10:23:29.833000,410.3458880596869,100
2024-09-18 10:23:29.880000,410.3328422639235,5
2024-09-18 10:23:29.914000,410.2475523285797,96
2024-09-18 10:23:30.078000,410.3151018804116,99
2024-09-18 10:23:30.225000,410.32008890192105,996
2024-09-18 10:23:30.328000,410.32792759727056,1000
2024-09-18 10:23:30.333000,410.34269916150873,96
2024-09-18 10:23:30.348000,410.33853108207626,101
2024-09-18 10:23:30.382000,410.3573925881423,101
2024-09-18 10:23:30.481000,410.3422823345078,1003
2024-09-18 10:23:30.518000,410.29972967405314,1000
2024-09-18 10:23:30.547000,410.3225415980046,13
2024-09-18 10:23:30.582000,410.3655736707416,1000
2024-09-18 10:23:30.723000,410.3177306828418,105
2024-09-18 10:23:30.750000,410.3667917573404,999
2024-09-18 10:23:30.770000,410.3359960438255,8
2024-09-18 10:23:30.788000,410.3370111993665,5
2024-09-18 10:23:30.799000,410.3128046982838,1005
2024-09-18 10:23:30.813000,410.3465897005968,998
2024-09-18 10:23:30.842000,410.3070861304235,104
2024-09-18 10:23:30.850000,410.3558246231695,8
2024-09-18 10:23:30.889000,410.3443366392092,1001
2024-09-18 10:23:31.010000,410.3337053632273,998
2024-09-18 10:23:31.043000,410.3374185183762,9
2024-09-18 10:23:31.112000,410.3551186453765,97
2024-09-18 10:23:31.272000,410.3523288880489,15
2024-09-18 10:23:31.285000,410.3423059900558,95
2024-09-18 10:23:31.345000,410.3227222659607,1002
2024-09-18 10:23:31.515000,410.32986601289616,5
2024-09-18 10:23:31.551000,410.3406867799615,999
2024-09-18 10:23:31.555000,410.3128651547102,997
2024-09-18 10:23:31.572000,410.327474044084,999
2024-09-18 10:23:31.636000,410.352678337953,1003
2024-09-18 10:23:31.683000,410.3255581411618,1001
2024-09-18 10:23:31.724000,410.3438404415169,1002
2024-09-18 10:23:31.732000,410.3323403931174,998
2024-09-18 10:23:31.836000,410.3047831393337,96
2024-09-18 10:23:31.866000,410.31441956427824,15
2024-09-18 10:23:31.930000,410.3466828580371,11
2024-09-18 10:23:31.943000,410.3467775116425,103
2024-09-18 10:23:31.985000,410.319343766809,10
2024-09-18 10:23:31.987000,410.3554585052264,1001
2024-09-18 10:23:32.043000,410.27621334445513,8
2024-09-18 10:23:32.052000,410.3320199669464,997
2024-09-18 10:23:32.119000,410.35956033433337,105
2024-09-18 10:23:32.262000,410.3422646940833,10
2024-09-18 10:23:32.307000,410.3360741572338,105
2024-09-18 10:23:32.317000,410.3274941773698,12
2024-09-18 10:23:32.320000,410.2818999362161,1001
2024-09-18 10:23:32.354000,410.2664118165629,95
2024-09-18 10:23:32.360000,410.3302996437814,14
2024-09-18 10:23:32.377000,410.3240649611634,7
2024-09-18 10:23:32.399000,410.3233055813375,7
2024-09-18 10:23:32.421000,410.249057206314,103
2024-09-18 10:23:32.507000,410.3140386129092,1004
2024-09-18 10:23:32.512000,410.2956758936869,14
2024-09-18 10:23:32.561000,410.243802507673,995
2024-09-18 10:23:32.603000,410.34707268310376,95
2024-09-18 10:23:32.608000,410.3483770851573,1005
2024-09-18 10:23:32.638000,410.327261428765,105
2024-09-18 10:23:32.742000,410.2863904704327,996
2024-09-18 10:23:32.781000,410.253540075647,12
2024-09-18 10:23:32.863000,410.3034387169531,102
2024-09-18 10:23:32.903000,410.33593923112335,1000
2024-09-18 10:23:32.948000,410.32574653442936,102
2024-09-18 10:23:32.953000,410.3405669904208,1003
2024-09-18 10:23:32.984000,410.2890229874566,997
2024-09-18 10:23:33.146000,410.255200150323,96
2024-09-18 10:23:33.225000,410.2502986920639,103
2024-09-18 10:23:33.353000,410.2438640352908,1001
2024-09-18 10:23:33.429000,410.246578829924,1000
2024-09-18 10:23:33.462000,410.2577494018964,1001
2024-09-18 10:23:33.476000,410.24978525203767,1003
2024-09-18 10:23:33.752000,410.252571567604,8
2024-09-18 10:23:33.816000,410.2485908097258,100
2024-09-18 10:23:34.059000,410.2379133816227,12
2024-09-18 10:23:34.075000,410.259043078289,1003
2024-09-18 10:23:34.089000,410.2535355590445,97
2024-09-18 10:23:34.161000,410.23690227499696,99
2024-09-18 10:23:34.298000,410.255718276146,102
2024-09-18 10:23:34.341000,410.28884254095294,5
2024-09-18 10:23:34.344000,410.2628831319586,98
2024-09-18 10:23:34.412000,410.2434013037903,102
2024-09-18 10:23:34.444000,410.2458608308014,13
2024-09-18 10:23:34.486000,410.2448190064536,1001
2024-09-18 10:23:34.499000,410.2496872529393,1004
2024-09-18 10:23:34.632000,410.2551164330655,102
2024-09-18 10:23:34.682000,410.28309130605953,14
2024-09-18 10:23:34.705000,410.2591543598044,13
2024-09-18 10:23:34.725000,410.24145825180926,98
2024-09-18 10:23:34.744000,410.24556866547215,9
2024-09-18 10:23:34.753000,410.26178172831175,95
2024-09-18 10:23:34.767000,410.2605753396665,1000
2024-09-18 10:23:34.808000,410.2511581351511,11
2024-09-18 10:23:34.810000,410.2420595080836,6
2024-09-18 10:23:34.824000,410.2568122146489,7
2024-09-18 10:23:34.855000,410.2606848199703,97
2024-09-18 10:23:34.858000,410.2523157036085,98
2024-09-18 10:23:34.886000,410.25369138254223,999
2024-09-18 10:23:34.949000,410.2391408808628,1005
2024-09-18 10:23:34.995000,410.2479234516206,6
2024-09-18 10:23:35.083000,410.3051557221948,997
2024-09-18 10:23:35.089000,410.2864842040399,101
2024-09-18 10:23:35.089000,410.2712386945041,996
2024-09-18 10:23:35.097000,410.3152142524272,1001
2024-09-18 10:23:35.211000,410.3109380865168,95
2024-09-18 10:23:35.216000,410.2547708660023,1001
2024-09-18 10:23:35.240000,410.2451361178773,998
2024-09-18 10:23:35.273000,410.31521528819786,95
2024-09-18 10:23:35.277000,410.27843863246727,12
2024-09-18 10:23:35.277000,410.3026301278791,97
2024-09-18 10:23:35.316000,410.2995863658741,96
2024-09-18 10:23:35.316000,410.30641031267305,11
2024-09-18 10:23:35.374000,410.28922650153805,100
2024-09-18 10:23:35.494000,410.310045767853,15
2024-09-18 10:23:35.540000,410.2900819674752,997
2024-09-18 10:23:35.544000,410.2590710946189,1001
2024-09-18 10:23:35.546000,410.2540467776293,1005
2024-09-18 10:23:35.553000,410.3055588647204,102
2024-09-18 10:23:35.617000,410.3419266225181,98
2024-09-18 10:23:35.686000,410.3503603713641,104
2024-09-18 10:23:35.760000,410.2889180000301,104
2024-09-18 10:23:35.844000,410.3165948269013,995
2024-09-18 10:23:35.879000,410.3023841906136,997
2024-09-18 10:23:35.945000,410.30360924776215,103
2024-09-18 10:23:35.983000,410.25549657327633,10
2024-09-18 10:23:36.044000,410.2675426000133,6
2024-09-18 10:23:36.325000,410.28610535112216,12
2024-09-18 10:23:36.334000,410.28007842688754,13
2024-09-18 10:23:36.406000,410.34410780067753,1004
2024-09-18 10:23:36.470000,410.3118968010184,98
2024-09-18 10:23:36.519000,410.3511807836807,96
2024-09-18 10:23:36.625000,410.2618959673544,997
2024-09-18 10:23:36.735000,410.2723978008989,1005
2024-09-18 10:23:36.832000,410.2517617678759,9
2024-09-18 10:23:36.834000,410.2583967450684,95
2024-09-18 10:23:37.067000,410.2635687546977,98
2024-09-18 10:23:37.084000,410.2923963901516,7
2024-09-18 10:23:37.238000,410.27359627619984,97
2024-09-18 10:23:37.269000,410.2847769768287,1003
2024-09-18 10:23:37.287000,410.2615920159231,95
2024-09-18 10:23:37.394000,410.2818132280278,1004
2024-09-18 10:23:37.408000,410.2954480514106,96
2024-09-18 10:23:37.474000,410.2779914915684,95
2024-09-18 10:23:37.484000,410.2802649959215,98
2024-09-18 10:23:37.536000,410.2859286706272,96
2024-09-18 10:23:37.694000,410.2892396987664,1003
2024-09-18 10:23:37.704000,410.2743921844509,1004
2024-09-18 10:23:37.709000,410.2766803816353,1001
2024-09-18 10:23:37.860000,410.28269341000015,5
2024-09-18 10:23:37.954000,410.2887126323024,1005
2024-09-18 10:23:38.061000,410.2649844518087,105
2024-09-18 10:23:38.174000,410.2158510219815,102
2024-09-18 10:23:38.233000,410.209872378768,8
2024-09-18 10:23:38.245000,410.20106796539727,5
2024-09-18 10:23:38.304000,410.2370813932004,98
2024-09-18 10:23:38.361000,410.2596131261199,95
2024-09-18 10:23:38.376000,410.24629129300354,1002
2024-09-18 10:23:38.447000,410.25482153026087,15
2024-09-18 10:23:38.503000,410.2551301735324,104
2024-09-18 10:23:38.530000,410.2091830610286,102
2024-09-18 10:23:38.693000,410.1963459298653,102
2024-09-18 10:23:38.735000,410.21950647523687,1001
2024-09-18 10:23:38.751000,410.264149163591,9
2024-09-18 10:23:38.797000,410.2243585368069,998
2024-09-18 10:23:38.813000,410.2047634264512,7
2024-09-18 10:23:38.849000,410.2373484435756,14
2024-09-18 10:23:38.855000,410.2375192794507,95
2024-09-18 10:23:38.876000,410.20736482847,1004
2024-09-18 10:23:38.900000,410.2092753522003,1000
2024-09-18 10:23:38.996000,410.2513055403767,6
2024-09-18 10:23:39.235000,410.3041630584402,5
2024-09-18 10:23:39.355000,410.3009582985397,1005
2024-09-18 10:23:39.398000,410.2669333729024,7
2024-09-18 10:23:39.399000,410.2977811861121,100
2024-09-18 10:23:39.604000,410.299955531613,95
2024-09-18 10:23:39.635000,410.295857728102,13
2024-09-18 10:23:40.107000,410.2697121185669,105
2024-09-18 10:23:40.267000,410.2645786547684,999
2024-09-18 10:23:40.428000,410.28885416958457,998
2024-09-18 10:23:40.486000,410.2468871183816,5
2024-09-18 10:23:40.495000,410.2538882213655,5
2024-09-18 10:23:40.642000,410.2824986404896,10
2024-09-18 10:23:40.741000,410.2568658082244,1001
2024-09-18 10:23:40.833000,410.2725052323606,1003
2024-09-18 10:23:41.031000,410.2952399232219,1005
2024-09-18 10:23:41.106000,410.2508400719848,1000
2024-09-18 10:23:41.119000,410.2917353258899,105
2024-09-18 10:23:41.241000,410.252613460685,14
2024-09-18 10:23:41.260000,410.27739398070537,15
2024-09-18 10:23:41.443000,410.27627996195184,13
2024-09-18 10:23:41.614000,410.2787198902486,9
2024-09-18 10:23:41.617000,410.27718955008527,7
2024-09-18 10:23:41.701000,410.265489232339,5
2024-09-18 10:23:41.789000,410.2879923645828,9
2024-09-18 10:23:42.057000,410.2723541473235,13
2024-09-18 10:23:42.101000,410.29246782103496,10
2024-09-18 10:23:42.122000,410.29231067939855,13
2024-09-18 10:23:42.167000,410.29069981295015,8
2024-09-18 10:23:42.191000,410.30719678679753,96
2024-09-18 10:23:42.265000,410.2850886002436,7
2024-09-18 10:23:42.293000,410.3019495105084,1003
2024-09-18 10:23:42.345000,410.2857879954137,98
2024-09-18 10:23:42.348000,410.2983994158177,998
2024-09-18 10:23:42.388000,410.3075672035001,103
2024-09-18 10:23:42.395000,410.3022657697824,101
2024-09-18 10:23:42.400000,410.2690197627182,8
2024-09-18 10:23:42.454000,410.2917644973212,103
2024-09-18 10:23:42.454000,410.2940930497946,12
2024-09-18 10:23:42.491000,410.2925513536105,105
2024-09-18 10:23:42.538000,410.27031485245,1003
2024-09-18 10:23:42.597000,410.32208410701327,104
2024-09-18 10:23:42.599000,410.2713134351498,97
2024-09-18 10:23:42.646000,410.2673425021897,996
2024-09-18 10:23:42.778000,410.269817151832,1005
2024-09-18 10:23:42.788000,410.3190975810365,9
2024-09-18 10:23:42.800000,410.3125406847491,8
2024-09-18 10:23:42.831000,410.301054258054,5
2024-09-18 10:23:42.851000,410.3027013234399,13
2024-09-18 10:23:42.858000,410.28706906999145,12
2024-09-18 10:23:42.863000,410.3010025571653,5
2024-09-18 10:23:42.894000,410.2957342062176,998
2024-09-18 10:23:42.923000,410.3124118406794,1002
2024-09-18 10:23:43.033000,410.3948903514785,8
2024-09-18 10:23:43.048000,410.3235636641492,998
2024-09-18 10:23:43.198000,410.3646421165287,98
2024-09-18 10:23:43.216000,410.3251696944054,96
2024-09-18 10:23:43.295000,410.3155881496302,100
2024-09-18 10:23:43.329000,410.379702401932,95
2024-09-18 10:23:43.354000,410.3791617766887,101
2024-09-18 10:23:43.359000,410.3112342082242,995
2024-09-18 10:23:43.372000,410.30991574342346,98
2024-09-18 10:23:43.389000,410.32800453047525,105
2024-09-18 10:23:43.436000,410.3839987543879,1002
2024-09-18 10:23:43.523000,410.3299558816093,5
2024-09-18 10:23:43.582000,410.316940209633,13
2024-09-18 10:23:43.694000,410.3875735291108,5
2024-09-18 10:23:43.827000,410.3273070730156,12
2024-09-18 10:23:43.880000,410.3841960181269,10
2024-09-18 10:23:43.917000,410.40208066388897,5
2024-09-18 10:23:43.962000,410.37952048263867,8
2024-09-18 10:23:43.963000,410.33328901935977,15
2024-09-18 10:23:44.013000,410.2466726023745,104
2024-09-18 10:23:44.026000,410.2418515244882,15
2024-09-18 10:23:44.035000,410.2778582173565,11
2024-09-18 10:23:44.074000,410.2589997381442,102
2024-09-18 10:23:44.105000,410.2485779299295,995
2024-09-18 10:23:44.191000,410.3157278171266,9
2024-09-18 10:23:44.304000,410.3807600067569,11
2024-09-18 10:23:44.308000,410.2320597363594,100
2024-09-18 10:23:44.345000,410.3320782565663,11
2024-09-18 10:23:44.443000,410.2246396237398,998
2024-09-18 10:23:44.471000,410.2854047016628,5
2024-09-18 10:23:44.497000,410.2637165328971,104
2024-09-18 10:23:44.526000,410.2531133386584,95
2024-09-18 10:23:44.570000,410.3533746492093,104
2024-09-18 10:23:44.579000,410.2956691777394,1001
2024-09-18 10:23:44.599000,410.3187260911085,12
2024-09-18 10:23:44.616000,410.2608478896454,997
2024-09-18 10:23:44.639000,410.3682837662203,8
2024-09-18 10:23:44.675000,410.2581755048223,14
2024-09-18 10:23:44.717000,410.34511545901535,98
2024-09-18 10:23:44.750000,410.3486987387411,1004
2024-09-18 10:23:44.784000,410.3529958021632,14
2024-09-18 10:23:44.821000,410.3445696647897,1002
2024-09-18 10:23:44.830000,410.37727869038775,1001
2024-09-18 10:23:44.839000,410.3530359238064,6
2024-09-18 10:23:44.912000,410.2788830943235,9
2024-09-18 10:23:44.990000,410.3461585643613,95
2024-09-18 10:23:45.082000,410.2318202186468,103
2024-09-18 10:23:45.113000,410.2696855071764,1004
2024-09-18 10:23:45.225000,410.2094889481897,1001
2024-09-18 10:23:45.286000,410.2424077874383,1000
2024-09-18 10:23:45.326000,410.2343281827908,103
2024-09-18 10:23:45.332000,410.2248899882057,7
2024-09-18 10:23:45.339000,410.2326209500828,100
2024-09-18 10:23:45.339000,410.2365724836934,102
2024-09-18 10:23:45.391000,410.2630950400129,1000
2024-09-18 10:23:45.431000,410.2258482323229,999
2024-09-18 10:23:45.459000,410.2453711319495,996
2024-09-18 10:23:45.527000,410.206957476054,103
2024-09-18 10:23:45.584000,410.23797370927855,10
2024-09-18 10:23:45.586000,410.2253722254767,99
2024-09-18 10:23:45.652000,410.2362214440148,9
2024-09-18 10:23:45.686000,410.1910733255476,11
2024-09-18 10:23:45.736000,410.2561019984798,8
2024-09-18 10:23:45.806000,410.1768317222863,13
2024-09-18 10:23:45.821000,410.2777055795143,9
2024-09-18 10:23:45.848000,410.2257541458314,105
2024-09-18 10:23:45.875000,410.20887098374095,101
2024-09-18 10:23:45.888000,410.2198134842623,1004
2024-09-18 10:23:45.938000,410.22720570992567,98
2024-09-18 10:23:45.969000,410.1984089025301,97
2024-09-18 10:23:45.989000,410.2111379705614,103
2024-09-18 10:23:45.990000,410.2299246705308,10
2024-09-18 10:23:45.999000,410.2271194156668,15
2024-09-18 10:23:46.172000,410.1761729598157,10
2024-09-18 10:23:46.213000,410.1778193838918,995
2024-09-18 10:23:46.461000,410.1986912589482,999
2024-09-18 10:23:46.798000,410.1668022978363,104
2024-09-18 10:23:46.922000,410.1629287594467,8
2024-09-18 10:23:46.937000,410.175855526101,10
2024-09-18 10:23:47.080000,410.1652843620226,14
2024-09-18 10:23:47.090000,410.1860659237572,998
2024-09-18 10:23:47.265000,410.1615709137676,102
2024-09-18 10:23:47.269000,410.19552945828616,998
2024-09-18 10:23:47.270000,410.1952571672246,7
2024-09-18 10:23:47.291000,410.2097818044276,96
2024-09-18 10:23:47.300000,410.1819502993614,1004
2024-09-18 10:23:47.355000,410.15748161506406,10
2024-09-18 10:23:47.368000,410.1950581899864,1001
2024-09-18 10:23:47.387000,410.1735171371248,9
2024-09-18 10:23:47.430000,410.1845050412609,6
2024-09-18 10:23:47.504000,410.1507376379624,9
2024-09-18 10:23:47.627000,410.1452331560506,100
2024-09-18 10:23:47.691000,410.16709263989816,11
2024-09-18 10:23:47.755000,410.205260501507,103
2024-09-18 10:23:47.760000,410.18572695276384,100
2024-09-18 10:23:47.777000,410.1823923305761,102
2024-09-18 10:23:47.831000,410.2066579499056,103
2024-09-18 10:23:47.843000,410.1900943514008,10
2024-09-18 10:23:47.998000,410.1815384109319,10
2024-09-18 10:23:48.034000,410.1760275704548,11
2024-09-18 10:23:48.105000,410.1750654572372,1001
2024-09-18 10:23:48.344000,410.1741590770832,99
2024-09-18 10:23:49.010000,410.06293764770834,995
2024-09-18 10:23:49.144000,410.0729883835081,8
2024-09-18 10:23:49.165000,410.13316518406657,14
2024-09-18 10:23:49.268000,410.1589379018276,11
2024-09-18 10:23:49.289000,410.08395576939193,103
2024-09-18 10:23:49.398000,410.086804751669,12
2024-09-18 10:23:49.419000,410.0689551631035,996
2024-09-18 10:23:49.425000,410.0972212694827,10
2024-09-18 10:23:49.436000,410.1502475316805,100
2024-09-18 10:23:49.437000,410.0460649721416,98
2024-09-18 10:23:49.456000,410.045147825077,102
2024-09-18 10:23:49.461000,410.1024213603727,15
2024-09-18 10:23:49.468000,410.08188314888565,997
2024-09-18 10:23:49.547000,410.1501817393374,104
2024-09-18 10:23:49.590000,410.0263207731002,1004
2024-09-18 10:23:49.602000,410.070463533822,5
2024-09-18 10:23:49.612000,410.0541350713242,996
2024-09-18 10:23:49.669000,410.057538067727,97
2024-09-18 10:23:49.772000,410.0531111844916,1000
2024-09-18 10:23:49.783000,410.16212272040553,105
2024-09-18 10:23:49.785000,410.1055456055004,10
2024-09-18 10:23:49.793000,410.03992034633046,5
2024-09-18 10:23:49.795000,410.0611362447758,995
2024-09-18 10:23:49.819000,410.0979627760708,105
2024-09-18 10:23:49.934000,410.0753598266736,8
2024-09-18 10:23:49.940000,410.0899523223528,13
2024-09-18 10:23:49.992000,410.0593999511229,999
2024-09-18 10:23:50.005000,410.0166928666492,104
2024-09-18 10:23:50.073000,409.9867226618167,98
2024-09-18 10:23:50.082000,410.0406677510959,96
2024-09-18 10:23:50.125000,409.9876602553212,7
2024-09-18 10:23:50.178000,410.02328611036967,1001
2024-09-18 10:23:50.212000,410.029638937666,97
2024-09-18 10:23:50.234000,409.9988631451602,1002
2024-09-18 10:23:50.250000,409.9873353023831,1003
2024-09-18 10:23:50.289000,409.984240174947,13
2024-09-18 10:23:50.397000,410.02448141312647,7
2024-09-18 10:23:50.449000,410.0237380941267,98
2024-09-18 10:23:50.546000,410.0224580159927,996
2024-09-18 10:23:50.564000,410.0346606040381,1003
2024-09-18 10:23:50.618000,410.00123244674256,97
2024-09-18 10:23:50.623000,410.0083151287857,1001
2024-09-18 10:23:50.679000,410.058500145915,97
2024-09-18 10:23:50.754000,410.0345091254776,1002
2024-09-18 10:23:50.757000,410.0109812710714,96
2024-09-18 10:23:50.926000,410.050804553442,995
2024-09-18 10:23:50.938000,410.0025515197562,100
2024-09-18 10:23:50.963000,410.0146253661151,1001
2024-09-18 10:23:50.970000,410.0274790455647,97
2024-09-18 10:23:51.398000,410.010056392225,9
2024-09-18 10:23:51.491000,409.9940805357409,1004
2024-09-18 10:23:53.050000,410.0249704596636,10
2024-09-18 10:23:53.113000,410.0143020159366,1002
2024-09-18 10:23:53.595000,410.0252817670713,98
2024-09-18 10:23:53.661000,410.0390503485574,999
2024-09-18 10:23:53.667000,410.0257819619703,15
2024-09-18 10:23:53.725000,410.0209908845713,96
2024-09-18 10:23:54.086000,409.9680564512379,1001
2024-09-18 10:23:54.270000,409.98340502891375,103
2024-09-18 10:23:54.331000,410.0177057083367,101
2024-09-18 10:23:54.412000,410.0414805687852,15
2024-09-18 10:23:54.626000,410.0352329625857,102
2024-09-18 10:23:54.799000,410.0107752763213,14
2024-09-18 10:23:54.921000,409.9732036325347,1001
2024-09-18 10:23:55.900000,409.97343801699424,15
2024-09-18 10:23:56.015000,409.9772528189059,104
2024-09-18 10:23:56.142000,409.9739318039504,13
2024-09-18 10:23:56.224000,409.9766307876312,5
2024-09-18 10:23:56.297000,409.9567485320616,102
2024-09-18 10:23:56.415000,409.9730761966964,998
2024-09-18 10:23:56.857000,409.9818788147654,1000
2024-09-18 10:23:57.022000,409.961474760228,9
2024-09-18 10:23:57.050000,409.9702290268677,101
2024-09-18 10:23:57.134000,409.9422190985106,7
2024-09-18 10:23:57.161000,409.9666919858836,999
2024-09-18 10:23:57.231000,409.94703232617474,95
2024-09-18 10:23:57.326000,409.9592779274996,96
2024-09-18 10:23:57.713000,409.95768812591456,96
2024-09-18 10:23:57.781000,409.9849980059314,104
2024-09-18 10:23:57.888000,409.9767491361273,103
2024-09-18 10:23:58.888000,409.9510522356975,14
2024-09-18 10:23:59.049000,409.96087317423815,15
2024-09-18 10:23:59.119000,410.0032800513544,995
2024-09-18 10:23:59.122000,409.9665715187876,995
2024-09-18 10:23:59.210000,409.9597553026596,99
2024-09-18 10:23:59.212000,409.97405306663615,1001
2024-09-18 10:23:59.267000,409.9774754531276,1001
2024-09-18 10:23:59.280000,409.9766490111992,996
2024-09-18 10:23:59.465000,409.9771055803909,999
2024-09-18 10:23:59.714000,409.9892714176032,104
2024-09-18 10:23:59.727000,410.0035225938833,101
2024-09-18 10:23:59.962000,409.9689778535491,101
