Timestamp,Price,Size
2024-09-19 10:45:00.045000,418.92735449993546,11
2024-09-19 10:45:00.185000,418.94748832146047,100
2024-09-19 10:45:00.209000,418.9950766346751,100
2024-09-19 10:45:00.410000,418.9445684725427,998
2024-09-19 10:45:00.456000,418.95563775155154,13
2024-09-19 10:45:00.608000,418.96922976915647,8
2024-09-19 10:45:00.621000,418.9117510222037,104
2024-09-19 10:45:00.751000,418.9266259733137,997
2024-09-19 10:45:01.282000,419.0088756469303,9
2024-09-19 10:45:02.013000,419.0481744996261,12
2024-09-19 10:45:02.014000,418.9928608909294,7
2024-09-19 10:45:02.042000,418.9921247085505,12
2024-09-19 10:45:02.052000,419.0401903884919,11
2024-09-19 10:45:02.105000,419.0271275753082,98
2024-09-19 10:45:02.159000,419.0137882035255,100
2024-09-19 10:45:02.200000,418.99459005283575,1002
2024-09-19 10:45:02.210000,418.9618175794118,103
2024-09-19 10:45:02.257000,419.061414117621,98
2024-09-19 10:45:02.257000,418.9907788266594,101
2024-09-19 10:45:02.308000,419.0434080683832,99
2024-09-19 10:45:02.336000,418.9751100096419,1002
2024-09-19 10:45:02.355000,419.0086871879898,1002
2024-09-19 10:45:02.374000,419.0350453203792,1003
2024-09-19 10:45:02.451000,419.0365726908252,7
2024-09-19 10:45:02.463000,418.9599339009628,7
2024-09-19 10:45:02.469000,419.0061703941239,15
2024-09-19 10:45:02.469000,418.9797133318429,9
2024-09-19 10:45:02.482000,419.0339520928652,1003
2024-09-19 10:45:02.487000,419.04876927214735,9
2024-09-19 10:45:02.498000,419.0001685192557,99
2024-09-19 10:45:02.509000,419.0300174646512,95
2024-09-19 10:45:02.536000,418.9803462701624,8
2024-09-19 10:45:02.547000,418.9667551633592,6
2024-09-19 10:45:02.566000,419.0499369119652,10
2024-09-19 10:45:02.580000,418.9920246348224,11
2024-09-19 10:45:02.730000,419.00656914478975,8
2024-09-19 10:45:02.846000,418.9954578652948,997
2024-09-19 10:45:02.953000,418.9636175339144,999
2024-09-19 10:45:03.106000,419.0440361445439,7
2024-09-19 10:45:03.114000,418.98739496168827,100
2024-09-19 10:45:03.188000,419.0195978214117,1005
2024-09-19 10:45:03.191000,419.0035907315752,99
2024-09-19 10:45:03.198000,419.0071562843193,99
2024-09-19 10:45:03.202000,419.0382291725999,103
2024-09-19 10:45:03.205000,418.9777175472106,1001
2024-09-19 10:45:03.234000,418.9960422243407,104
2024-09-19 10:45:03.245000,419.03456236522527,97
2024-09-19 10:45:03.256000,418.9742529548578,11
2024-09-19 10:45:03.271000,418.9888425357445,98
2024-09-19 10:45:03.296000,418.9938986578457,1004
2024-09-19 10:45:03.306000,419.0258925417512,1001
2024-09-19 10:45:03.308000,418.9994706915618,100
2024-09-19 10:45:03.335000,419.00507273093086,15
2024-09-19 10:45:03.385000,419.0451565406958,5
2024-09-19 10:45:03.390000,419.0075043337637,995
2024-09-19 10:45:03.438000,419.0111619893017,996
2024-09-19 10:45:03.462000,419.0478315713965,96
2024-09-19 10:45:03.472000,419.0116115615276,11
2024-09-19 10:45:03.489000,419.03538892443856,15
2024-09-19 10:45:03.536000,419.0004929776212,104
2024-09-19 10:45:03.634000,418.9777309353857,11
2024-09-19 10:45:03.726000,418.9726659536678,8
2024-09-19 10:45:03.730000,419.05549314830967,103
2024-09-19 10:45:03.750000,418.998638387446,12
2024-09-19 10:45:03.803000,419.0024293822352,12
2024-09-19 10:45:03.875000,418.98184978261753,12
2024-09-19 10:45:03.935000,418.9865998199088,97
2024-09-19 10:45:04.036000,419.0243952490183,8
2024-09-19 10:45:04.054000,419.021497699513,998
2024-09-19 10:45:04.091000,419.0252838408169,1003
2024-09-19 10:45:04.095000,419.0009649956277,998
2024-09-19 10:45:04.102000,419.0233705875264,7
2024-09-19 10:45:04.174000,419.01183295351535,101
2024-09-19 10:45:04.225000,419.0265478321468,104
2024-09-19 10:45:04.252000,419.0319426146781,95
2024-09-19 10:45:04.288000,419.0154342377936,105
2024-09-19 10:45:04.374000,419.0218203751714,13
2024-09-19 10:45:04.421000,419.0002293885204,1000
2024-09-19 10:45:04.493000,419.0123463075538,8
2024-09-19 10:45:04.573000,419.02606464817626,6
2024-09-19 10:45:04.589000,419.0058115975467,7
2024-09-19 10:45:04.602000,419.0143958342138,95
2024-09-19 10:45:04.776000,419.03663451475234,104
2024-09-19 10:45:04.843000,419.0386114401608,1005
2024-09-19 10:45:04.853000,419.0251180543914,105
2024-09-19 10:45:04.927000,419.03229286123127,8
2024-09-19 10:45:05.576000,419.0196294000075,11
2024-09-19 10:45:06.056000,419.0102471046904,1002
2024-09-19 10:45:06.426000,419.0035878816506,5
2024-09-19 10:45:06.503000,419.0094592599973,10
2024-09-19 10:45:06.522000,419.0169905173172,105
2024-09-19 10:45:06.528000,419.0131896194517,9
2024-09-19 10:45:06.565000,419.01835941982193,96
2024-09-19 10:45:06.994000,419.0179503021977,95
2024-09-19 10:45:07.050000,418.98465679028,6
2024-09-19 10:45:07.082000,419.0207527560717,6
2024-09-19 10:45:07.220000,419.036912131024,5
2024-09-19 10:45:07.283000,419.0257536147432,12
2024-09-19 10:45:07.306000,419.0279981032618,11
2024-09-19 10:45:07.316000,418.9831903192383,1003
2024-09-19 10:45:07.349000,419.0376151367689,102
2024-09-19 10:45:07.353000,419.0580450760759,999
2024-09-19 10:45:07.467000,419.0672597222773,12
2024-09-19 10:45:07.504000,418.99591128641646,1001
2024-09-19 10:45:07.537000,418.9779027110125,1005
2024-09-19 10:45:07.584000,419.0342040773534,104
2024-09-19 10:45:07.597000,419.0228190793574,9
2024-09-19 10:45:07.742000,418.9982146683948,96
2024-09-19 10:45:07.786000,419.0280265601812,105
2024-09-19 10:45:07.811000,418.9864497110655,1005
2024-09-19 10:45:07.874000,419.0597830605545,100
2024-09-19 10:45:08.137000,419.0702168061112,9
2024-09-19 10:45:08.164000,418.9580265356136,5
2024-09-19 10:45:08.171000,418.9399458289148,1002
2024-09-19 10:45:08.315000,419.02447264192,997
2024-09-19 10:45:08.333000,419.0316389905854,105
2024-09-19 10:45:08.347000,419.02122054805176,1003
2024-09-19 10:45:08.420000,418.9604477220007,1001
2024-09-19 10:45:08.432000,419.0047100562353,995
2024-09-19 10:45:08.480000,419.0009987148492,15
2024-09-19 10:45:08.536000,419.05137387674455,15
2024-09-19 10:45:08.547000,418.9658615687314,998
2024-09-19 10:45:08.573000,419.0474752075974,999
2024-09-19 10:45:08.617000,419.0450320967543,5
2024-09-19 10:45:08.651000,418.9398834189904,95
2024-09-19 10:45:08.672000,418.9524746322247,96
2024-09-19 10:45:08.782000,418.9572087162792,10
2024-09-19 10:45:08.844000,419.0304701638681,8
2024-09-19 10:45:08.880000,418.97867964277054,10
2024-09-19 10:45:08.895000,418.98169676628703,11
2024-09-19 10:45:08.905000,419.0152712421084,1001
2024-09-19 10:45:08.999000,418.9778186360887,995
2024-09-19 10:45:09.075000,418.9312330903506,6
2024-09-19 10:45:09.123000,418.9152536892206,14
2024-09-19 10:45:09.148000,418.9482357749328,96
2024-09-19 10:45:09.159000,418.91377524648345,5
2024-09-19 10:45:09.204000,418.8934891411461,12
2024-09-19 10:45:09.228000,418.9065034638389,999
2024-09-19 10:45:09.264000,418.8995989689338,1005
2024-09-19 10:45:09.267000,418.8941621317121,13
2024-09-19 10:45:09.271000,418.9139530994178,15
2024-09-19 10:45:09.304000,418.9023434598456,11
2024-09-19 10:45:09.349000,418.9251476611317,105
2024-09-19 10:45:09.371000,418.91117086008296,98
2024-09-19 10:45:09.433000,418.9174768597516,996
2024-09-19 10:45:09.478000,418.92074888783367,1003
2024-09-19 10:45:09.594000,418.9212371173935,15
2024-09-19 10:45:09.661000,418.9071964074232,1003
2024-09-19 10:45:09.712000,418.9340229674505,997
2024-09-19 10:45:09.861000,418.9020464279938,998
2024-09-19 10:45:09.888000,418.9106624871162,1005
2024-09-19 10:45:09.896000,418.9561182560631,95
2024-09-19 10:45:09.908000,418.8946527732089,102
2024-09-19 10:45:10.181000,418.9333286113884,995
2024-09-19 10:45:10.339000,418.92493361138014,9
2024-09-19 10:45:10.456000,418.957031251558,1002
2024-09-19 10:45:10.533000,418.9158335535533,1000
2024-09-19 10:45:10.704000,418.9218928657605,11
2024-09-19 10:45:10.720000,418.9247453840847,5
2024-09-19 10:45:11.132000,418.98304535937376,5
2024-09-19 10:45:11.158000,418.9927706263108,995
2024-09-19 10:45:11.162000,418.9788423215117,996
2024-09-19 10:45:11.403000,418.9779300654107,998
2024-09-19 10:45:11.533000,418.9805833700868,999
2024-09-19 10:45:11.623000,418.9622463483864,12
2024-09-19 10:45:11.782000,418.9743224832035,7
2024-09-19 10:45:11.786000,418.9652753124751,1000
2024-09-19 10:45:11.820000,418.95904993691113,1000
2024-09-19 10:45:11.963000,418.9715123710684,11
2024-09-19 10:45:12.123000,418.9052591850112,103
2024-09-19 10:45:12.144000,418.9088614004516,999
2024-09-19 10:45:12.172000,418.95005098768905,104
2024-09-19 10:45:12.197000,418.90600900615567,1001
2024-09-19 10:45:12.205000,418.8888441603855,7
2024-09-19 10:45:12.229000,418.9393922447061,96
2024-09-19 10:45:12.229000,418.8949520287075,100
2024-09-19 10:45:12.230000,418.97725590847097,13
2024-09-19 10:45:12.298000,418.91372169454365,1004
2024-09-19 10:45:12.321000,418.9134912843199,15
2024-09-19 10:45:12.328000,418.90020875241936,103
2024-09-19 10:45:12.426000,418.92562152799,998
2024-09-19 10:45:12.448000,418.91445773613424,13
2024-09-19 10:45:12.598000,418.9124334780892,12
2024-09-19 10:45:12.719000,418.90394061823815,1001
2024-09-19 10:45:12.777000,418.9658948220791,96
2024-09-19 10:45:12.804000,418.9038134890189,11
2024-09-19 10:45:12.815000,418.9361771825635,6
2024-09-19 10:45:12.837000,418.90314687318255,7
2024-09-19 10:45:12.858000,418.9013038846301,15
2024-09-19 10:45:12.871000,418.9129360320237,12
2024-09-19 10:45:12.883000,418.9485022045039,100
2024-09-19 10:45:12.918000,418.93667922438976,998
2024-09-19 10:45:12.918000,418.92330353631934,104
2024-09-19 10:45:12.940000,418.9146862118379,9
2024-09-19 10:45:12.953000,418.9076904717504,104
2024-09-19 10:45:12.960000,418.9044896970095,995
2024-09-19 10:45:12.970000,418.9207818230597,9
2024-09-19 10:45:12.999000,418.9403602175397,996
2024-09-19 10:45:13.041000,418.973910713078,996
2024-09-19 10:45:13.159000,418.8668365790252,96
2024-09-19 10:45:13.172000,418.8764629116856,100
2024-09-19 10:45:13.180000,418.9580449390608,996
2024-09-19 10:45:13.229000,418.95669877316607,105
2024-09-19 10:45:13.230000,418.93354201279294,1002
2024-09-19 10:45:13.253000,418.95678352162406,1005
2024-09-19 10:45:13.297000,418.9610374350929,13
2024-09-19 10:45:13.450000,418.978450112699,8
2024-09-19 10:45:13.468000,418.9940343426284,12
2024-09-19 10:45:13.486000,418.9386716794389,6
2024-09-19 10:45:13.517000,418.98924296974974,995
2024-09-19 10:45:13.531000,418.9513954856915,1001
2024-09-19 10:45:13.534000,418.94378037451065,96
2024-09-19 10:45:13.550000,418.96247378287575,104
2024-09-19 10:45:13.580000,418.9991468223883,13
2024-09-19 10:45:13.633000,418.9570302006481,1005
2024-09-19 10:45:13.670000,418.8710194166011,15
2024-09-19 10:45:13.715000,419.0200305832381,999
2024-09-19 10:45:13.715000,418.8780639939265,102
2024-09-19 10:45:13.751000,418.9181526950442,98
2024-09-19 10:45:13.820000,418.9543750864423,1004
2024-09-19 10:45:13.822000,418.9825144871742,101
2024-09-19 10:45:13.824000,418.9476514469482,1001
2024-09-19 10:45:13.828000,418.9875521796136,1004
2024-09-19 10:45:13.876000,418.9604005095413,101
2024-09-19 10:45:13.966000,418.8952614948555,102
2024-09-19 10:45:14.092000,418.8590987685002,1003
2024-09-19 10:45:14.164000,418.8411214244443,10
2024-09-19 10:45:14.254000,418.8441941316635,995
2024-09-19 10:45:14.264000,418.8204753837596,8
2024-09-19 10:45:14.268000,418.8109658091436,995
2024-09-19 10:45:14.281000,418.8281403594645,999
2024-09-19 10:45:14.368000,418.8471562157832,1002
2024-09-19 10:45:14.423000,418.8406307808656,13
2024-09-19 10:45:14.428000,418.8341513646153,104
2024-09-19 10:45:14.432000,418.851987197041,13
2024-09-19 10:45:14.531000,418.8571664744822,98
2024-09-19 10:45:14.551000,418.8348748331503,997
2024-09-19 10:45:14.656000,418.857074189057,998
2024-09-19 10:45:14.805000,418.8526198260759,10
2024-09-19 10:45:14.829000,418.810316236462,99
2024-09-19 10:45:14.842000,418.8557394390441,97
2024-09-19 10:45:14.903000,418.8476910863012,1003
2024-09-19 10:45:14.904000,418.8423162210998,105
2024-09-19 10:45:14.952000,418.8277234807947,1001
2024-09-19 10:45:14.974000,418.85457839213854,996
2024-09-19 10:45:15.008000,418.83325366008665,15
2024-09-19 10:45:15.017000,418.8376849501121,8
2024-09-19 10:45:15.108000,418.8028962079361,996
2024-09-19 10:45:15.113000,418.8163704894286,996
2024-09-19 10:45:15.131000,418.8274426854734,1004
2024-09-19 10:45:15.218000,418.8390614096948,1002
2024-09-19 10:45:15.224000,418.8860360617617,102
2024-09-19 10:45:15.270000,418.836065106482,97
2024-09-19 10:45:15.306000,418.8189406057276,105
2024-09-19 10:45:15.309000,418.8299448998826,1003
2024-09-19 10:45:15.340000,418.8499530502114,99
2024-09-19 10:45:15.362000,418.8033135261044,14
2024-09-19 10:45:15.423000,418.8166474937799,10
2024-09-19 10:45:15.530000,418.8150497618993,1004
2024-09-19 10:45:15.580000,418.8653965642783,100
2024-09-19 10:45:15.605000,418.827852616596,10
2024-09-19 10:45:15.613000,418.8571054144158,13
2024-09-19 10:45:15.634000,418.8350008668794,102
2024-09-19 10:45:15.636000,418.8338140660091,104
2024-09-19 10:45:15.655000,418.8305903217654,11
2024-09-19 10:45:15.679000,418.8303650701218,13
2024-09-19 10:45:15.704000,418.817795318715,99
2024-09-19 10:45:15.712000,418.8143610567564,1001
2024-09-19 10:45:15.734000,418.8378431057959,9
2024-09-19 10:45:15.762000,418.8185522274917,15
2024-09-19 10:45:15.786000,418.8327072946246,9
2024-09-19 10:45:15.810000,418.8852979071887,9
2024-09-19 10:45:15.825000,418.832036545009,14
2024-09-19 10:45:16.049000,418.7561139335427,1000
2024-09-19 10:45:16.068000,418.769316347915,105
2024-09-19 10:45:16.102000,418.7569555859384,103
2024-09-19 10:45:16.110000,418.8071043245369,9
2024-09-19 10:45:16.125000,418.7541276189961,7
2024-09-19 10:45:16.160000,418.7664585527384,101
2024-09-19 10:45:16.187000,418.8274068356101,15
2024-09-19 10:45:16.212000,418.8005409944965,1005
2024-09-19 10:45:16.240000,418.7741471297328,97
2024-09-19 10:45:16.277000,418.7576017587413,15
2024-09-19 10:45:16.292000,418.817625693613,100
2024-09-19 10:45:16.300000,418.7436879048272,99
2024-09-19 10:45:16.486000,418.8273756455325,998
2024-09-19 10:45:16.538000,418.7895491705072,998
2024-09-19 10:45:16.553000,418.75130623710754,102
2024-09-19 10:45:16.569000,418.7859262277979,99
2024-09-19 10:45:16.581000,418.8051909641386,99
2024-09-19 10:45:16.592000,418.8007803810391,6
2024-09-19 10:45:16.715000,418.7906659644566,98
2024-09-19 10:45:16.786000,418.76236084780777,1002
2024-09-19 10:45:16.792000,418.7649304683004,1005
2024-09-19 10:45:16.887000,418.8009833620932,100
2024-09-19 10:45:16.908000,418.7902687788383,997
2024-09-19 10:45:16.929000,418.7823267792419,999
2024-09-19 10:45:16.980000,418.8019123912822,100
2024-09-19 10:45:16.982000,418.8132617413297,11
2024-09-19 10:45:16.999000,418.7670184928645,13
2024-09-19 10:45:17.070000,418.7671557031937,998
2024-09-19 10:45:17.123000,418.8303092963996,14
2024-09-19 10:45:17.200000,418.7925165729423,1005
2024-09-19 10:45:17.223000,418.8144630918286,98
2024-09-19 10:45:17.233000,418.7856251866749,103
2024-09-19 10:45:17.376000,418.7792930863516,13
2024-09-19 10:45:17.389000,418.8209646722742,999
2024-09-19 10:45:17.427000,418.82125010175366,10
2024-09-19 10:45:17.463000,418.80268649617057,103
2024-09-19 10:45:17.503000,418.8042704876847,995
2024-09-19 10:45:17.518000,418.8528912666128,5
2024-09-19 10:45:17.537000,418.8332512246623,13
2024-09-19 10:45:17.618000,418.7773393277282,103
2024-09-19 10:45:17.667000,418.83575193904,11
2024-09-19 10:45:17.686000,418.8485850408564,100
2024-09-19 10:45:17.749000,418.8384830362352,104
2024-09-19 10:45:17.755000,418.80109899322974,10
2024-09-19 10:45:17.801000,418.8020630300808,101
2024-09-19 10:45:17.820000,418.815675088526,12
2024-09-19 10:45:17.870000,418.8357007434937,105
2024-09-19 10:45:17.914000,418.82246006893376,12
2024-09-19 10:45:17.936000,418.84687627823286,95
2024-09-19 10:45:17.989000,418.7876646721005,1004
2024-09-19 10:45:18.067000,418.7804690612436,13
2024-09-19 10:45:18.099000,418.7683609432993,100
2024-09-19 10:45:18.130000,418.7855687598813,12
2024-09-19 10:45:18.189000,418.83117480950494,7
2024-09-19 10:45:18.241000,418.8038570660007,102
2024-09-19 10:45:18.248000,418.79673702635927,95
2024-09-19 10:45:18.264000,418.77591785605296,100
2024-09-19 10:45:18.277000,418.8487142005021,6
2024-09-19 10:45:18.400000,418.8097880667377,13
2024-09-19 10:45:18.505000,418.8033735220467,14
2024-09-19 10:45:18.511000,418.7854059062333,1003
2024-09-19 10:45:18.535000,418.7853004065408,996
2024-09-19 10:45:18.659000,418.7887211011857,1001
2024-09-19 10:45:18.682000,418.7877990985072,15
2024-09-19 10:45:18.735000,418.77959706934746,1004
2024-09-19 10:45:18.752000,418.7837913604407,105
2024-09-19 10:45:18.868000,418.7897253348759,15
2024-09-19 10:45:18.951000,418.7868876492527,96
2024-09-19 10:45:20.086000,418.906707882355,5
2024-09-19 10:45:20.151000,418.845684777061,13
2024-09-19 10:45:20.161000,418.82134733583086,1005
2024-09-19 10:45:20.166000,418.8516192211724,12
2024-09-19 10:45:20.219000,418.7824129996134,1001
2024-09-19 10:45:20.290000,418.83480774630976,103
2024-09-19 10:45:20.296000,418.8638233407928,98
2024-09-19 10:45:20.304000,418.892069874337,96
2024-09-19 10:45:20.327000,418.7956472966141,13
2024-09-19 10:45:20.335000,418.8420877737906,103
2024-09-19 10:45:20.378000,418.8582949409715,8
2024-09-19 10:45:20.400000,418.8923785661022,104
2024-09-19 10:45:20.434000,418.84148929802086,15
2024-09-19 10:45:20.456000,418.8871861345335,10
2024-09-19 10:45:20.547000,418.809476096333,5
2024-09-19 10:45:20.627000,418.8915199344257,103
2024-09-19 10:45:20.669000,418.85392760117367,6
2024-09-19 10:45:20.730000,418.88856792048944,96
2024-09-19 10:45:20.737000,418.8379434672808,997
2024-09-19 10:45:20.775000,418.8725604505476,99
2024-09-19 10:45:20.849000,418.8664550299628,15
2024-09-19 10:45:20.935000,418.8139176468508,100
2024-09-19 10:45:20.965000,418.8697829137195,8
2024-09-19 10:45:21.034000,418.9191722472464,999
2024-09-19 10:45:21.145000,418.8792347849328,14
2024-09-19 10:45:21.176000,418.902687935584,13
2024-09-19 10:45:21.289000,418.8882375871042,999
2024-09-19 10:45:21.502000,418.8901771441372,95
2024-09-19 10:45:21.531000,418.8955726066539,13
2024-09-19 10:45:21.555000,418.8859533767072,999
2024-09-19 10:45:21.693000,418.8916366578542,997
2024-09-19 10:45:21.792000,418.9050595733298,10
2024-09-19 10:45:21.800000,418.90614505199136,96
2024-09-19 10:45:21.811000,418.8916354743658,9
2024-09-19 10:45:21.844000,418.9086740117233,1005
2024-09-19 10:45:21.883000,418.87545419533495,11
2024-09-19 10:45:21.945000,418.9202115424943,9
2024-09-19 10:45:22.019000,419.0092065584725,5
2024-09-19 10:45:22.207000,419.0027252545816,12
2024-09-19 10:45:22.215000,419.0015022915452,998
2024-09-19 10:45:22.296000,418.9999558283296,6
2024-09-19 10:45:22.345000,418.97103446510806,7
2024-09-19 10:45:22.359000,418.9911615687508,14
2024-09-19 10:45:22.385000,419.0075643299384,100
2024-09-19 10:45:22.402000,418.9934044493244,1004
2024-09-19 10:45:22.487000,418.93265372623705,98
2024-09-19 10:45:22.562000,418.9968095608416,1000
2024-09-19 10:45:22.609000,419.00062691524096,96
2024-09-19 10:45:22.650000,418.9445680963952,12
2024-09-19 10:45:22.777000,418.9907827666802,11
2024-09-19 10:45:22.797000,419.00896629583553,1004
2024-09-19 10:45:22.805000,419.0088594432484,1003
2024-09-19 10:45:23.030000,418.9490921092775,13
2024-09-19 10:45:23.053000,418.9609377485711,1005
2024-09-19 10:45:23.172000,418.9519495701084,995
2024-09-19 10:45:23.224000,418.934904020545,95
2024-09-19 10:45:23.257000,418.924425706371,99
2024-09-19 10:45:23.263000,418.9597077707173,1000
2024-09-19 10:45:23.274000,418.96758576172897,98
2024-09-19 10:45:23.311000,418.9647374104523,995
2024-09-19 10:45:23.378000,418.9549134617088,104
2024-09-19 10:45:23.411000,418.9398750300958,1000
2024-09-19 10:45:23.428000,418.91752936952224,995
2024-09-19 10:45:23.450000,418.95102410971526,996
2024-09-19 10:45:23.498000,418.9573158125836,101
2024-09-19 10:45:23.525000,418.934318517412,1005
2024-09-19 10:45:23.555000,418.9466151243342,7
2024-09-19 10:45:23.564000,418.9447898802166,9
2024-09-19 10:45:23.595000,418.9522037784674,101
2024-09-19 10:45:23.646000,418.977521568033,15
2024-09-19 10:45:23.651000,419.0101341482941,95
2024-09-19 10:45:23.677000,418.95831029086406,13
2024-09-19 10:45:23.701000,418.9357443468716,104
2024-09-19 10:45:23.742000,418.9269682358509,12
2024-09-19 10:45:23.823000,418.9769718288928,11
2024-09-19 10:45:23.854000,418.95461368518255,102
2024-09-19 10:45:23.861000,418.9575115787165,7
2024-09-19 10:45:23.916000,418.9568319367913,5
2024-09-19 10:45:23.947000,418.9434016146705,11
2024-09-19 10:45:24.022000,418.8961949556667,6
2024-09-19 10:45:24.145000,418.9220333461376,1000
2024-09-19 10:45:24.325000,418.9184648162256,102
2024-09-19 10:45:24.446000,418.9231430748006,104
2024-09-19 10:45:24.538000,418.9074738757577,998
2024-09-19 10:45:24.572000,418.9236998611681,6
2024-09-19 10:45:24.653000,418.9133557740605,997
2024-09-19 10:45:24.808000,418.9505000467453,995
2024-09-19 10:45:25.086000,418.9387886545669,105
2024-09-19 10:45:25.114000,418.89585550153913,5
2024-09-19 10:45:25.141000,418.91450367614704,1001
2024-09-19 10:45:25.183000,418.9073716507445,15
2024-09-19 10:45:25.240000,418.9290000171997,1000
2024-09-19 10:45:25.248000,418.9358645409467,1001
2024-09-19 10:45:25.276000,418.9650343049316,104
2024-09-19 10:45:25.295000,418.94182716518407,9
2024-09-19 10:45:25.475000,418.9012926385819,5
2024-09-19 10:45:25.486000,418.91767689760405,103
2024-09-19 10:45:25.504000,418.889797833217,98
2024-09-19 10:45:25.594000,418.9570111313781,1002
2024-09-19 10:45:25.627000,418.964147637094,13
2024-09-19 10:45:25.634000,418.8946721948542,11
2024-09-19 10:45:25.646000,418.88725619969966,997
2024-09-19 10:45:25.659000,418.89175301857375,996
2024-09-19 10:45:25.678000,418.9385918709865,995
2024-09-19 10:45:25.707000,418.927345031957,997
2024-09-19 10:45:25.718000,418.9040605213692,98
2024-09-19 10:45:25.772000,418.982657370093,6
2024-09-19 10:45:25.859000,418.9268274784715,997
2024-09-19 10:45:25.914000,418.89935468877167,98
2024-09-19 10:45:26.048000,418.9146133612658,13
2024-09-19 10:45:26.097000,418.935077454533,996
2024-09-19 10:45:26.164000,418.9071235877239,1004
2024-09-19 10:45:26.263000,418.948335253102,1000
2024-09-19 10:45:26.298000,418.94329202215374,14
2024-09-19 10:45:26.327000,418.9394019665759,5
2024-09-19 10:45:26.403000,418.9352905455246,5
2024-09-19 10:45:26.469000,418.921694558301,6
2024-09-19 10:45:26.484000,418.9107947058661,1002
2024-09-19 10:45:26.488000,418.94577415399016,1003
2024-09-19 10:45:26.505000,418.8840922668432,997
2024-09-19 10:45:26.557000,418.9215518771896,15
2024-09-19 10:45:26.782000,418.9230512660409,1000
2024-09-19 10:45:26.813000,418.93562690564346,7
2024-09-19 10:45:26.854000,418.8967452257224,14
2024-09-19 10:45:26.903000,418.9353369165853,7
2024-09-19 10:45:27.020000,418.8736347163983,101
2024-09-19 10:45:27.090000,418.8887828087886,104
2024-09-19 10:45:27.117000,418.9172278967943,14
2024-09-19 10:45:27.256000,418.89063630841815,105
2024-09-19 10:45:27.293000,418.8686079504187,1004
2024-09-19 10:45:27.373000,418.91741195435,1002
2024-09-19 10:45:27.377000,418.8705649487501,996
2024-09-19 10:45:27.389000,418.8899079580903,1001
2024-09-19 10:45:27.437000,418.9135064985354,11
2024-09-19 10:45:27.444000,418.8968769723464,104
2024-09-19 10:45:27.501000,418.8999445362401,95
2024-09-19 10:45:27.562000,418.91911285359726,96
2024-09-19 10:45:27.580000,418.90495850866296,996
2024-09-19 10:45:27.611000,418.8797580651931,12
2024-09-19 10:45:27.645000,418.89115908458336,1003
2024-09-19 10:45:27.695000,418.8854805182347,103
2024-09-19 10:45:27.704000,418.8788406087973,103
2024-09-19 10:45:27.719000,418.8820713286013,8
2024-09-19 10:45:27.742000,418.90570635997074,105
2024-09-19 10:45:27.829000,418.8889318366208,100
2024-09-19 10:45:27.845000,418.88217192337487,12
2024-09-19 10:45:27.861000,418.8848549206668,103
2024-09-19 10:45:27.871000,418.90024022263015,14
2024-09-19 10:45:27.933000,418.8855245389372,1001
2024-09-19 10:45:27.949000,418.9259108312111,102
2024-09-19 10:45:27.953000,418.9280227715098,104
2024-09-19 10:45:27.962000,418.9157097049997,103
2024-09-19 10:45:27.969000,418.9220569500456,101
2024-09-19 10:45:28.095000,418.85950361275417,11
2024-09-19 10:45:28.173000,418.8654693482586,999
2024-09-19 10:45:28.181000,418.8313152065312,12
2024-09-19 10:45:28.294000,418.8768226829295,15
2024-09-19 10:45:28.709000,418.85474421121705,997
2024-09-19 10:45:28.715000,418.82987444954864,10
2024-09-19 10:45:28.766000,418.85880304202175,98
2024-09-19 10:45:28.915000,418.8443722402943,100
2024-09-19 10:45:28.985000,418.8565076708757,997
2024-09-19 10:45:29.056000,418.8627039077091,996
2024-09-19 10:45:29.070000,418.85033121552254,997
2024-09-19 10:45:29.374000,418.8563337558603,100
2024-09-19 10:45:29.893000,418.8544587817861,1004
2024-09-19 10:45:29.895000,418.8603527245243,98
2024-09-19 10:45:30.014000,418.87258345802354,1002
2024-09-19 10:45:30.043000,418.8424477989769,14
2024-09-19 10:45:30.130000,418.8528497442885,997
2024-09-19 10:45:30.228000,418.8572197169558,96
2024-09-19 10:45:30.349000,418.8369662497075,996
2024-09-19 10:45:30.363000,418.8410774476877,6
2024-09-19 10:45:30.463000,418.8263446287477,995
2024-09-19 10:45:30.547000,418.8407246305353,97
2024-09-19 10:45:30.722000,418.8613913714351,95
2024-09-19 10:45:30.724000,418.8675394502227,10
2024-09-19 10:45:30.735000,418.84844225005673,102
2024-09-19 10:45:30.775000,418.8710295273555,7
2024-09-19 10:45:31.060000,418.85920856513934,1004
2024-09-19 10:45:31.072000,418.8388816152967,1000
2024-09-19 10:45:31.076000,418.8435231851616,15
2024-09-19 10:45:31.108000,418.8524604455848,8
2024-09-19 10:45:31.168000,418.83928793500905,1003
2024-09-19 10:45:31.298000,418.84159827637495,6
2024-09-19 10:45:31.343000,418.8521301938629,13
2024-09-19 10:45:31.546000,418.8477296778897,1001
2024-09-19 10:45:31.558000,418.9152009780675,6
2024-09-19 10:45:31.567000,418.82359783920646,15
2024-09-19 10:45:31.590000,418.8539288853881,1005
2024-09-19 10:45:31.597000,418.8378851284773,996
2024-09-19 10:45:31.606000,418.8518313414376,11
2024-09-19 10:45:31.624000,418.84136841540254,101
2024-09-19 10:45:31.734000,418.8400609672885,1003
2024-09-19 10:45:31.735000,418.84840330986174,11
2024-09-19 10:45:31.861000,418.9107177535436,10
2024-09-19 10:45:31.930000,418.9167104844978,99
2024-09-19 10:45:31.940000,418.9161509310727,15
2024-09-19 10:45:31.941000,418.8409463287352,105
2024-09-19 10:45:32.002000,418.9452442130407,5
2024-09-19 10:45:32.035000,418.9669947170874,95
2024-09-19 10:45:32.134000,418.9295724147483,97
2024-09-19 10:45:32.150000,418.9472460012137,1000
2024-09-19 10:45:32.152000,418.9445288208237,8
2024-09-19 10:45:32.206000,418.9438852444346,996
2024-09-19 10:45:32.219000,418.9251138442058,11
2024-09-19 10:45:32.266000,418.9371171659404,995
2024-09-19 10:45:32.272000,418.9414900669446,104
2024-09-19 10:45:32.352000,418.96337971443074,5
2024-09-19 10:45:32.363000,418.93956365287113,996
2024-09-19 10:45:32.374000,418.9405282901771,98
2024-09-19 10:45:32.403000,418.9514483601493,15
2024-09-19 10:45:32.432000,418.940926998845,1003
2024-09-19 10:45:32.628000,418.9195871703848,1003
2024-09-19 10:45:32.651000,418.9360887933664,99
2024-09-19 10:45:32.687000,418.92039747173817,96
2024-09-19 10:45:32.700000,418.9289743130982,101
2024-09-19 10:45:32.733000,418.9415526981996,14
2024-09-19 10:45:32.764000,418.9229129448718,11
2024-09-19 10:45:32.836000,418.9579386805672,8
2024-09-19 10:45:32.840000,418.9281943027352,1003
2024-09-19 10:45:32.909000,418.9324985197511,104
2024-09-19 10:45:32.942000,418.9595229281308,996
2024-09-19 10:45:32.944000,418.9279063651582,5
2024-09-19 10:45:32.980000,418.94923871841553,10
2024-09-19 10:45:32.998000,418.9317911448389,997
2024-09-19 10:45:33.011000,418.9169645772592,1004
2024-09-19 10:45:33.044000,418.9305596495966,105
2024-09-19 10:45:33.057000,418.9444465273384,99
2024-09-19 10:45:33.078000,418.9427505200078,5
2024-09-19 10:45:33.079000,418.9304720284864,1003
2024-09-19 10:45:33.102000,418.8983405365043,1005
2024-09-19 10:45:33.131000,418.957518194322,98
2024-09-19 10:45:33.139000,418.9302227716354,103
2024-09-19 10:45:33.214000,418.92699908882776,8
2024-09-19 10:45:33.215000,418.91410131099065,1002
2024-09-19 10:45:33.222000,418.9594360140294,8
2024-09-19 10:45:33.226000,418.9523814445207,14
2024-09-19 10:45:33.231000,418.9337363659149,996
2024-09-19 10:45:33.326000,418.9051212855768,101
2024-09-19 10:45:33.345000,418.95194662315794,101
2024-09-19 10:45:33.406000,418.8899446405371,1002
2024-09-19 10:45:33.509000,418.93360102098507,96
2024-09-19 10:45:33.537000,418.9334458471153,102
2024-09-19 10:45:33.610000,418.90021383027033,10
2024-09-19 10:45:33.634000,418.9327530562088,8
2024-09-19 10:45:33.644000,418.90848996699657,1000
2024-09-19 10:45:33.756000,418.9449587692653,102
2024-09-19 10:45:33.778000,418.94024856941775,1004
2024-09-19 10:45:33.885000,418.97799273547736,6
2024-09-19 10:45:33.894000,418.928007347367,104
2024-09-19 10:45:33.932000,418.9420882945345,1005
2024-09-19 10:45:34.006000,418.9764808908912,1004
2024-09-19 10:45:34.115000,418.9957651688259,6
2024-09-19 10:45:34.131000,418.9930338887982,97
2024-09-19 10:45:34.195000,418.99757007759655,104
2024-09-19 10:45:34.203000,418.9835660971191,6
2024-09-19 10:45:34.218000,418.9594802826504,997
2024-09-19 10:45:34.269000,419.00120653552034,104
2024-09-19 10:45:34.301000,418.9869945339288,100
2024-09-19 10:45:34.509000,418.9998650553693,15
2024-09-19 10:45:34.761000,418.9631144389808,1001
2024-09-19 10:45:34.801000,418.9530006488926,95
2024-09-19 10:45:34.927000,419.0043573074024,999
2024-09-19 10:45:34.971000,419.0007531282193,96
2024-09-19 10:45:34.991000,418.9868214378717,5
2024-09-19 10:45:35.334000,418.9962952360884,96
2024-09-19 10:45:35.640000,418.9752200378582,5
2024-09-19 10:45:35.976000,418.9845860633787,97
2024-09-19 10:45:36.042000,418.9838054752781,98
2024-09-19 10:45:36.045000,418.993957080436,14
2024-09-19 10:45:36.253000,418.9728129944901,7
2024-09-19 10:45:36.331000,418.97565874085416,103
2024-09-19 10:45:36.351000,419.0096077081818,98
2024-09-19 10:45:36.370000,419.0058614952856,6
2024-09-19 10:45:36.436000,418.97820406487705,103
2024-09-19 10:45:36.445000,418.9778742443881,999
2024-09-19 10:45:36.469000,418.97866577488384,99
2024-09-19 10:45:36.480000,418.983614329749,103
2024-09-19 10:45:36.491000,418.98176644423376,5
2024-09-19 10:45:36.599000,418.96317311288624,11
2024-09-19 10:45:36.648000,418.992355715318,1004
2024-09-19 10:45:36.651000,418.9729466987122,997
2024-09-19 10:45:36.726000,419.0056937680032,105
2024-09-19 10:45:36.760000,418.9763812058488,995
2024-09-19 10:45:36.775000,418.9562320640999,7
2024-09-19 10:45:36.794000,418.96502349444216,100
2024-09-19 10:45:36.827000,418.9721236836396,101
2024-09-19 10:45:36.830000,418.96610965811135,1000
2024-09-19 10:45:36.846000,418.9652608396698,9
2024-09-19 10:45:36.910000,418.9866868662425,1002
2024-09-19 10:45:36.914000,418.9737940400012,13
2024-09-19 10:45:36.932000,418.99514281805824,8
2024-09-19 10:45:36.967000,418.9963174072993,98
2024-09-19 10:45:36.990000,419.010760697148,99
2024-09-19 10:45:36.992000,418.987002383524,999
2024-09-19 10:45:36.996000,418.98301087430514,997
2024-09-19 10:45:36.998000,418.9744274986813,9
2024-09-19 10:45:37.051000,418.91464397029927,1002
2024-09-19 10:45:37.051000,418.94072021251935,98
2024-09-19 10:45:37.116000,418.9509076837329,7
2024-09-19 10:45:37.116000,418.9712523265516,96
2024-09-19 10:45:37.147000,418.9579391342454,10
2024-09-19 10:45:37.189000,418.9461924649535,97
2024-09-19 10:45:37.229000,418.97370200547175,1002
2024-09-19 10:45:37.272000,418.9727791878992,9
2024-09-19 10:45:37.308000,418.939152915605,7
2024-09-19 10:45:37.325000,418.97143882668047,101
2024-09-19 10:45:37.328000,418.94638655128847,100
2024-09-19 10:45:37.368000,418.9619789105333,1005
2024-09-19 10:45:37.394000,418.9553475204826,102
2024-09-19 10:45:37.415000,418.94645802927744,10
2024-09-19 10:45:37.439000,418.9381912220607,100
2024-09-19 10:45:37.471000,418.923716283029,996
2024-09-19 10:45:37.496000,418.9411758923972,104
2024-09-19 10:45:37.529000,418.9189314286193,5
2024-09-19 10:45:37.583000,418.9790718838988,6
2024-09-19 10:45:37.650000,418.9436182533876,996
2024-09-19 10:45:37.679000,418.9392134554272,105
2024-09-19 10:45:37.724000,418.9489729818228,999
2024-09-19 10:45:37.756000,418.942522442203,999
2024-09-19 10:45:37.764000,418.9415239086133,103
2024-09-19 10:45:37.814000,418.9700761218488,1003
2024-09-19 10:45:37.857000,418.9468398254887,11
2024-09-19 10:45:37.894000,418.9550183185911,1001
2024-09-19 10:45:37.915000,418.9678624773561,1000
2024-09-19 10:45:37.974000,418.93504876927216,10
2024-09-19 10:45:37.987000,418.9386206246342,98
2024-09-19 10:45:38.092000,419.0027453518154,14
2024-09-19 10:45:38.161000,419.0205894621077,8
2024-09-19 10:45:38.280000,419.0014976678498,105
2024-09-19 10:45:38.284000,419.0114656090883,100
2024-09-19 10:45:38.292000,419.0438531426991,996
2024-09-19 10:45:38.300000,419.0340272047012,95
2024-09-19 10:45:38.333000,419.0429274330842,996
2024-09-19 10:45:38.359000,419.0079586173591,1003
2024-09-19 10:45:38.411000,419.0064922577295,98
2024-09-19 10:45:38.475000,419.01135177707226,97
2024-09-19 10:45:38.488000,418.9649507050282,100
2024-09-19 10:45:38.492000,419.009770626347,101
2024-09-19 10:45:38.495000,418.9535779900136,98
2024-09-19 10:45:38.568000,419.0616608106745,105
2024-09-19 10:45:38.586000,418.9759008436454,995
2024-09-19 10:45:38.594000,419.0430384980632,13
2024-09-19 10:45:38.627000,419.0138040891808,996
2024-09-19 10:45:38.684000,419.0509189718762,11
2024-09-19 10:45:38.698000,419.0155508461149,1001
2024-09-19 10:45:38.745000,419.0068507573104,100
2024-09-19 10:45:38.762000,419.042943824468,103
2024-09-19 10:45:38.772000,419.0094573941981,98
2024-09-19 10:45:38.860000,419.0243399860253,1004
2024-09-19 10:45:38.947000,418.9690022472336,100
2024-09-19 10:45:38.981000,419.0135957786574,1001
2024-09-19 10:45:38.987000,419.0181551809239,102
2024-09-19 10:45:39.692000,419.02054122169824,13
2024-09-19 10:45:40.048000,418.9945279771314,1004
2024-09-19 10:45:40.064000,419.02628319313374,12
2024-09-19 10:45:40.109000,419.0135338491191,5
2024-09-19 10:45:40.303000,418.9575178621583,5
2024-09-19 10:45:40.309000,419.0397955200317,999
2024-09-19 10:45:40.422000,418.9873340477998,102
2024-09-19 10:45:40.462000,419.0248163633864,105
2024-09-19 10:45:40.480000,418.9907359657152,1001
2024-09-19 10:45:40.525000,418.9806528608467,9
2024-09-19 10:45:40.528000,418.9946212765221,15
2024-09-19 10:45:40.722000,418.9593351842182,105
2024-09-19 10:45:40.772000,419.02743823403694,100
2024-09-19 10:45:40.787000,419.0151590432285,10
2024-09-19 10:45:40.878000,419.0059647731867,14
2024-09-19 10:45:40.927000,419.0283316720244,7
2024-09-19 10:45:40.950000,419.0370755350067,1004
2024-09-19 10:45:40.979000,418.9623449142945,95
2024-09-19 10:45:40.998000,418.9974607092078,97
2024-09-19 10:45:41.029000,418.8682973455615,97
2024-09-19 10:45:41.048000,418.8646893101268,11
2024-09-19 10:45:41.115000,418.9029687307888,102
2024-09-19 10:45:41.124000,418.9099097452511,15
2024-09-19 10:45:41.193000,418.9780724186245,97
2024-09-19 10:45:41.225000,418.91051750979057,10
2024-09-19 10:45:41.244000,418.9827022874684,10
2024-09-19 10:45:41.321000,418.9739570126039,11
2024-09-19 10:45:41.326000,418.981367804992,1004
2024-09-19 10:45:41.327000,418.9415894671727,12
2024-09-19 10:45:41.327000,418.8782842398131,1003
2024-09-19 10:45:41.399000,419.00855705519245,101
2024-09-19 10:45:41.419000,418.9937071717859,97
2024-09-19 10:45:41.464000,418.9898480135282,101
2024-09-19 10:45:41.530000,418.9742999380125,103
2024-09-19 10:45:41.556000,418.9795453491992,5
2024-09-19 10:45:41.583000,418.997716928221,995
2024-09-19 10:45:41.632000,418.91243299102,1004
2024-09-19 10:45:41.667000,418.96757424189553,101
2024-09-19 10:45:41.683000,418.8614034763843,98
2024-09-19 10:45:41.691000,418.9724911594675,995
2024-09-19 10:45:41.821000,418.98531731969047,996
2024-09-19 10:45:41.822000,418.9859464024329,1002
2024-09-19 10:45:41.823000,418.933909483853,1000
2024-09-19 10:45:41.824000,418.9127042354844,9
2024-09-19 10:45:41.915000,418.8750596988101,105
2024-09-19 10:45:41.948000,418.8781963256821,12
2024-09-19 10:45:42.115000,418.9301661569095,100
2024-09-19 10:45:42.232000,418.8962086807653,12
2024-09-19 10:45:42.424000,418.9636934165304,998
2024-09-19 10:45:42.498000,418.8985481335324,104
2024-09-19 10:45:42.499000,418.9484647251413,99
2024-09-19 10:45:42.615000,418.92506171017527,996
2024-09-19 10:45:42.643000,418.960727411892,100
2024-09-19 10:45:42.678000,418.9812650994336,999
2024-09-19 10:45:42.771000,418.9348164685412,12
2024-09-19 10:45:42.781000,418.8952621357808,99
2024-09-19 10:45:42.887000,418.9601558018509,96
2024-09-19 10:45:42.930000,418.9517435538011,101
2024-09-19 10:45:43.207000,418.959216018724,13
2024-09-19 10:45:43.366000,418.9528822808024,10
2024-09-19 10:45:43.387000,418.99251961594985,102
2024-09-19 10:45:43.430000,418.97329242736646,96
2024-09-19 10:45:43.454000,418.96304842813066,95
2024-09-19 10:45:43.501000,418.9906427042318,998
2024-09-19 10:45:43.679000,418.9549995124393,10
2024-09-19 10:45:43.721000,418.98090391966,1003
2024-09-19 10:45:43.768000,418.971288731729,7
2024-09-19 10:45:43.972000,418.9560806082011,998
2024-09-19 10:45:44.028000,418.9853642610986,9
2024-09-19 10:45:44.077000,419.1039912436226,100
2024-09-19 10:45:44.086000,419.0288510545532,7
2024-09-19 10:45:44.106000,419.0440576994951,98
2024-09-19 10:45:44.169000,419.0563782856155,1004
2024-09-19 10:45:44.234000,419.1047116524599,95
2024-09-19 10:45:44.246000,419.1132051549718,6
2024-09-19 10:45:44.250000,419.0025113005187,101
2024-09-19 10:45:44.262000,419.06552585464266,999
2024-09-19 10:45:44.347000,419.0863407958608,104
2024-09-19 10:45:44.364000,419.06147763293455,99
2024-09-19 10:45:44.369000,419.0488558143661,996
2024-09-19 10:45:44.396000,419.0415176088163,103
2024-09-19 10:45:44.452000,419.0031791855465,998
2024-09-19 10:45:44.462000,419.000664088424,1001
2024-09-19 10:45:44.669000,419.1124029357604,5
2024-09-19 10:45:44.701000,419.0177566465807,9
2024-09-19 10:45:44.721000,419.0598626917106,9
2024-09-19 10:45:44.756000,419.0981757939669,8
2024-09-19 10:45:44.824000,419.0016544447164,99
2024-09-19 10:45:44.830000,419.1021899985672,10
2024-09-19 10:45:44.840000,419.0605237461109,95
2024-09-19 10:45:44.872000,419.0144107379848,997
2024-09-19 10:45:44.943000,418.964579005178,104
2024-09-19 10:45:45.040000,419.0922062773452,103
2024-09-19 10:45:45.090000,419.1205004837098,1001
2024-09-19 10:45:45.167000,419.1444552645307,995
2024-09-19 10:45:45.235000,419.10450049210834,995
2024-09-19 10:45:45.288000,419.1162847059591,1000
2024-09-19 10:45:45.291000,419.1077872833756,95
2024-09-19 10:45:45.382000,419.1141787238704,8
2024-09-19 10:45:45.415000,419.1218135817158,96
2024-09-19 10:45:45.466000,419.08866307311496,104
2024-09-19 10:45:45.504000,419.1025269363086,96
2024-09-19 10:45:45.581000,419.1328009458408,13
2024-09-19 10:45:45.649000,419.105127773509,1001
2024-09-19 10:45:45.673000,419.0987172380517,1002
2024-09-19 10:45:45.696000,419.1106708803352,12
2024-09-19 10:45:45.834000,419.11782948286265,996
2024-09-19 10:45:45.898000,419.1356526968804,1000
2024-09-19 10:45:45.926000,419.11595567798025,998
2024-09-19 10:45:45.956000,419.1006371628855,10
2024-09-19 10:45:45.992000,419.1516897408964,103
2024-09-19 10:45:46.070000,419.1007767985415,997
2024-09-19 10:45:46.080000,419.1294648540031,11
2024-09-19 10:45:46.098000,419.1048071343277,995
2024-09-19 10:45:46.254000,419.0898734730305,96
2024-09-19 10:45:46.269000,419.1327439259588,10
2024-09-19 10:45:46.301000,419.132668168459,96
2024-09-19 10:45:46.352000,419.1199046921837,1004
2024-09-19 10:45:46.398000,419.1110927895264,9
2024-09-19 10:45:46.413000,419.10317340274975,102
2024-09-19 10:45:46.435000,419.0946339383365,997
2024-09-19 10:45:46.476000,419.0934040994081,14
2024-09-19 10:45:46.488000,419.123030342761,97
2024-09-19 10:45:46.546000,419.1160750379336,8
2024-09-19 10:45:46.559000,419.1158894174706,996
2024-09-19 10:45:46.745000,419.1041415307633,1003
2024-09-19 10:45:46.784000,419.0991587535075,1000
2024-09-19 10:45:46.813000,419.1248926689785,99
2024-09-19 10:45:46.816000,419.1025586596621,11
2024-09-19 10:45:46.818000,419.10893988894793,1005
2024-09-19 10:45:46.829000,419.1140518923735,102
2024-09-19 10:45:46.972000,419.112179603944,98
2024-09-19 10:45:47.003000,419.10656004597297,96
2024-09-19 10:45:47.026000,419.1209603110908,98
2024-09-19 10:45:47.056000,419.0744112841109,1001
2024-09-19 10:45:47.057000,419.1216443047623,102
2024-09-19 10:45:47.127000,419.1021777584419,997
2024-09-19 10:45:47.168000,419.0955247332556,7
2024-09-19 10:45:47.248000,419.11567903568215,1004
2024-09-19 10:45:47.281000,419.1028349451237,101
2024-09-19 10:45:47.329000,419.10695803110536,9
2024-09-19 10:45:47.401000,419.1014549279996,96
2024-09-19 10:45:47.412000,419.07506496443307,102
2024-09-19 10:45:47.418000,419.1066502673282,11
2024-09-19 10:45:47.490000,419.0969205834547,100
2024-09-19 10:45:47.531000,419.0791399511038,9
2024-09-19 10:45:47.540000,419.0842394934965,6
2024-09-19 10:45:47.549000,419.11086593022486,13
2024-09-19 10:45:47.723000,419.0927799651742,996
2024-09-19 10:45:47.733000,419.07485708867705,105
2024-09-19 10:45:47.748000,419.0845089564955,997
2024-09-19 10:45:47.749000,419.0887657950347,102
2024-09-19 10:45:47.776000,419.1026734453112,996
2024-09-19 10:45:47.797000,419.09386478667767,998
2024-09-19 10:45:47.803000,419.0965464710232,1000
2024-09-19 10:45:47.817000,419.09954816304537,996
2024-09-19 10:45:47.845000,419.0720204604016,15
2024-09-19 10:45:47.901000,419.1000686604304,10
2024-09-19 10:45:47.933000,419.09181047651145,102
2024-09-19 10:45:47.959000,419.0973862556738,1003
2024-09-19 10:45:47.961000,419.1129642015088,999
2024-09-19 10:45:48.028000,419.1226926175411,998
2024-09-19 10:45:48.055000,419.100870535947,95
2024-09-19 10:45:48.070000,419.0285803902064,995
2024-09-19 10:45:48.232000,419.050062272117,14
2024-09-19 10:45:48.317000,419.1099567590734,7
2024-09-19 10:45:48.530000,419.0698304035768,100
2024-09-19 10:45:48.551000,419.1228928594342,96
2024-09-19 10:45:48.680000,419.0918955757958,998
2024-09-19 10:45:48.697000,419.1093170757251,6
2024-09-19 10:45:48.701000,419.09738984194007,998
2024-09-19 10:45:48.821000,419.0866975866703,10
2024-09-19 10:45:48.927000,419.1065123116807,1003
2024-09-19 10:45:49.036000,419.0108606190429,103
2024-09-19 10:45:49.089000,419.02645006909177,8
2024-09-19 10:45:49.150000,419.0148306954021,102
2024-09-19 10:45:49.251000,419.001129144989,104
2024-09-19 10:45:49.322000,419.0664072454037,1005
2024-09-19 10:45:49.349000,419.0283996941032,6
2024-09-19 10:45:49.351000,419.0342860614122,97
2024-09-19 10:45:49.427000,419.02517478564994,1004
2024-09-19 10:45:49.512000,419.05097201011006,102
2024-09-19 10:45:49.515000,419.0318160554699,96
2024-09-19 10:45:49.520000,419.0242739597805,103
2024-09-19 10:45:49.524000,419.04410833783743,10
2024-09-19 10:45:49.764000,419.0330801361286,96
2024-09-19 10:45:49.841000,419.03597714307466,11
2024-09-19 10:45:50.844000,419.0616722607856,995
2024-09-19 10:45:51.105000,419.06183192971497,10
2024-09-19 10:45:51.339000,419.07511543623497,6
2024-09-19 10:45:51.382000,419.0839111769733,997
2024-09-19 10:45:51.517000,419.0379640797096,999
2024-09-19 10:45:51.548000,419.05034258139057,5
2024-09-19 10:45:51.796000,419.0488238670786,1000
2024-09-19 10:45:51.843000,419.04876018849006,10
2024-09-19 10:45:52.111000,419.0302922214333,9
2024-09-19 10:45:52.288000,419.0503492042752,997
2024-09-19 10:45:54.004000,418.9877958303801,998
2024-09-19 10:45:54.005000,418.9946190905762,999
2024-09-19 10:45:54.022000,418.98812446747365,99
2024-09-19 10:45:54.058000,418.98498832986,99
2024-09-19 10:45:54.072000,418.999182024361,9
2024-09-19 10:45:54.091000,418.9662856623629,5
2024-09-19 10:45:54.128000,419.040469634113,95
2024-09-19 10:45:54.191000,418.9878785109252,13
2024-09-19 10:45:54.199000,418.9869875302701,1003
2024-09-19 10:45:54.204000,418.9857478898515,14
2024-09-19 10:45:54.246000,418.96759765061336,995
2024-09-19 10:45:54.290000,418.9924931247828,997
2024-09-19 10:45:54.305000,419.0195279934824,1001
2024-09-19 10:45:54.335000,418.9900550761189,8
2024-09-19 10:45:54.351000,419.03590610830497,98
2024-09-19 10:45:54.415000,418.9880324487255,9
2024-09-19 10:45:54.416000,419.0175645857423,15
2024-09-19 10:45:54.441000,419.0487823775984,1004
2024-09-19 10:45:54.535000,418.98348585521296,9
2024-09-19 10:45:54.594000,419.0162931192586,103
2024-09-19 10:45:54.814000,418.97943264440914,1000
2024-09-19 10:45:54.816000,418.9796873781049,999
2024-09-19 10:45:54.827000,419.0256506052287,96
2024-09-19 10:45:54.839000,419.0099991782248,8
2024-09-19 10:45:54.891000,419.0049004103079,100
2024-09-19 10:45:54.936000,419.0211223701943,11
2024-09-19 10:45:55.037000,419.0588697631308,96
2024-09-19 10:45:55.053000,418.9874285124933,9
2024-09-19 10:45:55.069000,419.0112602565083,996
2024-09-19 10:45:55.070000,419.0385780166806,98
2024-09-19 10:45:55.128000,419.01374905214,1002
2024-09-19 10:45:55.141000,419.0337194812795,95
2024-09-19 10:45:55.296000,419.0120216028841,97
2024-09-19 10:45:55.318000,419.0089092592314,998
2024-09-19 10:45:55.422000,419.03458608457015,999
2024-09-19 10:45:55.431000,418.9757642368575,9
2024-09-19 10:45:55.434000,419.0138810447577,96
2024-09-19 10:45:55.529000,419.0057528452981,996
2024-09-19 10:45:55.544000,419.0359668675618,5
2024-09-19 10:45:55.624000,419.0195225276258,101
2024-09-19 10:45:55.630000,419.0189724581133,10
2024-09-19 10:45:55.690000,419.0365080833024,998
2024-09-19 10:45:55.716000,419.0406188283416,103
2024-09-19 10:45:55.721000,419.0375857292466,102
2024-09-19 10:45:55.763000,419.0589988252915,1004
2024-09-19 10:45:55.900000,419.0283435400588,995
2024-09-19 10:45:55.915000,419.0374367722013,10
2024-09-19 10:45:56.150000,419.0643529908184,10
2024-09-19 10:45:56.241000,419.10271315725146,13
2024-09-19 10:45:56.276000,419.1098567948853,98
2024-09-19 10:45:56.295000,419.0497546273187,1003
2024-09-19 10:45:56.533000,419.0848087871765,15
2024-09-19 10:45:56.580000,419.1010958156001,1004
2024-09-19 10:45:56.641000,419.1004528935523,100
2024-09-19 10:45:56.776000,419.1183123267402,101
2024-09-19 10:45:56.778000,419.1089704751443,1001
2024-09-19 10:45:56.950000,419.0897873828562,14
2024-09-19 10:45:57.026000,419.1038696319961,95
2024-09-19 10:45:57.088000,419.0953905737803,9
2024-09-19 10:45:57.089000,419.1128124102712,13
2024-09-19 10:45:57.100000,419.1112777195031,97
2024-09-19 10:45:57.102000,419.0961562575022,8
2024-09-19 10:45:57.152000,419.1290242275039,1000
2024-09-19 10:45:57.183000,419.1094297944435,1003
2024-09-19 10:45:57.201000,419.0878445556053,5
2024-09-19 10:45:57.205000,419.09509442566815,12
2024-09-19 10:45:57.356000,419.10835035286,15
2024-09-19 10:45:57.494000,419.1188204622929,105
2024-09-19 10:45:57.515000,419.0956982530384,100
2024-09-19 10:45:57.525000,419.0832441939701,5
2024-09-19 10:45:57.606000,419.09830906478095,101
2024-09-19 10:45:57.692000,419.1137554699594,1000
2024-09-19 10:45:57.707000,419.0933724358727,7
2024-09-19 10:45:57.712000,419.09963325108527,9
2024-09-19 10:45:57.734000,419.1152463251008,96
2024-09-19 10:45:57.735000,419.1213324522353,14
2024-09-19 10:45:57.770000,419.0933645515695,999
2024-09-19 10:45:57.840000,419.10156468625553,1002
2024-09-19 10:45:57.846000,419.08650605241405,5
2024-09-19 10:45:57.849000,419.08549620447394,12
2024-09-19 10:45:57.995000,419.0975840048403,997
2024-09-19 10:45:58.046000,419.1419097902977,8
2024-09-19 10:45:58.136000,419.16048500675686,98
2024-09-19 10:45:58.289000,419.1782932213577,105
2024-09-19 10:45:58.535000,419.10420230029774,1001
2024-09-19 10:45:58.766000,419.2067279487193,1002
2024-09-19 10:45:58.870000,419.1973675297367,104
2024-09-19 10:45:58.914000,419.1835779851004,5
2024-09-19 10:45:58.932000,419.17738625321374,97
2024-09-19 10:45:59.013000,419.1532752216936,100
2024-09-19 10:45:59.051000,419.1673514270572,103
2024-09-19 10:45:59.052000,419.1859382079588,14
2024-09-19 10:45:59.067000,419.14614622349205,9
2024-09-19 10:45:59.121000,419.13138443955125,6
2024-09-19 10:45:59.167000,419.1587558985229,102
2024-09-19 10:45:59.213000,419.1492511739399,15
2024-09-19 10:45:59.292000,419.160935225878,14
2024-09-19 10:45:59.316000,419.16354395721055,1005
2024-09-19 10:45:59.344000,419.14737050055953,98
2024-09-19 10:45:59.387000,419.159390629597,9
2024-09-19 10:45:59.415000,419.1487492162013,7
2024-09-19 10:45:59.444000,419.1722021996107,104
2024-09-19 10:45:59.533000,419.1419180951484,102
2024-09-19 10:45:59.536000,419.17726454946313,12
2024-09-19 10:45:59.537000,419.18236114015264,5
2024-09-19 10:45:59.561000,419.1672040418738,13
2024-09-19 10:45:59.673000,419.1245931445195,99
2024-09-19 10:45:59.724000,419.18258976930775,6
2024-09-19 10:45:59.796000,419.1431548485696,15
2024-09-19 10:45:59.805000,419.1633758243077,9
2024-09-19 10:45:59.844000,419.1343045584211,5
2024-09-19 10:45:59.916000,419.1564085860418,104
