Timestamp,Price,Size
2024-09-19 13:13:00.004000,422.2930378325463,13
2024-09-19 13:13:00.051000,422.3342248903512,1005
2024-09-19 13:13:00.132000,422.2965642916933,103
2024-09-19 13:13:00.222000,422.3171634435893,103
2024-09-19 13:13:00.222000,422.331199797417,9
2024-09-19 13:13:00.229000,422.2855871223192,1002
2024-09-19 13:13:00.302000,422.3097366435267,104
2024-09-19 13:13:00.371000,422.3141417647956,8
2024-09-19 13:13:00.372000,422.3025319509168,7
2024-09-19 13:13:00.408000,422.2929920959493,1005
2024-09-19 13:13:00.492000,422.2996220514062,97
2024-09-19 13:13:00.513000,422.27841111831646,996
2024-09-19 13:13:00.513000,422.2970587365451,5
2024-09-19 13:13:00.548000,422.29937662128384,105
2024-09-19 13:13:00.584000,422.2980791863,101
2024-09-19 13:13:00.604000,422.3125923931394,96
2024-09-19 13:13:00.642000,422.3320414672007,95
2024-09-19 13:13:00.708000,422.2883051265349,103
2024-09-19 13:13:00.719000,422.3271398485837,14
2024-09-19 13:13:00.745000,422.2705042053432,95
2024-09-19 13:13:00.780000,422.2864403108906,100
2024-09-19 13:13:00.827000,422.2977336825612,15
2024-09-19 13:13:00.893000,422.29286757250696,998
2024-09-19 13:13:00.946000,422.314884135214,103
2024-09-19 13:13:01.654000,422.29198492602006,14
2024-09-19 13:13:02.128000,422.2541454183321,1004
2024-09-19 13:13:02.165000,422.2202446360767,103
2024-09-19 13:13:02.538000,422.2683067285666,8
2024-09-19 13:13:02.844000,422.2388387579659,15
2024-09-19 13:13:02.919000,422.2761348218224,95
2024-09-19 13:13:02.969000,422.2558359258301,8
2024-09-19 13:13:03.013000,422.1319247966705,103
2024-09-19 13:13:03.136000,422.233021192603,1004
2024-09-19 13:13:03.142000,422.1947964904458,12
2024-09-19 13:13:03.152000,422.1598281334256,6
2024-09-19 13:13:03.215000,422.1597364328599,102
2024-09-19 13:13:03.247000,422.2028151263771,997
2024-09-19 13:13:03.320000,422.1550515353003,5
2024-09-19 13:13:03.329000,422.2211324070788,8
2024-09-19 13:13:03.335000,422.1642869426588,999
2024-09-19 13:13:03.392000,422.244006841711,95
2024-09-19 13:13:03.419000,422.1856974315597,996
2024-09-19 13:13:03.453000,422.2390580562982,1002
2024-09-19 13:13:03.507000,422.18660240397,12
2024-09-19 13:13:03.524000,422.190384967331,11
2024-09-19 13:13:03.624000,422.2074556480832,1001
2024-09-19 13:13:03.672000,422.13193077545645,104
2024-09-19 13:13:03.730000,422.1542984485646,14
2024-09-19 13:13:03.746000,422.1381833952351,5
2024-09-19 13:13:03.813000,422.157913108021,101
2024-09-19 13:13:03.822000,422.1779814559964,5
2024-09-19 13:13:03.852000,422.2453671561029,1005
2024-09-19 13:13:03.865000,422.2031557534072,996
2024-09-19 13:13:03.876000,422.1552733962616,98
2024-09-19 13:13:03.892000,422.13417950280297,13
2024-09-19 13:13:03.933000,422.1576321573056,104
2024-09-19 13:13:03.933000,422.20382960789294,99
2024-09-19 13:13:03.952000,422.1269596827044,99
2024-09-19 13:13:04.046000,422.27775581532137,101
2024-09-19 13:13:04.066000,422.2678491458267,1003
2024-09-19 13:13:04.102000,422.3000347118232,14
2024-09-19 13:13:04.247000,422.21381067002255,95
2024-09-19 13:13:04.367000,422.288137965507,98
2024-09-19 13:13:04.393000,422.30529380078485,99
2024-09-19 13:13:04.449000,422.23552379789214,8
2024-09-19 13:13:04.614000,422.2302017126432,104
2024-09-19 13:13:04.619000,422.2666080916016,104
2024-09-19 13:13:04.733000,422.2315868311224,6
2024-09-19 13:13:04.762000,422.26647493204496,1001
2024-09-19 13:13:04.839000,422.23629778335305,100
2024-09-19 13:13:04.852000,422.2579700657884,12
2024-09-19 13:13:04.907000,422.2607608563316,6
2024-09-19 13:13:04.940000,422.2727034267072,99
2024-09-19 13:13:04.994000,422.29555748887344,13
2024-09-19 13:13:05.052000,422.190480063204,1003
2024-09-19 13:13:05.059000,422.11332518285576,99
2024-09-19 13:13:05.062000,422.1840080103584,98
2024-09-19 13:13:05.070000,422.1291459492948,14
2024-09-19 13:13:05.115000,422.1192688942332,10
2024-09-19 13:13:05.151000,422.1418684807829,102
2024-09-19 13:13:05.236000,422.1366846176697,98
2024-09-19 13:13:05.244000,422.1043818974724,15
2024-09-19 13:13:05.349000,422.1022448324536,105
2024-09-19 13:13:05.432000,422.167235934479,997
2024-09-19 13:13:05.445000,422.21072223452063,96
2024-09-19 13:13:05.501000,422.099636469603,8
2024-09-19 13:13:05.542000,422.1203685157769,103
2024-09-19 13:13:05.615000,422.13657749134416,102
2024-09-19 13:13:05.706000,422.0951743511818,10
2024-09-19 13:13:05.752000,422.1461733060405,10
2024-09-19 13:13:05.810000,422.1684195367006,15
2024-09-19 13:13:05.899000,422.167232607594,98
2024-09-19 13:13:05.906000,422.1427431464091,1000
2024-09-19 13:13:05.992000,422.09690279928463,10
2024-09-19 13:13:05.997000,422.1529725329387,12
2024-09-19 13:13:06.213000,422.0539875348194,995
2024-09-19 13:13:06.261000,422.0738823203407,1002
2024-09-19 13:13:06.529000,422.0643199215668,12
2024-09-19 13:13:06.569000,422.08941739749855,96
2024-09-19 13:13:06.742000,422.1152825392932,995
2024-09-19 13:13:06.792000,422.0853824356578,1000
2024-09-19 13:13:06.923000,422.1046446925288,10
2024-09-19 13:13:07.070000,422.0391347549226,997
2024-09-19 13:13:07.179000,422.0077065221189,6
2024-09-19 13:13:07.224000,422.0235918876887,103
2024-09-19 13:13:07.275000,422.0509603746086,95
2024-09-19 13:13:07.331000,422.06086116339793,999
2024-09-19 13:13:07.332000,422.0042228180999,95
2024-09-19 13:13:07.338000,422.04070446004175,102
2024-09-19 13:13:07.413000,422.0531672327954,1002
2024-09-19 13:13:07.509000,422.0474869111872,998
2024-09-19 13:13:07.512000,422.02476402973423,10
2024-09-19 13:13:07.531000,422.0456501614568,7
2024-09-19 13:13:07.557000,421.9985661248845,995
2024-09-19 13:13:07.580000,421.9845793106208,13
2024-09-19 13:13:07.584000,422.0087969640868,100
2024-09-19 13:13:07.830000,422.0468482291449,9
2024-09-19 13:13:07.887000,422.0553391821935,105
2024-09-19 13:13:07.894000,422.05662388778336,99
2024-09-19 13:13:07.944000,422.07005838187297,13
2024-09-19 13:13:07.986000,422.0420335251633,7
2024-09-19 13:13:07.991000,422.00787964792,7
2024-09-19 13:13:07.998000,422.0361377349958,1000
2024-09-19 13:13:08.112000,422.087744011377,1005
2024-09-19 13:13:08.265000,422.10703115991976,100
2024-09-19 13:13:08.284000,422.0786265136525,99
2024-09-19 13:13:08.288000,422.1236818262305,1001
2024-09-19 13:13:08.291000,422.0916070329973,1000
2024-09-19 13:13:08.434000,422.1385626043153,13
2024-09-19 13:13:08.435000,422.1410327662901,1004
2024-09-19 13:13:08.451000,422.1363061063357,97
2024-09-19 13:13:08.493000,422.139064669658,98
2024-09-19 13:13:08.503000,422.0721120709366,5
2024-09-19 13:13:08.556000,422.1405270947654,99
2024-09-19 13:13:08.577000,422.0501755073816,1002
2024-09-19 13:13:08.624000,422.12316505475695,12
2024-09-19 13:13:08.643000,422.13653867555297,9
2024-09-19 13:13:08.680000,422.0784708234678,1003
2024-09-19 13:13:08.720000,422.1235156963148,1005
2024-09-19 13:13:08.747000,422.1386407821244,98
2024-09-19 13:13:08.813000,422.11963306686033,102
2024-09-19 13:13:08.864000,422.05143317457765,1005
2024-09-19 13:13:08.902000,422.08615939136615,9
2024-09-19 13:13:08.904000,422.0877420071772,99
2024-09-19 13:13:08.970000,422.1319614744504,997
2024-09-19 13:13:10.008000,422.1114844782707,96
2024-09-19 13:13:10.011000,422.0884579476181,1005
2024-09-19 13:13:10.020000,422.0658486653333,996
2024-09-19 13:13:10.097000,422.10392947380745,12
2024-09-19 13:13:10.124000,422.0788792806022,7
2024-09-19 13:13:10.136000,422.09319350279736,1001
2024-09-19 13:13:10.187000,422.0873961388952,1004
2024-09-19 13:13:10.199000,422.105204881044,999
2024-09-19 13:13:10.216000,422.1570611551537,1004
2024-09-19 13:13:10.232000,422.1279488829465,105
2024-09-19 13:13:10.255000,422.1247644082438,1004
2024-09-19 13:13:10.273000,422.1137172367256,97
2024-09-19 13:13:10.329000,422.1324007675405,12
2024-09-19 13:13:10.351000,422.084686336561,95
2024-09-19 13:13:10.358000,422.10204388754414,996
2024-09-19 13:13:10.424000,422.1276572478407,99
2024-09-19 13:13:10.571000,422.1872603889786,95
2024-09-19 13:13:10.585000,422.0871024260138,11
2024-09-19 13:13:10.632000,422.1237168331255,95
2024-09-19 13:13:10.709000,422.0891947965866,1000
2024-09-19 13:13:10.749000,422.1727009831738,14
2024-09-19 13:13:10.793000,422.0932383464547,1002
2024-09-19 13:13:10.822000,422.0754894797121,100
2024-09-19 13:13:10.839000,422.1770230057673,999
2024-09-19 13:13:10.923000,422.0767844045943,1004
2024-09-19 13:13:10.938000,422.1357130587192,96
2024-09-19 13:13:10.964000,422.0721589218461,7
2024-09-19 13:13:10.985000,422.1317136592049,9
2024-09-19 13:13:11.068000,422.1858740271335,6
2024-09-19 13:13:11.077000,422.22732914485607,7
2024-09-19 13:13:11.080000,422.1866586338165,95
2024-09-19 13:13:11.098000,422.2222810466302,99
2024-09-19 13:13:11.098000,422.2401040143399,5
2024-09-19 13:13:11.189000,422.2171760594594,1005
2024-09-19 13:13:11.231000,422.2065387324185,1005
2024-09-19 13:13:11.558000,422.22363755484656,98
2024-09-19 13:13:11.579000,422.2231314627441,99
2024-09-19 13:13:11.591000,422.17131476957655,995
2024-09-19 13:13:11.597000,422.21642441012057,1001
2024-09-19 13:13:11.681000,422.2243301273505,99
2024-09-19 13:13:11.824000,422.20474782345536,101
2024-09-19 13:13:11.845000,422.2189203681485,8
2024-09-19 13:13:11.865000,422.2264281702391,101
2024-09-19 13:13:11.876000,422.1896332250831,11
2024-09-19 13:13:11.890000,422.24016347017255,1004
2024-09-19 13:13:11.921000,422.2289370691293,1000
2024-09-19 13:13:12.089000,422.23738953731606,1005
2024-09-19 13:13:12.139000,422.21246741420737,14
2024-09-19 13:13:12.152000,422.24679939311056,99
2024-09-19 13:13:12.177000,422.2338550532136,996
2024-09-19 13:13:12.184000,422.1932196045132,6
2024-09-19 13:13:12.195000,422.2568946432409,1002
2024-09-19 13:13:12.217000,422.2339953723216,95
2024-09-19 13:13:12.232000,422.19891926774926,98
2024-09-19 13:13:12.308000,422.257771076799,996
2024-09-19 13:13:12.318000,422.1999123134681,14
2024-09-19 13:13:12.449000,422.20548653419473,97
2024-09-19 13:13:12.468000,422.2088426295897,99
2024-09-19 13:13:12.471000,422.2443388400813,8
2024-09-19 13:13:12.482000,422.1859901379593,15
2024-09-19 13:13:12.533000,422.2505726672873,100
2024-09-19 13:13:12.567000,422.226231478532,6
2024-09-19 13:13:12.644000,422.1813776718798,96
2024-09-19 13:13:12.685000,422.2372667422707,998
2024-09-19 13:13:12.710000,422.22905043121983,1002
2024-09-19 13:13:12.763000,422.2234317612097,97
2024-09-19 13:13:12.808000,422.2393154719047,102
2024-09-19 13:13:12.886000,422.2226617528364,1001
2024-09-19 13:13:12.924000,422.199783661075,103
2024-09-19 13:13:12.933000,422.2129114000171,6
2024-09-19 13:13:13.087000,422.2085264302606,9
2024-09-19 13:13:13.188000,422.2201066760629,1005
2024-09-19 13:13:13.385000,422.2155748138557,6
2024-09-19 13:13:13.898000,422.21041041632606,999
2024-09-19 13:13:14.059000,422.2371857860293,14
2024-09-19 13:13:14.486000,422.2271684125292,100
2024-09-19 13:13:14.708000,422.2390123805367,6
2024-09-19 13:13:14.812000,422.2242702799056,1001
2024-09-19 13:13:15.021000,422.3239144491856,999
2024-09-19 13:13:15.060000,422.2759694517,1005
2024-09-19 13:13:15.086000,422.22430607308206,15
2024-09-19 13:13:15.097000,422.21699460902806,99
2024-09-19 13:13:15.111000,422.22289236476223,97
2024-09-19 13:13:15.151000,422.3032637932749,997
2024-09-19 13:13:15.163000,422.21150172612766,95
2024-09-19 13:13:15.170000,422.2020838693402,96
2024-09-19 13:13:15.369000,422.22671298732257,12
2024-09-19 13:13:15.411000,422.31267332935664,6
2024-09-19 13:13:15.434000,422.226439872482,95
2024-09-19 13:13:15.485000,422.18517985314185,102
2024-09-19 13:13:15.514000,422.23251181348775,104
2024-09-19 13:13:15.532000,422.2314336724104,997
2024-09-19 13:13:15.538000,422.2181399530306,1004
2024-09-19 13:13:15.552000,422.2062370318157,1005
2024-09-19 13:13:15.563000,422.1952944871935,999
2024-09-19 13:13:15.619000,422.2988391315035,7
2024-09-19 13:13:15.827000,422.2420667607724,7
2024-09-19 13:13:15.902000,422.2623165032937,103
2024-09-19 13:13:16.038000,422.3062376977487,102
2024-09-19 13:13:16.086000,422.3346740320709,1003
2024-09-19 13:13:16.192000,422.30200405897466,7
2024-09-19 13:13:16.205000,422.3789614741025,105
2024-09-19 13:13:16.207000,422.31778808850345,105
2024-09-19 13:13:16.229000,422.3595058864127,15
2024-09-19 13:13:16.263000,422.3181311777093,997
2024-09-19 13:13:16.288000,422.3407650208216,1004
2024-09-19 13:13:16.291000,422.3416137128649,1004
2024-09-19 13:13:16.316000,422.3371211034817,97
2024-09-19 13:13:16.386000,422.3936133778685,995
2024-09-19 13:13:16.388000,422.2904694761362,1004
2024-09-19 13:13:16.398000,422.3597980896119,97
2024-09-19 13:13:16.445000,422.40112778021256,995
2024-09-19 13:13:16.502000,422.3854893452597,14
2024-09-19 13:13:16.618000,422.3789524071948,6
2024-09-19 13:13:16.628000,422.3682200149544,98
2024-09-19 13:13:16.682000,422.3801508424683,999
2024-09-19 13:13:16.736000,422.3207295746175,103
2024-09-19 13:13:16.750000,422.3245656722208,8
2024-09-19 13:13:16.775000,422.33351859662986,10
2024-09-19 13:13:16.839000,422.3246624124213,101
2024-09-19 13:13:16.865000,422.36223854451566,997
2024-09-19 13:13:16.880000,422.3906521273111,6
2024-09-19 13:13:16.906000,422.34758174538007,997
2024-09-19 13:13:17.002000,422.4082070608775,12
2024-09-19 13:13:17.077000,422.4392599463195,998
2024-09-19 13:13:17.173000,422.4705248051389,1003
2024-09-19 13:13:17.213000,422.3904444959008,9
2024-09-19 13:13:17.228000,422.434480695915,1002
2024-09-19 13:13:17.246000,422.3815438315385,96
2024-09-19 13:13:17.251000,422.4347552604741,14
2024-09-19 13:13:17.270000,422.5163507258218,97
2024-09-19 13:13:17.324000,422.4392627255233,100
2024-09-19 13:13:17.499000,422.4826394432422,13
2024-09-19 13:13:17.542000,422.5184085259895,12
2024-09-19 13:13:17.547000,422.42192746864936,996
2024-09-19 13:13:17.651000,422.4076933893692,101
2024-09-19 13:13:17.719000,422.3917613042991,104
2024-09-19 13:13:17.744000,422.4836855247761,13
2024-09-19 13:13:17.760000,422.5079192471957,14
2024-09-19 13:13:17.760000,422.4256553764602,97
2024-09-19 13:13:17.816000,422.3983023543867,996
2024-09-19 13:13:17.823000,422.4316303328016,100
2024-09-19 13:13:17.906000,422.414757563859,101
2024-09-19 13:13:17.910000,422.4214852794937,1005
2024-09-19 13:13:17.913000,422.4178316338661,1000
2024-09-19 13:13:17.944000,422.4634364645023,104
2024-09-19 13:13:17.960000,422.3943171287325,15
2024-09-19 13:13:17.982000,422.4954077232992,102
2024-09-19 13:13:18.004000,422.53061623415977,104
2024-09-19 13:13:18.010000,422.5323514256089,5
2024-09-19 13:13:18.062000,422.55156624667416,14
2024-09-19 13:13:18.066000,422.5869567507133,13
2024-09-19 13:13:18.084000,422.5306142808367,14
2024-09-19 13:13:18.123000,422.5623947969249,105
2024-09-19 13:13:18.155000,422.5283539291404,1002
2024-09-19 13:13:18.157000,422.5803021925255,5
2024-09-19 13:13:18.189000,422.5677945610728,11
2024-09-19 13:13:18.211000,422.52864874137714,95
2024-09-19 13:13:18.213000,422.5921303639927,12
2024-09-19 13:13:18.335000,422.576690043089,995
2024-09-19 13:13:18.348000,422.5289785689041,98
2024-09-19 13:13:18.372000,422.5536590849149,13
2024-09-19 13:13:18.474000,422.5864252410785,103
2024-09-19 13:13:18.485000,422.5900135588577,103
2024-09-19 13:13:18.503000,422.57964375428855,5
2024-09-19 13:13:18.607000,422.5741162875983,1004
2024-09-19 13:13:18.626000,422.55093153071806,101
2024-09-19 13:13:18.666000,422.5802307493672,99
2024-09-19 13:13:18.672000,422.5762285358081,8
2024-09-19 13:13:18.916000,422.6115544106426,10
2024-09-19 13:13:18.989000,422.5833764910566,1004
2024-09-19 13:13:19.106000,422.64698894234107,996
2024-09-19 13:13:19.110000,422.6578246640561,7
2024-09-19 13:13:19.145000,422.6978958223396,997
2024-09-19 13:13:19.206000,422.6532520524651,96
2024-09-19 13:13:19.223000,422.6543118473602,10
2024-09-19 13:13:19.281000,422.6274018964744,9
2024-09-19 13:13:19.300000,422.6353138002358,1003
2024-09-19 13:13:19.325000,422.69448764540897,1004
2024-09-19 13:13:19.333000,422.6343351528741,10
2024-09-19 13:13:19.387000,422.6581841704886,13
2024-09-19 13:13:19.458000,422.65998239138366,100
2024-09-19 13:13:19.460000,422.6787428233919,9
2024-09-19 13:13:19.548000,422.651919094058,12
2024-09-19 13:13:19.629000,422.65429603564417,1001
2024-09-19 13:13:19.686000,422.6641624355082,8
2024-09-19 13:13:19.806000,422.684762054508,98
2024-09-19 13:13:19.836000,422.66346707859935,995
2024-09-19 13:13:19.899000,422.6530376945222,101
2024-09-19 13:13:19.966000,422.6439354302302,104
2024-09-19 13:13:19.993000,422.6956088049416,7
2024-09-19 13:13:19.996000,422.6414306726178,1003
2024-09-19 13:13:20.014000,422.66500316400175,9
2024-09-19 13:13:20.115000,422.68188252622247,6
2024-09-19 13:13:20.199000,422.6818439024281,96
2024-09-19 13:13:20.226000,422.663931035842,6
2024-09-19 13:13:20.278000,422.65617522640906,1003
2024-09-19 13:13:20.311000,422.6957233387884,12
2024-09-19 13:13:20.375000,422.69830577750656,1002
2024-09-19 13:13:20.468000,422.65831845121176,96
2024-09-19 13:13:20.520000,422.6713568233596,99
2024-09-19 13:13:20.624000,422.7017658021506,96
2024-09-19 13:13:20.640000,422.6941810176602,104
2024-09-19 13:13:20.675000,422.6944505886149,1004
2024-09-19 13:13:20.689000,422.6647909629757,5
2024-09-19 13:13:20.699000,422.6525278841426,13
2024-09-19 13:13:20.854000,422.6618289652871,5
2024-09-19 13:13:20.882000,422.6760392109876,1004
2024-09-19 13:13:20.953000,422.6815457926717,12
2024-09-19 13:13:20.977000,422.6892493591705,95
2024-09-19 13:13:20.980000,422.6578089451573,998
2024-09-19 13:13:22.003000,422.68977311364296,95
2024-09-19 13:13:22.018000,422.7670474704193,1004
2024-09-19 13:13:22.199000,422.6845543260815,998
2024-09-19 13:13:22.242000,422.7874140899162,6
2024-09-19 13:13:22.270000,422.7906361442016,14
2024-09-19 13:13:22.326000,422.7448998593875,104
2024-09-19 13:13:22.391000,422.80264007696,12
2024-09-19 13:13:22.396000,422.7369983574145,96
2024-09-19 13:13:22.423000,422.7956526349608,997
2024-09-19 13:13:22.467000,422.7375477559476,102
2024-09-19 13:13:22.531000,422.7508239826858,101
2024-09-19 13:13:22.532000,422.750745972928,100
2024-09-19 13:13:22.575000,422.7333043561376,1002
2024-09-19 13:13:22.651000,422.79085235611257,1003
2024-09-19 13:13:22.659000,422.672061024952,1003
2024-09-19 13:13:22.701000,422.7077972793946,101
2024-09-19 13:13:22.728000,422.7972281792924,999
2024-09-19 13:13:22.776000,422.7945581218581,100
2024-09-19 13:13:22.798000,422.7522017691479,1002
2024-09-19 13:13:22.860000,422.7704179788337,1000
2024-09-19 13:13:22.879000,422.7073769504059,103
2024-09-19 13:13:22.936000,422.7539868300614,996
2024-09-19 13:13:22.960000,422.7317350534428,998
2024-09-19 13:13:22.966000,422.78931111466727,15
2024-09-19 13:13:22.985000,422.7044310389469,10
2024-09-19 13:13:23.061000,422.78648233260606,995
2024-09-19 13:13:23.198000,422.7793223000242,998
2024-09-19 13:13:23.402000,422.7830178382778,996
2024-09-19 13:13:23.564000,422.7746326264686,14
2024-09-19 13:13:23.584000,422.7985613944921,1000
2024-09-19 13:13:23.596000,422.8153990928056,995
2024-09-19 13:13:23.689000,422.79245675019934,10
2024-09-19 13:13:23.769000,422.8032957142093,6
2024-09-19 13:13:23.881000,422.7630836225316,104
2024-09-19 13:13:24.091000,422.801001772599,1004
2024-09-19 13:13:24.131000,422.7914225641792,95
2024-09-19 13:13:24.192000,422.7776237121013,1005
2024-09-19 13:13:24.231000,422.7636449131477,15
2024-09-19 13:13:24.233000,422.7869795028691,5
2024-09-19 13:13:24.421000,422.795421752752,15
2024-09-19 13:13:24.792000,422.81030117587846,105
2024-09-19 13:13:24.841000,422.7995340965556,100
2024-09-19 13:13:24.977000,422.77437523679214,995
2024-09-19 13:13:25.072000,422.76271997480967,98
2024-09-19 13:13:25.229000,422.7756565724612,7
2024-09-19 13:13:25.241000,422.8277885693699,7
2024-09-19 13:13:25.242000,422.8234511801663,5
2024-09-19 13:13:25.258000,422.8014713760769,999
2024-09-19 13:13:25.346000,422.7851072054133,103
2024-09-19 13:13:25.347000,422.7883027491938,105
2024-09-19 13:13:25.350000,422.8334321552104,1003
2024-09-19 13:13:25.356000,422.8335444158528,105
2024-09-19 13:13:25.397000,422.8105880855744,10
2024-09-19 13:13:25.450000,422.8083708881434,100
2024-09-19 13:13:25.454000,422.78936329047406,15
2024-09-19 13:13:25.535000,422.79679037065694,98
2024-09-19 13:13:25.540000,422.8029513060279,15
2024-09-19 13:13:25.562000,422.8448324232187,98
2024-09-19 13:13:25.626000,422.7888991872885,14
2024-09-19 13:13:25.635000,422.8274070832824,99
2024-09-19 13:13:25.746000,422.7924309340662,13
2024-09-19 13:13:25.800000,422.7910718552876,105
2024-09-19 13:13:25.832000,422.836004294728,98
2024-09-19 13:13:25.837000,422.81669275898525,103
2024-09-19 13:13:25.856000,422.7836400794575,9
2024-09-19 13:13:25.880000,422.8019512811165,996
2024-09-19 13:13:25.953000,422.8321711399776,100
2024-09-19 13:13:25.974000,422.79240113706936,1001
2024-09-19 13:13:25.998000,422.84335610354816,1000
2024-09-19 13:13:25.998000,422.8497945255775,11
2024-09-19 13:13:26.026000,422.7754174163627,1000
2024-09-19 13:13:26.068000,422.7954555656599,1003
2024-09-19 13:13:26.143000,422.7277365751216,99
2024-09-19 13:13:26.148000,422.7580877504293,995
2024-09-19 13:13:26.237000,422.76364929081535,6
2024-09-19 13:13:26.307000,422.8282789279485,5
2024-09-19 13:13:26.433000,422.7829727234137,105
2024-09-19 13:13:26.437000,422.83444482353184,14
2024-09-19 13:13:26.478000,422.7758373485194,1005
2024-09-19 13:13:26.490000,422.7768162984462,103
2024-09-19 13:13:26.514000,422.8151789526698,1005
2024-09-19 13:13:26.529000,422.7786301172713,95
2024-09-19 13:13:26.608000,422.7721597919752,102
2024-09-19 13:13:26.666000,422.7798629097995,1005
2024-09-19 13:13:26.667000,422.7678705315744,98
2024-09-19 13:13:26.688000,422.80310802403807,13
2024-09-19 13:13:26.833000,422.75098636151546,1001
2024-09-19 13:13:26.834000,422.7898571932169,995
2024-09-19 13:13:26.844000,422.8315450706178,7
2024-09-19 13:13:26.873000,422.84847556068354,5
2024-09-19 13:13:26.874000,422.77822346277935,9
2024-09-19 13:13:26.881000,422.77914266233967,1000
2024-09-19 13:13:26.939000,422.73036420633656,12
2024-09-19 13:13:26.998000,422.8422734666089,102
2024-09-19 13:13:27.004000,422.8256056259015,101
2024-09-19 13:13:27.114000,422.8317992413615,96
2024-09-19 13:13:27.148000,422.8243719339407,98
2024-09-19 13:13:27.149000,422.8026742621084,1003
2024-09-19 13:13:27.227000,422.8205466104983,998
2024-09-19 13:13:27.273000,422.8532401347293,97
2024-09-19 13:13:27.281000,422.80658851527807,1002
2024-09-19 13:13:27.296000,422.8644762094941,998
2024-09-19 13:13:27.312000,422.80546299249767,1001
2024-09-19 13:13:27.369000,422.8306407657487,1003
2024-09-19 13:13:27.463000,422.82909311650974,8
2024-09-19 13:13:27.472000,422.8351044396265,96
2024-09-19 13:13:27.476000,422.80958109844937,10
2024-09-19 13:13:27.480000,422.8325886108001,1005
2024-09-19 13:13:27.579000,422.8463624831469,95
2024-09-19 13:13:27.604000,422.8132662562024,104
2024-09-19 13:13:27.692000,422.8195601660686,100
2024-09-19 13:13:27.749000,422.84682579334606,1005
2024-09-19 13:13:27.833000,422.85064661059147,100
2024-09-19 13:13:27.903000,422.8371863708903,101
2024-09-19 13:13:27.972000,422.78992721475504,997
2024-09-19 13:13:28.480000,422.8733507942505,97
2024-09-19 13:13:28.563000,422.8674503033947,15
2024-09-19 13:13:29.032000,422.8729245261798,100
2024-09-19 13:13:29.039000,422.9277637359836,9
2024-09-19 13:13:29.059000,422.9268762040419,102
2024-09-19 13:13:29.062000,422.87673076207744,997
2024-09-19 13:13:29.066000,422.8657684337295,100
2024-09-19 13:13:29.115000,422.9526374299611,100
2024-09-19 13:13:29.187000,422.8554048632696,1000
2024-09-19 13:13:29.235000,422.99357173636326,1003
2024-09-19 13:13:29.279000,422.9266931688099,11
2024-09-19 13:13:29.434000,422.90204052335065,13
2024-09-19 13:13:29.437000,422.9027962983352,14
2024-09-19 13:13:29.541000,423.001890694955,1001
2024-09-19 13:13:29.556000,422.87576126833903,12
2024-09-19 13:13:29.571000,422.98413539722605,10
2024-09-19 13:13:29.581000,422.9102498621702,97
2024-09-19 13:13:29.593000,422.9723407651695,101
2024-09-19 13:13:29.604000,422.8669706578304,1003
2024-09-19 13:13:29.632000,422.877550040437,7
2024-09-19 13:13:29.652000,422.93006097310166,103
2024-09-19 13:13:29.710000,422.9052980258514,14
2024-09-19 13:13:29.721000,422.91687876267366,13
2024-09-19 13:13:29.807000,422.92643345128255,11
2024-09-19 13:13:29.866000,423.0164863186745,96
2024-09-19 13:13:29.945000,422.9335075756922,5
2024-09-19 13:13:29.957000,422.86295219409953,99
2024-09-19 13:13:29.985000,422.93206882192993,100
2024-09-19 13:13:30.082000,423.0134945678299,96
2024-09-19 13:13:30.138000,423.0158962148189,998
2024-09-19 13:13:30.395000,423.0128636151664,104
2024-09-19 13:13:30.445000,423.0242281428834,1002
2024-09-19 13:13:30.449000,423.01421324001967,1000
2024-09-19 13:13:30.724000,423.0074125999886,5
2024-09-19 13:13:30.737000,423.0140246531192,10
2024-09-19 13:13:30.784000,423.0223953607408,8
2024-09-19 13:13:30.819000,423.0242951632415,996
2024-09-19 13:13:30.852000,423.0251332624903,995
2024-09-19 13:13:30.862000,423.0185366793515,104
2024-09-19 13:13:31.036000,423.1020139516171,1001
2024-09-19 13:13:31.059000,423.07894900316353,997
2024-09-19 13:13:31.075000,423.0327868841457,10
2024-09-19 13:13:31.108000,423.0428789413404,97
2024-09-19 13:13:31.125000,423.0577123673856,99
2024-09-19 13:13:31.201000,423.1159844086613,998
2024-09-19 13:13:31.221000,423.0995462211536,13
2024-09-19 13:13:31.320000,423.048623531737,11
2024-09-19 13:13:31.339000,423.0421730544274,13
2024-09-19 13:13:31.343000,423.0867304339132,11
2024-09-19 13:13:31.361000,423.0829649752606,104
2024-09-19 13:13:31.361000,423.087525837012,1001
2024-09-19 13:13:31.414000,423.0844097506051,98
2024-09-19 13:13:31.525000,423.0422564983592,99
2024-09-19 13:13:31.535000,423.0802843389952,105
2024-09-19 13:13:31.540000,423.0183070780348,100
2024-09-19 13:13:31.584000,423.0479107297543,995
2024-09-19 13:13:31.680000,423.1029426435511,998
2024-09-19 13:13:31.703000,423.10489462027743,5
2024-09-19 13:13:31.709000,423.0455941700536,7
2024-09-19 13:13:31.712000,423.096516084041,997
2024-09-19 13:13:31.729000,423.0453243056981,1004
2024-09-19 13:13:31.905000,423.0792043801604,9
2024-09-19 13:13:31.936000,423.0430335655761,97
2024-09-19 13:13:32.007000,423.0308267326577,1000
2024-09-19 13:13:32.021000,423.0443009544592,104
2024-09-19 13:13:32.070000,423.0890770426496,101
2024-09-19 13:13:32.086000,423.09253558349457,6
2024-09-19 13:13:32.108000,423.09904872857686,12
2024-09-19 13:13:32.145000,423.0735801371644,96
2024-09-19 13:13:32.153000,423.0448206874475,98
2024-09-19 13:13:32.169000,423.0679830593958,8
2024-09-19 13:13:32.234000,423.1027210366202,100
2024-09-19 13:13:32.275000,423.091016494326,5
2024-09-19 13:13:32.297000,423.0630666551485,9
2024-09-19 13:13:32.340000,423.0985941018775,105
2024-09-19 13:13:32.354000,423.0490079968137,103
2024-09-19 13:13:32.382000,423.0401932253474,11
2024-09-19 13:13:32.409000,423.0761640119271,95
2024-09-19 13:13:32.430000,423.0640528252846,997
2024-09-19 13:13:32.452000,423.0672120894519,95
2024-09-19 13:13:32.492000,423.1055703730958,95
2024-09-19 13:13:32.504000,423.0625592013696,14
2024-09-19 13:13:32.526000,423.0570117562655,998
2024-09-19 13:13:32.610000,423.0539553847755,11
2024-09-19 13:13:32.620000,423.09658013865976,103
2024-09-19 13:13:32.659000,423.1005363985512,1001
2024-09-19 13:13:32.740000,423.0428670922104,6
2024-09-19 13:13:32.811000,423.1010154381219,7
2024-09-19 13:13:32.816000,423.091356476842,998
2024-09-19 13:13:32.832000,423.0760554615392,997
2024-09-19 13:13:32.861000,423.0993221386666,101
2024-09-19 13:13:32.953000,423.0547651854659,998
2024-09-19 13:13:32.979000,423.0346972178441,95
2024-09-19 13:13:33.036000,423.0720035556007,99
2024-09-19 13:13:33.091000,423.0673840927018,999
2024-09-19 13:13:33.300000,423.0500398048069,1002
2024-09-19 13:13:33.305000,423.053867567438,9
2024-09-19 13:13:33.387000,423.08563256305376,9
2024-09-19 13:13:33.408000,423.0484259889407,1000
2024-09-19 13:13:33.417000,423.0871168229957,995
2024-09-19 13:13:33.439000,423.05890991613546,1000
2024-09-19 13:13:33.628000,423.0584626604672,1002
2024-09-19 13:13:33.714000,423.0665577540045,99
2024-09-19 13:13:33.908000,423.0981963146906,100
2024-09-19 13:13:34.151000,423.0711348278368,999
2024-09-19 13:13:34.281000,423.06256404777446,15
2024-09-19 13:13:34.357000,423.0640742062344,1003
2024-09-19 13:13:34.400000,423.0610995927169,101
2024-09-19 13:13:34.499000,423.0589884477178,103
2024-09-19 13:13:34.899000,423.0475187255276,11
2024-09-19 13:13:35.115000,423.0815596416191,998
2024-09-19 13:13:35.117000,423.0962636162808,98
2024-09-19 13:13:35.123000,423.0864544732769,5
2024-09-19 13:13:35.270000,423.0910540522977,995
2024-09-19 13:13:35.282000,423.0828786102143,995
2024-09-19 13:13:35.328000,423.06639388440016,7
2024-09-19 13:13:35.346000,423.03658332803855,1001
2024-09-19 13:13:35.488000,423.02822079793066,12
2024-09-19 13:13:35.489000,423.0514371087917,996
2024-09-19 13:13:35.639000,423.0854530524961,99
2024-09-19 13:13:35.661000,423.023834849028,6
2024-09-19 13:13:35.685000,423.0844934697156,995
2024-09-19 13:13:35.857000,423.07129186133415,5
2024-09-19 13:13:35.882000,423.0853977827868,13
2024-09-19 13:13:35.920000,423.04498009359537,11
2024-09-19 13:13:36.004000,423.0252287158833,105
2024-09-19 13:13:36.189000,423.0587195050661,99
2024-09-19 13:13:36.211000,423.0453816836611,14
2024-09-19 13:13:36.234000,423.039971380116,100
2024-09-19 13:13:36.259000,423.0781645308086,10
2024-09-19 13:13:36.272000,423.0552479039831,9
2024-09-19 13:13:36.402000,423.0448445689045,1002
2024-09-19 13:13:36.424000,423.03145407226594,7
2024-09-19 13:13:36.513000,423.063269858567,999
2024-09-19 13:13:36.634000,423.058611095596,10
2024-09-19 13:13:36.676000,423.0639676709048,1001
2024-09-19 13:13:36.686000,423.05460994824455,1000
2024-09-19 13:13:36.716000,423.052432912006,6
2024-09-19 13:13:36.725000,423.0553773935118,15
2024-09-19 13:13:36.839000,423.02546782182094,101
2024-09-19 13:13:36.844000,423.0639670427156,999
2024-09-19 13:13:36.846000,423.03496136090376,14
2024-09-19 13:13:36.898000,423.0544940513734,998
2024-09-19 13:13:36.972000,423.0742098671757,997
2024-09-19 13:13:37.106000,423.10592270516497,105
2024-09-19 13:13:37.189000,423.07030110612624,9
2024-09-19 13:13:37.226000,423.0910715799,103
2024-09-19 13:13:37.251000,423.0421489963451,95
2024-09-19 13:13:37.276000,423.04839976675487,995
2024-09-19 13:13:37.302000,423.0838817130392,1003
2024-09-19 13:13:37.329000,423.0802406605408,103
2024-09-19 13:13:37.397000,423.0897614029909,12
2024-09-19 13:13:37.443000,423.09683697065606,5
2024-09-19 13:13:37.480000,423.0601157166253,14
2024-09-19 13:13:37.508000,423.07490984743725,11
2024-09-19 13:13:37.523000,423.074517473871,13
2024-09-19 13:13:37.529000,423.0986426719524,6
2024-09-19 13:13:37.530000,423.0656497740353,998
2024-09-19 13:13:37.609000,423.0843147095525,7
2024-09-19 13:13:37.623000,423.05570327485736,11
2024-09-19 13:13:37.626000,423.0815418454007,7
2024-09-19 13:13:37.631000,423.05998110920274,98
2024-09-19 13:13:37.681000,423.0817491602402,1000
2024-09-19 13:13:37.691000,423.0832985029572,14
2024-09-19 13:13:37.707000,423.07804441147766,8
2024-09-19 13:13:37.754000,423.0847678967227,100
2024-09-19 13:13:37.778000,423.0860636224163,996
2024-09-19 13:13:37.797000,423.0895203889,104
2024-09-19 13:13:37.832000,423.0723102082035,1001
2024-09-19 13:13:37.918000,423.0893674179167,11
2024-09-19 13:13:37.953000,423.076672983355,97
2024-09-19 13:13:37.980000,423.104896039747,102
2024-09-19 13:13:38.665000,423.0739629392724,95
2024-09-19 13:13:38.926000,423.08390388190566,9
2024-09-19 13:13:39.072000,423.09981747687647,10
2024-09-19 13:13:39.114000,423.0876902645796,1000
2024-09-19 13:13:39.137000,423.17801671107424,9
2024-09-19 13:13:39.219000,423.17415430888985,10
2024-09-19 13:13:39.219000,423.09616350338376,10
2024-09-19 13:13:39.242000,423.09272175527,6
2024-09-19 13:13:39.278000,423.1722369898952,5
2024-09-19 13:13:39.287000,423.07964243986726,103
2024-09-19 13:13:39.301000,423.1759546781267,98
2024-09-19 13:13:39.315000,423.06235406578674,15
2024-09-19 13:13:39.323000,423.0711531127892,97
2024-09-19 13:13:39.350000,423.0745309560752,9
2024-09-19 13:13:39.402000,423.1491212586392,5
2024-09-19 13:13:39.563000,423.1689191573697,1002
2024-09-19 13:13:39.588000,423.1611456224708,101
2024-09-19 13:13:39.596000,423.1747358612493,14
2024-09-19 13:13:39.634000,423.1710016943034,14
2024-09-19 13:13:39.654000,423.1530515032093,996
2024-09-19 13:13:39.674000,423.0807799481989,1001
2024-09-19 13:13:39.696000,423.1696163594192,999
2024-09-19 13:13:39.724000,423.0770115470589,12
2024-09-19 13:13:39.798000,423.1634265224185,100
2024-09-19 13:13:39.800000,423.0907266937722,998
2024-09-19 13:13:39.828000,423.17005741105385,1002
2024-09-19 13:13:39.875000,423.11744196608186,101
2024-09-19 13:13:39.876000,423.1592730514338,8
2024-09-19 13:13:39.969000,423.16361373372354,102
2024-09-19 13:13:40.137000,423.1821925065883,8
2024-09-19 13:13:40.340000,423.18311616450177,12
2024-09-19 13:13:40.359000,423.1885084126183,6
2024-09-19 13:13:40.408000,423.18368278378114,1001
2024-09-19 13:13:40.412000,423.16492570605567,99
2024-09-19 13:13:40.447000,423.1676431953917,1000
2024-09-19 13:13:41.003000,423.19443806621166,1005
2024-09-19 13:13:41.086000,423.23319009994975,12
2024-09-19 13:13:41.104000,423.1927822551197,13
2024-09-19 13:13:41.156000,423.2048995204866,8
2024-09-19 13:13:41.206000,423.2361071100621,14
2024-09-19 13:13:41.238000,423.2446455066394,104
2024-09-19 13:13:41.264000,423.2141931540335,1003
2024-09-19 13:13:41.331000,423.19816798517934,101
2024-09-19 13:13:41.491000,423.2153685848074,97
2024-09-19 13:13:41.517000,423.18454000019193,10
2024-09-19 13:13:41.546000,423.1909584750816,1004
2024-09-19 13:13:41.560000,423.2338953710711,1003
2024-09-19 13:13:41.586000,423.2436230473907,998
2024-09-19 13:13:41.610000,423.2124387017608,95
2024-09-19 13:13:41.612000,423.1978942506088,97
2024-09-19 13:13:41.652000,423.1968662465381,1005
2024-09-19 13:13:41.681000,423.2467417204636,999
2024-09-19 13:13:41.715000,423.2473546326231,98
2024-09-19 13:13:41.728000,423.236693469625,96
2024-09-19 13:13:41.939000,423.24506905371743,999
2024-09-19 13:13:41.970000,423.2174680466346,104
2024-09-19 13:13:42.047000,423.1887793282796,5
2024-09-19 13:13:42.190000,423.16549156181344,101
2024-09-19 13:13:42.281000,423.19739793160346,9
2024-09-19 13:13:42.367000,423.20962257664894,1005
2024-09-19 13:13:42.401000,423.1704943033682,10
2024-09-19 13:13:42.474000,423.174422499212,11
2024-09-19 13:13:42.603000,423.182416503279,103
2024-09-19 13:13:42.674000,423.17383781330057,15
2024-09-19 13:13:42.679000,423.1729825824221,6
2024-09-19 13:13:42.687000,423.1731245720328,102
2024-09-19 13:13:42.707000,423.2117135179431,11
2024-09-19 13:13:42.901000,423.1515092155162,8
2024-09-19 13:13:43.058000,423.2390836582762,10
2024-09-19 13:13:43.058000,423.215595226282,11
2024-09-19 13:13:43.084000,423.228522433306,995
2024-09-19 13:13:43.088000,423.2588144640658,15
2024-09-19 13:13:43.091000,423.2563332879582,13
2024-09-19 13:13:43.103000,423.2351891572869,6
2024-09-19 13:13:43.185000,423.1862680162963,1005
2024-09-19 13:13:43.252000,423.2403936764206,1003
2024-09-19 13:13:43.294000,423.21385750223465,7
2024-09-19 13:13:43.300000,423.1973855976642,996
2024-09-19 13:13:43.399000,423.264983150131,1001
2024-09-19 13:13:43.419000,423.2067013946181,6
2024-09-19 13:13:43.454000,423.2080481761182,997
2024-09-19 13:13:43.550000,423.2540231340527,1004
2024-09-19 13:13:43.617000,423.2215391222311,15
2024-09-19 13:13:43.631000,423.25180756846464,996
2024-09-19 13:13:43.684000,423.21511062340375,1000
2024-09-19 13:13:43.714000,423.2206404471959,101
2024-09-19 13:13:43.797000,423.2650010835058,13
2024-09-19 13:13:43.806000,423.2518405729528,103
2024-09-19 13:13:43.901000,423.20689146000194,1002
2024-09-19 13:13:43.909000,423.24055890945175,103
2024-09-19 13:13:43.923000,423.2093819024928,9
2024-09-19 13:13:43.974000,423.2514626063365,1003
2024-09-19 13:13:43.996000,423.21797399065775,997
2024-09-19 13:13:44.352000,423.2557998101649,11
2024-09-19 13:13:44.538000,423.2518027876253,995
2024-09-19 13:13:44.869000,423.253198924721,99
2024-09-19 13:13:45.006000,423.1976490665587,996
2024-09-19 13:13:45.082000,423.19501543921086,995
2024-09-19 13:13:45.116000,423.191057499802,8
2024-09-19 13:13:45.128000,423.1935316311004,14
2024-09-19 13:13:45.154000,423.2473583574953,97
2024-09-19 13:13:45.159000,423.1777254731906,97
2024-09-19 13:13:45.239000,423.2364889933484,101
2024-09-19 13:13:45.250000,423.18853610291154,1000
2024-09-19 13:13:45.328000,423.24610676993046,999
2024-09-19 13:13:45.356000,423.2444616256077,1000
2024-09-19 13:13:45.360000,423.26219358615344,9
2024-09-19 13:13:45.363000,423.2417467811434,1000
2024-09-19 13:13:45.470000,423.18906328230287,1004
2024-09-19 13:13:45.509000,423.2312370765613,101
2024-09-19 13:13:45.510000,423.1992554941425,12
2024-09-19 13:13:45.524000,423.2306748723539,10
2024-09-19 13:13:45.525000,423.25646515050886,1004
2024-09-19 13:13:45.655000,423.1536321622143,103
2024-09-19 13:13:45.723000,423.2378947720627,12
2024-09-19 13:13:45.733000,423.1793769174116,14
2024-09-19 13:13:45.743000,423.1823210467176,95
2024-09-19 13:13:45.826000,423.2519824560104,996
2024-09-19 13:13:45.905000,423.229989871307,96
2024-09-19 13:13:45.916000,423.21269185431953,11
2024-09-19 13:13:45.935000,423.23654366132615,100
2024-09-19 13:13:45.958000,423.2060790751851,7
2024-09-19 13:13:45.962000,423.2037141705465,1002
2024-09-19 13:13:46.022000,423.1528518577734,100
2024-09-19 13:13:46.371000,423.1518285822504,6
2024-09-19 13:13:46.398000,423.1568252293646,9
2024-09-19 13:13:46.487000,423.1718497371969,98
2024-09-19 13:13:46.518000,423.1703490114909,8
2024-09-19 13:13:46.612000,423.1470695141823,1004
2024-09-19 13:13:46.689000,423.14316930403584,13
2024-09-19 13:13:46.921000,423.162487978256,103
2024-09-19 13:13:46.969000,423.1307556468076,1004
2024-09-19 13:13:47.019000,423.1551706112915,15
2024-09-19 13:13:47.045000,423.1074350733129,95
2024-09-19 13:13:47.096000,423.11811166082975,99
2024-09-19 13:13:47.126000,423.1331106143924,10
2024-09-19 13:13:47.138000,423.1248943018014,100
2024-09-19 13:13:47.305000,423.117957935313,95
2024-09-19 13:13:47.308000,423.13341379098347,95
2024-09-19 13:13:47.331000,423.1614842570695,995
2024-09-19 13:13:47.398000,423.13546064958,95
2024-09-19 13:13:47.419000,423.1197627444043,6
2024-09-19 13:13:47.425000,423.0946743699294,105
2024-09-19 13:13:47.583000,423.1355386531503,13
2024-09-19 13:13:47.586000,423.11168730504033,995
2024-09-19 13:13:47.640000,423.1051201123396,14
2024-09-19 13:13:47.832000,423.1393423265098,11
2024-09-19 13:13:47.861000,423.1174512228546,10
2024-09-19 13:13:47.890000,423.1110054999369,996
2024-09-19 13:13:47.905000,423.1446077681151,102
2024-09-19 13:13:47.910000,423.1241501918098,11
2024-09-19 13:13:47.943000,423.170454203458,995
2024-09-19 13:13:47.995000,423.17495300965487,104
2024-09-19 13:13:47.997000,423.12010119244667,1002
2024-09-19 13:13:48.108000,423.1660165061522,1002
2024-09-19 13:13:49.036000,423.1162807313043,10
2024-09-19 13:13:49.075000,423.15460894488393,999
2024-09-19 13:13:49.106000,423.13316416849904,101
2024-09-19 13:13:49.199000,423.14571508039455,10
2024-09-19 13:13:49.229000,423.1462767276628,997
2024-09-19 13:13:49.312000,423.1528779612079,105
2024-09-19 13:13:49.375000,423.145714735165,100
2024-09-19 13:13:49.393000,423.1162179783532,96
2024-09-19 13:13:49.429000,423.1592538430924,1005
2024-09-19 13:13:49.439000,423.14163196436766,1004
2024-09-19 13:13:49.446000,423.1482612396936,105
2024-09-19 13:13:49.524000,423.1452899386,97
2024-09-19 13:13:49.530000,423.1334819317963,6
2024-09-19 13:13:49.593000,423.1613735750343,95
2024-09-19 13:13:49.708000,423.1453724692032,105
2024-09-19 13:13:49.716000,423.10669584033633,103
2024-09-19 13:13:49.741000,423.1166793000398,104
2024-09-19 13:13:49.777000,423.1384928952321,1000
2024-09-19 13:13:49.778000,423.1593848088406,999
2024-09-19 13:13:49.882000,423.1422032096921,1001
2024-09-19 13:13:49.949000,423.1540862314943,98
2024-09-19 13:13:50.022000,423.11409839552186,98
2024-09-19 13:13:50.062000,423.1588627673596,1003
2024-09-19 13:13:50.191000,423.1009214423421,95
2024-09-19 13:13:50.225000,423.1400625149196,6
2024-09-19 13:13:50.225000,423.1381315896279,103
2024-09-19 13:13:50.322000,423.1631395751455,14
2024-09-19 13:13:50.405000,423.1532873031597,1004
2024-09-19 13:13:50.419000,423.1729212803399,96
2024-09-19 13:13:50.483000,423.16772519873336,96
2024-09-19 13:13:50.543000,423.1728705083527,1005
2024-09-19 13:13:50.581000,423.15425033254,995
2024-09-19 13:13:50.705000,423.1271483211329,1004
2024-09-19 13:13:50.778000,423.15900237566507,6
2024-09-19 13:13:50.786000,423.1291979898901,1000
2024-09-19 13:13:50.923000,423.1712370861128,14
2024-09-19 13:13:51.460000,423.1279387779681,15
2024-09-19 13:13:51.842000,423.10338631956336,1004
2024-09-19 13:13:52,423.1190659270251,995
2024-09-19 13:13:52.085000,423.1284766927144,10
2024-09-19 13:13:52.139000,423.0852003359082,1004
2024-09-19 13:13:52.183000,423.0904584794848,1002
2024-09-19 13:13:52.227000,423.11280909124247,999
2024-09-19 13:13:52.375000,423.0905590239906,1001
2024-09-19 13:13:52.535000,423.1150284118383,1001
2024-09-19 13:13:52.536000,423.10698841619455,104
2024-09-19 13:13:52.703000,423.10235633399583,1002
2024-09-19 13:13:52.771000,423.11972367008826,102
2024-09-19 13:13:52.801000,423.08403270253575,96
2024-09-19 13:13:52.820000,423.083965858465,96
2024-09-19 13:13:52.866000,423.12090522566285,14
2024-09-19 13:13:52.980000,423.1094902493529,7
2024-09-19 13:13:53.046000,423.0961780933417,12
2024-09-19 13:13:53.112000,423.0838465167795,96
2024-09-19 13:13:53.430000,423.112209269164,97
2024-09-19 13:13:53.508000,423.1142055360394,1001
2024-09-19 13:13:53.611000,423.0999087960673,5
2024-09-19 13:13:53.824000,423.0958831116759,1005
2024-09-19 13:13:53.964000,423.1060511096713,6
2024-09-19 13:13:54.070000,423.0296094227605,13
2024-09-19 13:13:54.113000,422.967499727251,998
2024-09-19 13:13:54.363000,422.9780008070986,100
2024-09-19 13:13:54.409000,423.002836438741,999
2024-09-19 13:13:54.437000,423.0484322591171,1002
2024-09-19 13:13:54.607000,422.9676171364177,100
2024-09-19 13:13:54.745000,423.0766314633999,9
2024-09-19 13:13:54.785000,423.0749583987171,1003
2024-09-19 13:13:54.836000,423.0216274805396,12
2024-09-19 13:13:54.853000,423.0721882588526,6
2024-09-19 13:13:54.892000,422.9579852333626,997
2024-09-19 13:13:54.986000,423.0178457147016,11
2024-09-19 13:13:54.990000,423.0800406268282,1002
2024-09-19 13:13:55.010000,422.97809884934674,10
2024-09-19 13:13:55.319000,422.9877104563303,100
2024-09-19 13:13:55.422000,422.9834620118175,97
2024-09-19 13:13:55.514000,422.9769184359459,14
2024-09-19 13:13:55.618000,422.9719900483743,100
2024-09-19 13:13:55.638000,422.9853987017415,995
2024-09-19 13:13:55.639000,423.011356160001,103
2024-09-19 13:13:55.700000,422.991794805034,14
2024-09-19 13:13:55.777000,422.99049550710646,102
2024-09-19 13:13:55.821000,422.9937073522236,103
2024-09-19 13:13:56.025000,423.00533547112656,99
2024-09-19 13:13:56.057000,423.00176483409393,1002
2024-09-19 13:13:56.058000,423.0382852064624,999
2024-09-19 13:13:56.117000,423.0073576210567,6
2024-09-19 13:13:56.187000,423.0897344786146,9
2024-09-19 13:13:56.260000,423.0685098095447,12
2024-09-19 13:13:56.432000,423.0251644971044,9
2024-09-19 13:13:56.464000,422.9980210128755,11
2024-09-19 13:13:56.485000,423.0088799172884,97
2024-09-19 13:13:56.567000,423.0168380763989,999
2024-09-19 13:13:56.581000,423.0342309520868,998
2024-09-19 13:13:56.582000,423.0694007870469,97
2024-09-19 13:13:56.603000,423.057899801028,99
2024-09-19 13:13:56.656000,423.0833999084234,11
2024-09-19 13:13:56.746000,423.04559593397727,97
2024-09-19 13:13:56.759000,423.0111784232,5
2024-09-19 13:13:56.774000,422.9784045843871,11
2024-09-19 13:13:56.798000,423.06886018701175,10
2024-09-19 13:13:56.800000,423.03307993747615,1003
2024-09-19 13:13:56.850000,423.0746080217035,997
2024-09-19 13:13:56.894000,422.9914396898393,1003
2024-09-19 13:13:56.958000,423.05874681749947,998
2024-09-19 13:13:56.983000,423.11274955216,996
2024-09-19 13:13:57.073000,423.0993400195981,1003
2024-09-19 13:13:57.208000,423.11030569087205,9
2024-09-19 13:13:57.512000,423.0849192722238,1000
2024-09-19 13:13:57.544000,423.1160773290008,10
2024-09-19 13:13:57.721000,423.11259572506106,996
2024-09-19 13:13:57.732000,423.08953647301263,1004
2024-09-19 13:13:57.738000,423.06333892269777,8
2024-09-19 13:13:57.797000,423.10060528284447,995
2024-09-19 13:13:57.809000,423.0952673052705,999
2024-09-19 13:13:57.986000,423.10439202230657,6
2024-09-19 13:13:58.088000,423.1213217520956,14
2024-09-19 13:13:58.109000,423.1162279193062,1005
2024-09-19 13:13:58.131000,423.1096743717076,1002
2024-09-19 13:13:58.136000,423.1150019984435,12
2024-09-19 13:13:58.254000,423.13099932799554,101
2024-09-19 13:13:58.371000,423.1249218625903,15
2024-09-19 13:13:58.475000,423.1150804215124,7
2024-09-19 13:13:58.608000,423.12606958469337,14
2024-09-19 13:13:58.774000,423.1241631151284,15
2024-09-19 13:13:58.885000,423.11020776791054,999
