Timestamp,Price,Size
2024-09-18 13:59:00.032000,414.1934352447957,11
2024-09-18 13:59:00.144000,414.2153997405476,5
2024-09-18 13:59:00.252000,414.2320222655373,14
2024-09-18 13:59:00.376000,414.1829325419582,998
2024-09-18 13:59:00.528000,414.2044391682791,11
2024-09-18 13:59:00.550000,414.1969536627399,12
2024-09-18 13:59:00.871000,414.2141593372999,96
2024-09-18 13:59:00.927000,414.1947726498382,995
2024-09-18 13:59:00.965000,414.1930864854446,11
2024-09-18 13:59:00.968000,414.1877384898793,1004
2024-09-18 13:59:01.033000,414.10266706536765,1003
2024-09-18 13:59:01.065000,414.04823708446185,15
2024-09-18 13:59:01.109000,414.11863278572207,12
2024-09-18 13:59:01.134000,414.109674455656,15
2024-09-18 13:59:01.191000,414.0815158739863,1003
2024-09-18 13:59:01.234000,414.1751164063781,103
2024-09-18 13:59:01.257000,414.1727870800105,1001
2024-09-18 13:59:01.268000,414.1090454374816,1005
2024-09-18 13:59:01.425000,414.17832241091065,15
2024-09-18 13:59:01.437000,414.09694153542,998
2024-09-18 13:59:01.449000,414.1457628239267,101
2024-09-18 13:59:01.465000,414.1093233786546,103
2024-09-18 13:59:01.485000,414.1197763138412,11
2024-09-18 13:59:01.502000,414.10598992232536,98
2024-09-18 13:59:01.528000,414.0415334461004,14
2024-09-18 13:59:01.580000,414.17787107094,104
2024-09-18 13:59:01.583000,414.1657852162791,1000
2024-09-18 13:59:01.598000,414.111599135618,999
2024-09-18 13:59:01.626000,414.0836243845959,7
2024-09-18 13:59:01.637000,414.0438937433401,7
2024-09-18 13:59:01.657000,414.0433294431859,997
2024-09-18 13:59:01.786000,414.1975560692685,1003
2024-09-18 13:59:01.893000,414.052730769625,996
2024-09-18 13:59:02.101000,414.06723893269856,104
2024-09-18 13:59:02.149000,414.0586409146289,1000
2024-09-18 13:59:02.167000,414.0858420532029,14
2024-09-18 13:59:02.176000,414.0635202770966,8
2024-09-18 13:59:02.259000,414.0378517965056,104
2024-09-18 13:59:02.281000,414.0638460070112,14
2024-09-18 13:59:02.433000,414.0555447952038,95
2024-09-18 13:59:02.433000,414.0598848998891,9
2024-09-18 13:59:02.605000,414.0626532997142,15
2024-09-18 13:59:02.807000,414.0925786331861,10
2024-09-18 13:59:02.815000,414.0888771563749,1002
2024-09-18 13:59:02.850000,414.0445448374305,995
2024-09-18 13:59:02.857000,414.0467041327744,999
2024-09-18 13:59:02.947000,414.0348038661192,1002
2024-09-18 13:59:02.957000,414.064659051093,102
2024-09-18 13:59:02.979000,414.0589542349068,15
2024-09-18 13:59:03.098000,414.044520737487,12
2024-09-18 13:59:03.202000,414.0476810039235,100
2024-09-18 13:59:03.273000,414.07628931311865,101
2024-09-18 13:59:03.284000,414.04004182594457,102
2024-09-18 13:59:03.291000,414.06150802561496,1002
2024-09-18 13:59:03.335000,414.0195989112835,1003
2024-09-18 13:59:03.348000,414.06623467217526,1005
2024-09-18 13:59:03.403000,414.0555778088628,97
2024-09-18 13:59:03.423000,414.066757811694,14
2024-09-18 13:59:03.478000,414.0485390468404,5
2024-09-18 13:59:03.494000,414.0705312345552,11
2024-09-18 13:59:03.523000,414.0598782788593,99
2024-09-18 13:59:03.612000,414.0789344411404,1004
2024-09-18 13:59:03.663000,414.03267930673377,997
2024-09-18 13:59:03.707000,414.0637211726624,1001
2024-09-18 13:59:03.749000,414.03796936137365,15
2024-09-18 13:59:03.837000,414.04862097083753,1000
2024-09-18 13:59:03.909000,414.0396716915127,100
2024-09-18 13:59:03.955000,414.03264267052543,1003
2024-09-18 13:59:04.077000,414.0803899786441,7
2024-09-18 13:59:04.143000,414.0974125555082,8
2024-09-18 13:59:04.213000,414.1038071415195,102
2024-09-18 13:59:04.268000,414.0962702280075,95
2024-09-18 13:59:04.551000,414.0385051911657,998
2024-09-18 13:59:04.552000,414.1059982589279,1003
2024-09-18 13:59:04.647000,414.05609689438353,8
2024-09-18 13:59:04.762000,414.0929538278793,14
2024-09-18 13:59:04.777000,414.10076282338633,11
2024-09-18 13:59:04.831000,414.0362638708232,1004
2024-09-18 13:59:04.888000,414.1205755406637,15
2024-09-18 13:59:04.898000,414.0435448575038,99
2024-09-18 13:59:04.912000,414.1029426530073,5
2024-09-18 13:59:05.033000,414.1070996093449,1000
2024-09-18 13:59:05.080000,414.0212233752013,9
2024-09-18 13:59:05.117000,414.0634934028016,104
2024-09-18 13:59:05.160000,414.00162004932463,998
2024-09-18 13:59:05.180000,414.014565848616,7
2024-09-18 13:59:05.190000,414.102110000423,1002
2024-09-18 13:59:05.218000,414.0855053769454,97
2024-09-18 13:59:05.308000,414.0072842966717,100
2024-09-18 13:59:05.314000,414.0316956969406,13
2024-09-18 13:59:05.315000,414.0871511518028,999
2024-09-18 13:59:05.416000,414.0448266078185,98
2024-09-18 13:59:05.469000,413.98166344812273,8
2024-09-18 13:59:05.474000,414.03018627582486,10
2024-09-18 13:59:05.478000,413.9850934962552,100
2024-09-18 13:59:05.513000,414.02983803817307,96
2024-09-18 13:59:05.618000,414.01415402673535,13
2024-09-18 13:59:05.621000,414.02160316156267,12
2024-09-18 13:59:05.692000,414.00721941844864,95
2024-09-18 13:59:05.750000,414.03930195594495,99
2024-09-18 13:59:05.786000,414.0078622626133,1001
2024-09-18 13:59:05.883000,414.0300183044756,97
2024-09-18 13:59:05.917000,414.0901429124323,5
2024-09-18 13:59:05.980000,414.020717965374,1000
2024-09-18 13:59:05.993000,413.995940939508,8
2024-09-18 13:59:05.994000,414.0964430685038,98
2024-09-18 13:59:06,414.0180495723882,14
2024-09-18 13:59:06.021000,414.015328138728,1005
2024-09-18 13:59:06.037000,414.0441082182362,10
2024-09-18 13:59:06.145000,414.01102546046616,1000
2024-09-18 13:59:06.330000,413.99837088321567,1001
2024-09-18 13:59:06.369000,414.0521335448355,1005
2024-09-18 13:59:06.383000,414.0054493894916,1002
2024-09-18 13:59:06.406000,414.0358994479936,1001
2024-09-18 13:59:06.678000,414.0060933458568,999
2024-09-18 13:59:06.682000,414.0426502422738,1000
2024-09-18 13:59:06.812000,414.0403397978985,98
2024-09-18 13:59:06.835000,414.0299659755577,96
2024-09-18 13:59:06.850000,414.0278200202012,7
2024-09-18 13:59:06.858000,414.0407991631544,99
2024-09-18 13:59:06.892000,414.016793533202,7
2024-09-18 13:59:06.907000,414.0168045378899,10
2024-09-18 13:59:06.987000,414.0233739070147,6
2024-09-18 13:59:06.995000,414.0496607632917,998
2024-09-18 13:59:07.008000,413.9848759259123,995
2024-09-18 13:59:07.045000,413.9862228912213,999
2024-09-18 13:59:07.067000,413.9725436014376,6
2024-09-18 13:59:07.138000,414.01558719579367,1001
2024-09-18 13:59:07.282000,414.0156879569009,5
2024-09-18 13:59:07.339000,413.98156601594496,99
2024-09-18 13:59:07.409000,414.0013448578891,996
2024-09-18 13:59:07.448000,413.9807902912416,100
2024-09-18 13:59:07.503000,413.9799791776317,1000
2024-09-18 13:59:07.567000,413.9982662651072,5
2024-09-18 13:59:07.574000,414.0010361346496,10
2024-09-18 13:59:07.601000,413.9723434587801,95
2024-09-18 13:59:07.614000,413.97299148546216,100
2024-09-18 13:59:07.662000,413.9928181230672,97
2024-09-18 13:59:07.662000,413.9523101169003,1002
2024-09-18 13:59:07.685000,413.9623670870821,999
2024-09-18 13:59:07.689000,413.9829800772214,15
2024-09-18 13:59:07.818000,413.993558959563,997
2024-09-18 13:59:07.928000,414.0344403476171,10
2024-09-18 13:59:07.968000,413.9845051550288,102
2024-09-18 13:59:07.980000,414.0100075490514,1003
2024-09-18 13:59:08,413.9997297733316,102
2024-09-18 13:59:08.209000,413.9921888973693,8
2024-09-18 13:59:08.219000,414.00330311159786,1005
2024-09-18 13:59:08.276000,413.9758381435031,997
2024-09-18 13:59:08.287000,413.9832168213687,997
2024-09-18 13:59:08.327000,413.9734578826461,1001
2024-09-18 13:59:08.349000,413.9758192628759,102
2024-09-18 13:59:08.499000,413.9983612303824,8
2024-09-18 13:59:08.591000,413.9798682800161,996
2024-09-18 13:59:08.608000,413.9874920326792,11
2024-09-18 13:59:08.615000,414.0128845618397,15
2024-09-18 13:59:08.652000,413.98697922459496,5
2024-09-18 13:59:08.762000,413.9940105949444,1000
2024-09-18 13:59:08.804000,413.99381751035145,100
2024-09-18 13:59:08.808000,414.018525288966,95
2024-09-18 13:59:08.872000,414.00200021887673,8
2024-09-18 13:59:08.876000,414.0084203401021,12
2024-09-18 13:59:08.896000,413.9716294723861,98
2024-09-18 13:59:08.898000,413.9765010422367,999
2024-09-18 13:59:09.001000,413.9295759678898,1000
2024-09-18 13:59:09.008000,413.9893088583333,100
2024-09-18 13:59:09.091000,413.9152294367832,1000
2024-09-18 13:59:09.214000,413.9185904669332,96
2024-09-18 13:59:09.220000,413.970150016821,1005
2024-09-18 13:59:09.407000,413.9316612488246,98
2024-09-18 13:59:09.498000,413.9387949310119,998
2024-09-18 13:59:09.507000,413.9389721109375,997
2024-09-18 13:59:09.598000,413.9356515418116,11
2024-09-18 13:59:09.913000,413.9729941159965,5
2024-09-18 13:59:10.065000,413.9512830729604,9
2024-09-18 13:59:10.135000,413.9244516428148,11
2024-09-18 13:59:10.144000,413.9206924947681,103
2024-09-18 13:59:10.240000,413.9046645114913,1001
2024-09-18 13:59:10.255000,413.92156669372383,10
2024-09-18 13:59:10.318000,413.9397029815274,103
2024-09-18 13:59:10.337000,413.93950681308,13
2024-09-18 13:59:10.353000,413.9553425414997,1002
2024-09-18 13:59:10.373000,413.8956161385801,102
2024-09-18 13:59:10.406000,413.91588146170966,13
2024-09-18 13:59:10.542000,413.9588601842437,95
2024-09-18 13:59:10.542000,413.946879535656,1005
2024-09-18 13:59:10.566000,413.8784440805257,103
2024-09-18 13:59:10.623000,413.9119674815561,101
2024-09-18 13:59:10.640000,413.888419892063,996
2024-09-18 13:59:10.751000,413.8860533899425,105
2024-09-18 13:59:10.849000,413.91586731727074,97
2024-09-18 13:59:10.956000,413.8937102158197,7
2024-09-18 13:59:10.963000,413.9473953443094,97
2024-09-18 13:59:11.337000,413.9300279168965,1001
2024-09-18 13:59:11.756000,413.9347761554574,996
2024-09-18 13:59:11.773000,413.9395963047149,14
2024-09-18 13:59:11.976000,413.94831344245983,10
2024-09-18 13:59:12.010000,413.94369457054034,99
2024-09-18 13:59:12.076000,413.94237022405656,98
2024-09-18 13:59:12.095000,413.9532598479055,97
2024-09-18 13:59:12.509000,413.9432170017056,100
2024-09-18 13:59:12.707000,413.9381977218808,1005
2024-09-18 13:59:12.947000,413.95006821460265,12
2024-09-18 13:59:12.980000,413.95368564034027,1004
2024-09-18 13:59:13.348000,413.9356445204968,6
2024-09-18 13:59:13.428000,413.936851433863,998
2024-09-18 13:59:13.862000,413.9348120045678,6
2024-09-18 13:59:14.297000,413.9397233767836,996
2024-09-18 13:59:14.374000,413.94551649042455,1001
2024-09-18 13:59:14.394000,413.9471171422802,1000
2024-09-18 13:59:14.521000,413.9700485749999,8
2024-09-18 13:59:14.578000,413.968084189727,1004
2024-09-18 13:59:14.757000,413.95627348107934,1002
2024-09-18 13:59:14.786000,413.9644550726687,101
2024-09-18 13:59:14.843000,413.9685471121397,998
2024-09-18 13:59:14.902000,413.97127567950446,1005
2024-09-18 13:59:14.989000,413.9692591118203,1004
2024-09-18 13:59:15.062000,413.96006832202175,996
2024-09-18 13:59:15.124000,413.95046398884926,104
2024-09-18 13:59:15.128000,413.9612076499087,1000
2024-09-18 13:59:15.336000,413.9735848576888,105
2024-09-18 13:59:15.473000,413.94909204599486,995
2024-09-18 13:59:16.025000,413.9615909224226,97
2024-09-18 13:59:16.029000,413.98028212304456,1005
2024-09-18 13:59:16.067000,413.961927389381,9
2024-09-18 13:59:16.092000,413.9734260551149,1001
2024-09-18 13:59:16.150000,413.979773580894,15
2024-09-18 13:59:16.263000,413.95714384070783,997
2024-09-18 13:59:16.277000,413.9566429243838,11
2024-09-18 13:59:16.373000,413.95322551537856,9
2024-09-18 13:59:16.502000,413.9694497563027,11
2024-09-18 13:59:16.556000,413.952910404279,98
2024-09-18 13:59:16.599000,413.9761486604233,95
2024-09-18 13:59:16.600000,413.9768414925053,1002
2024-09-18 13:59:16.617000,413.9850988381578,14
2024-09-18 13:59:16.695000,413.97273805616805,14
2024-09-18 13:59:16.705000,413.9765758213707,97
2024-09-18 13:59:16.730000,413.9621233258856,103
2024-09-18 13:59:16.735000,413.96713161361936,10
2024-09-18 13:59:16.736000,413.98347317234186,995
2024-09-18 13:59:16.901000,413.9788074741449,99
2024-09-18 13:59:17.039000,413.9652788650532,98
2024-09-18 13:59:17.118000,413.98574049566594,1005
2024-09-18 13:59:17.119000,414.0034424455114,13
2024-09-18 13:59:17.221000,413.9676827418008,9
2024-09-18 13:59:17.223000,413.96102293427134,102
2024-09-18 13:59:17.288000,413.95237668996657,1005
2024-09-18 13:59:17.328000,413.9546061717065,103
2024-09-18 13:59:17.436000,413.9726602451416,995
2024-09-18 13:59:17.524000,413.9445703956581,15
2024-09-18 13:59:17.586000,414.01139070727305,102
2024-09-18 13:59:17.590000,413.96559424969706,102
2024-09-18 13:59:17.600000,413.953509324769,14
2024-09-18 13:59:17.617000,413.99391860719095,102
2024-09-18 13:59:17.661000,413.9544002813631,101
2024-09-18 13:59:17.665000,413.9597095178609,995
2024-09-18 13:59:17.709000,413.9769693645219,97
2024-09-18 13:59:17.783000,413.9744218260167,995
2024-09-18 13:59:17.835000,413.9677192592775,10
2024-09-18 13:59:17.841000,413.96759638639423,12
2024-09-18 13:59:17.867000,413.9365459139655,996
2024-09-18 13:59:17.928000,413.9663631767697,102
2024-09-18 13:59:17.963000,413.9754063246052,1000
2024-09-18 13:59:17.984000,413.9525790135249,10
2024-09-18 13:59:18.029000,413.9685871626217,97
2024-09-18 13:59:18.037000,413.9960487104976,104
2024-09-18 13:59:18.094000,413.9728813927426,97
2024-09-18 13:59:18.096000,413.9642663898791,100
2024-09-18 13:59:18.099000,413.9618889883869,1003
2024-09-18 13:59:18.129000,413.94220534818777,12
2024-09-18 13:59:18.146000,413.9547154975896,11
2024-09-18 13:59:18.166000,413.9345295663823,5
2024-09-18 13:59:18.195000,414.0171008597519,5
2024-09-18 13:59:18.226000,413.9692454763141,6
2024-09-18 13:59:18.286000,413.9423833292483,10
2024-09-18 13:59:18.329000,414.0181463200048,998
2024-09-18 13:59:18.364000,413.9756834957757,997
2024-09-18 13:59:18.434000,413.9548236463377,996
2024-09-18 13:59:18.464000,413.9567980179646,1005
2024-09-18 13:59:18.529000,413.9791588959556,1002
2024-09-18 13:59:18.551000,413.9666290967263,99
2024-09-18 13:59:18.678000,413.92876876828393,998
2024-09-18 13:59:18.749000,413.9639136214323,998
2024-09-18 13:59:18.771000,413.98793224818576,102
2024-09-18 13:59:18.806000,413.9530077296843,13
2024-09-18 13:59:18.841000,413.9661109952789,999
2024-09-18 13:59:18.870000,413.9603010457906,102
2024-09-18 13:59:19.006000,414.017079486184,99
2024-09-18 13:59:19.007000,413.9654733814131,12
2024-09-18 13:59:19.043000,413.9639506625129,96
2024-09-18 13:59:19.043000,413.98493501424304,1003
2024-09-18 13:59:19.047000,413.99254915901486,12
2024-09-18 13:59:19.134000,414.0108806637862,7
2024-09-18 13:59:19.156000,414.0197840226878,99
2024-09-18 13:59:19.179000,414.0030207762489,997
2024-09-18 13:59:19.201000,413.99706367508753,1004
2024-09-18 13:59:19.211000,413.9889415966844,5
2024-09-18 13:59:19.373000,414.0237375351246,998
2024-09-18 13:59:19.380000,414.0130424466074,100
2024-09-18 13:59:19.410000,413.98109399880457,998
2024-09-18 13:59:19.441000,414.0046029575728,14
2024-09-18 13:59:19.457000,413.9530303826181,99
2024-09-18 13:59:19.573000,414.0285651350579,13
2024-09-18 13:59:19.612000,414.0152663242258,99
2024-09-18 13:59:19.614000,413.9748363754915,9
2024-09-18 13:59:19.739000,413.9961354118868,1002
2024-09-18 13:59:19.765000,413.9459230559956,1003
2024-09-18 13:59:19.789000,414.0124797324155,98
2024-09-18 13:59:19.876000,413.9923075933106,98
2024-09-18 13:59:19.909000,413.9569497784668,99
2024-09-18 13:59:19.946000,414.0085778982439,7
2024-09-18 13:59:19.996000,413.9889175035828,1000
2024-09-18 13:59:20.057000,414.0443901482272,105
2024-09-18 13:59:20.199000,414.0455457857459,96
2024-09-18 13:59:20.574000,414.00262890489887,5
2024-09-18 13:59:20.627000,414.0196792607588,15
2024-09-18 13:59:20.689000,414.0391102769283,1005
2024-09-18 13:59:20.819000,414.04311635393225,5
2024-09-18 13:59:20.955000,414.0244093376058,14
2024-09-18 13:59:21.014000,414.0090054222427,6
2024-09-18 13:59:21.047000,414.0142818883914,999
2024-09-18 13:59:21.074000,414.0191505171208,101
2024-09-18 13:59:21.174000,414.032517976039,102
2024-09-18 13:59:21.180000,414.0212140664688,99
2024-09-18 13:59:21.203000,413.9930298310081,5
2024-09-18 13:59:21.220000,414.01850195959736,9
2024-09-18 13:59:21.245000,414.004925853846,95
2024-09-18 13:59:21.266000,413.9966243953274,102
2024-09-18 13:59:21.289000,414.0210004650124,5
2024-09-18 13:59:21.336000,413.97911342392325,997
2024-09-18 13:59:21.381000,414.0032283284384,103
2024-09-18 13:59:21.384000,413.998376605256,96
2024-09-18 13:59:21.440000,413.9833299810495,7
2024-09-18 13:59:21.450000,413.9796129009184,96
2024-09-18 13:59:21.473000,414.0151212051313,1004
2024-09-18 13:59:21.493000,413.986617321436,1001
2024-09-18 13:59:21.613000,413.99663075789255,1001
2024-09-18 13:59:21.623000,414.00595713895945,99
2024-09-18 13:59:21.638000,414.0036953024402,999
2024-09-18 13:59:21.685000,414.01620742683656,15
2024-09-18 13:59:21.687000,414.01123161102265,9
2024-09-18 13:59:21.693000,414.0129859975577,1001
2024-09-18 13:59:21.799000,414.0264721831831,96
2024-09-18 13:59:21.815000,413.98317772570704,7
2024-09-18 13:59:21.890000,413.99741218637774,97
2024-09-18 13:59:21.908000,414.04329196507126,5
2024-09-18 13:59:21.920000,413.9849200566188,97
2024-09-18 13:59:22.424000,414.0186281469726,6
2024-09-18 13:59:22.727000,414.0182561066102,998
2024-09-18 13:59:22.917000,414.007473204925,102
2024-09-18 13:59:23.029000,414.00662457618944,11
2024-09-18 13:59:23.037000,414.03813160192135,96
2024-09-18 13:59:23.058000,414.00758565170185,1000
2024-09-18 13:59:23.079000,414.00898724818,99
2024-09-18 13:59:23.294000,414.02586399421233,997
2024-09-18 13:59:23.435000,414.0040161087277,1003
2024-09-18 13:59:23.456000,414.0871580252237,15
2024-09-18 13:59:23.495000,414.0069427544954,996
2024-09-18 13:59:23.544000,414.0634808638903,1004
2024-09-18 13:59:23.602000,414.0722044246965,15
2024-09-18 13:59:23.611000,413.99303015328434,998
2024-09-18 13:59:23.771000,414.0172693739242,12
2024-09-18 13:59:23.798000,414.0235939795375,1001
2024-09-18 13:59:23.817000,414.0288396991978,102
2024-09-18 13:59:23.824000,414.0543966327188,995
2024-09-18 13:59:23.866000,414.0004651009008,99
2024-09-18 13:59:23.904000,414.0021799810264,14
2024-09-18 13:59:23.910000,414.0203854143614,100
2024-09-18 13:59:23.984000,414.00907280192246,95
2024-09-18 13:59:24.014000,414.137047692799,10
2024-09-18 13:59:24.129000,414.1565762314653,996
2024-09-18 13:59:24.143000,414.1720764513222,103
2024-09-18 13:59:24.329000,414.1184913180711,104
2024-09-18 13:59:24.575000,414.1830346114302,101
2024-09-18 13:59:24.641000,414.1084664136723,1002
2024-09-18 13:59:24.803000,414.1101496666064,13
2024-09-18 13:59:24.863000,414.17969651248006,13
2024-09-18 13:59:24.921000,414.1095300344053,102
2024-09-18 13:59:25.039000,414.190599351051,12
2024-09-18 13:59:25.106000,414.17386472237786,5
2024-09-18 13:59:25.352000,414.1777923171365,99
2024-09-18 13:59:25.451000,414.1512722083963,102
2024-09-18 13:59:25.495000,414.1799404266324,7
2024-09-18 13:59:25.599000,414.1789469263033,100
2024-09-18 13:59:25.619000,414.1614323604573,105
2024-09-18 13:59:25.660000,414.169929496386,1005
2024-09-18 13:59:25.835000,414.1575564690399,102
2024-09-18 13:59:25.949000,414.1492041009772,14
2024-09-18 13:59:26.071000,414.1276616920328,1005
2024-09-18 13:59:26.096000,414.12123262347575,1004
2024-09-18 13:59:26.323000,414.11058558784976,15
2024-09-18 13:59:26.354000,414.1108599013277,12
2024-09-18 13:59:26.380000,414.1043711543092,8
2024-09-18 13:59:26.402000,414.1247133792633,101
2024-09-18 13:59:26.436000,414.1064512354972,1003
2024-09-18 13:59:26.495000,414.1035191536806,14
2024-09-18 13:59:26.537000,414.13926424950967,101
2024-09-18 13:59:26.553000,414.1427823332376,11
2024-09-18 13:59:26.651000,414.1399974924632,7
2024-09-18 13:59:26.675000,414.138430517464,11
2024-09-18 13:59:26.791000,414.13505483777607,998
2024-09-18 13:59:26.817000,414.12945434894215,1000
2024-09-18 13:59:27.102000,414.1467449121907,10
2024-09-18 13:59:27.235000,414.1414727126352,1004
2024-09-18 13:59:27.302000,414.1531412191032,996
2024-09-18 13:59:27.997000,414.1632785938026,8
2024-09-18 13:59:28.185000,414.1210793574205,1000
2024-09-18 13:59:28.978000,414.1231274590663,9
2024-09-18 13:59:29.013000,414.1529091034316,14
2024-09-18 13:59:29.077000,414.0834916776954,1002
2024-09-18 13:59:29.092000,414.085114135031,105
2024-09-18 13:59:29.260000,414.0879385567781,1002
2024-09-18 13:59:29.278000,414.08655645329486,1000
2024-09-18 13:59:29.558000,414.14038120670807,101
2024-09-18 13:59:29.669000,414.105369984289,7
2024-09-18 13:59:29.692000,414.14178887120295,1002
2024-09-18 13:59:29.724000,414.11448595733225,100
2024-09-18 13:59:29.760000,414.1434915218903,996
2024-09-18 13:59:29.762000,414.1156123685402,1002
2024-09-18 13:59:29.789000,414.15210908516,98
2024-09-18 13:59:29.823000,414.0910672662838,15
2024-09-18 13:59:29.981000,414.1035717359435,13
2024-09-18 13:59:30.144000,414.1046563475301,996
2024-09-18 13:59:31.624000,414.0953885826933,999
2024-09-18 13:59:32.037000,414.08841629056514,1000
2024-09-18 13:59:32.096000,414.0637254111922,8
2024-09-18 13:59:32.097000,414.1068658857089,101
2024-09-18 13:59:32.192000,414.09073604300863,5
2024-09-18 13:59:32.209000,414.050744369432,1000
2024-09-18 13:59:32.267000,414.0853256790214,5
2024-09-18 13:59:32.311000,414.07020187649226,100
2024-09-18 13:59:32.315000,414.0913003244645,999
2024-09-18 13:59:32.330000,414.0385548736849,6
2024-09-18 13:59:32.374000,414.08958251453225,14
2024-09-18 13:59:32.440000,414.0746894126043,1001
2024-09-18 13:59:32.440000,414.0797048466443,995
2024-09-18 13:59:32.543000,414.09366993153833,6
2024-09-18 13:59:32.572000,414.0716557650712,1002
2024-09-18 13:59:32.581000,414.0731044628967,101
2024-09-18 13:59:32.616000,414.0928751614157,102
2024-09-18 13:59:32.640000,414.0945981468,996
2024-09-18 13:59:32.642000,414.09140716499553,105
2024-09-18 13:59:32.830000,414.0875622471527,10
2024-09-18 13:59:32.871000,414.0822581152802,97
2024-09-18 13:59:32.897000,414.1004617012859,99
2024-09-18 13:59:32.917000,414.07369846362513,1001
2024-09-18 13:59:32.943000,414.0844084532236,104
2024-09-18 13:59:32.946000,414.05600076976793,12
2024-09-18 13:59:33.155000,414.06912332135227,101
2024-09-18 13:59:33.268000,414.0662263061621,9
2024-09-18 13:59:33.336000,414.0792159282173,7
2024-09-18 13:59:33.733000,414.0714906507055,105
2024-09-18 13:59:33.848000,414.0918656162541,998
2024-09-18 13:59:33.905000,414.0640367783784,12
2024-09-18 13:59:33.939000,414.09671097745417,99
2024-09-18 13:59:34.036000,414.0657871925863,103
2024-09-18 13:59:34.048000,414.0620866439516,10
2024-09-18 13:59:34.213000,414.0764103702679,1005
2024-09-18 13:59:34.233000,414.0984653027615,5
2024-09-18 13:59:34.252000,414.0559405206483,103
2024-09-18 13:59:34.289000,414.06104583838135,11
2024-09-18 13:59:34.297000,414.065867508936,99
2024-09-18 13:59:34.358000,414.0620719966056,101
2024-09-18 13:59:34.435000,414.0908335813736,103
2024-09-18 13:59:34.458000,414.085882349364,10
2024-09-18 13:59:34.498000,414.0856156384884,1004
2024-09-18 13:59:34.639000,414.0688856070059,95
2024-09-18 13:59:34.691000,414.10270214957,999
2024-09-18 13:59:34.782000,414.0637580257165,98
2024-09-18 13:59:34.884000,414.0920535404933,95
2024-09-18 13:59:34.888000,414.0611976922846,1002
2024-09-18 13:59:34.924000,414.0750721671249,102
2024-09-18 13:59:34.946000,414.0886156624149,97
2024-09-18 13:59:34.959000,414.06929439092943,100
2024-09-18 13:59:34.981000,414.0963757149695,15
2024-09-18 13:59:35.017000,414.08238597635767,998
2024-09-18 13:59:35.029000,414.065831388896,11
2024-09-18 13:59:35.096000,414.03955099443874,7
2024-09-18 13:59:35.102000,414.0185139682582,96
2024-09-18 13:59:35.192000,414.0081929054022,1001
2024-09-18 13:59:35.408000,414.08001223969046,1004
2024-09-18 13:59:35.546000,414.0434294948699,10
2024-09-18 13:59:35.594000,414.0543359604434,95
2024-09-18 13:59:35.641000,413.99998993966506,96
2024-09-18 13:59:35.650000,414.0448378194926,1004
2024-09-18 13:59:35.817000,414.0416644743863,7
2024-09-18 13:59:35.942000,414.0436544509813,996
2024-09-18 13:59:35.960000,414.04270278648687,996
2024-09-18 13:59:36.012000,413.95899026307393,11
2024-09-18 13:59:36.049000,413.9839404365678,13
2024-09-18 13:59:36.050000,413.9673681919373,15
2024-09-18 13:59:36.149000,413.90584182941,104
2024-09-18 13:59:36.173000,413.91449695162095,6
2024-09-18 13:59:36.227000,413.9893993984888,5
2024-09-18 13:59:36.253000,413.9557248167462,1001
2024-09-18 13:59:36.274000,413.9844369142791,103
2024-09-18 13:59:36.286000,414.0141216854325,12
2024-09-18 13:59:36.287000,413.9601231862925,1003
2024-09-18 13:59:36.288000,413.9752785633896,7
2024-09-18 13:59:36.375000,413.9878854107976,11
2024-09-18 13:59:36.439000,413.9403257915376,1002
2024-09-18 13:59:36.580000,413.9539382703324,101
2024-09-18 13:59:36.592000,413.9799212175577,101
2024-09-18 13:59:36.597000,413.88527146974536,98
2024-09-18 13:59:36.602000,413.957045001613,104
2024-09-18 13:59:36.646000,413.9948142849603,8
2024-09-18 13:59:36.740000,414.0005089215316,5
2024-09-18 13:59:36.752000,413.9682835905247,996
2024-09-18 13:59:36.763000,413.9535323457986,1004
2024-09-18 13:59:36.870000,413.91377225516806,5
2024-09-18 13:59:36.874000,413.9668539412253,99
2024-09-18 13:59:36.882000,413.9809601276712,102
2024-09-18 13:59:36.891000,413.9682753157157,5
2024-09-18 13:59:36.899000,414.0107109901054,99
2024-09-18 13:59:36.979000,413.9270941603213,6
2024-09-18 13:59:36.993000,414.001852225259,995
2024-09-18 13:59:37.007000,413.907853640184,9
2024-09-18 13:59:37.053000,413.8971182904935,995
2024-09-18 13:59:37.066000,413.8874846436241,15
2024-09-18 13:59:37.119000,413.8831298684421,11
2024-09-18 13:59:37.142000,413.8419876044891,95
2024-09-18 13:59:37.212000,413.8588793173774,104
2024-09-18 13:59:37.241000,413.887344072849,1000
2024-09-18 13:59:37.272000,413.8577750877515,998
2024-09-18 13:59:37.380000,413.88092313237416,104
2024-09-18 13:59:37.485000,413.9014859952574,999
2024-09-18 13:59:37.493000,413.882554853874,104
2024-09-18 13:59:37.502000,413.8758684539391,100
2024-09-18 13:59:37.568000,413.8814845375006,97
2024-09-18 13:59:37.574000,413.8933920300075,13
2024-09-18 13:59:37.614000,413.8983362748396,8
2024-09-18 13:59:37.615000,413.91665644760366,101
2024-09-18 13:59:37.647000,413.88101054592727,98
2024-09-18 13:59:37.649000,413.8847174669388,1001
2024-09-18 13:59:37.662000,413.871652979438,102
2024-09-18 13:59:37.684000,413.8811330670138,995
2024-09-18 13:59:37.714000,413.89743652959646,995
2024-09-18 13:59:37.717000,413.86855706260457,96
2024-09-18 13:59:37.742000,413.8542497796978,11
2024-09-18 13:59:37.772000,413.90593413719824,1003
2024-09-18 13:59:37.805000,413.9183888549553,1003
2024-09-18 13:59:37.842000,413.8996033486644,5
2024-09-18 13:59:37.907000,413.8638354093639,996
2024-09-18 13:59:37.917000,413.890619665538,5
2024-09-18 13:59:37.953000,413.9145940380506,12
2024-09-18 13:59:37.968000,413.8716993914952,995
2024-09-18 13:59:38.010000,413.89361203184745,999
2024-09-18 13:59:38.042000,413.9477329355729,100
2024-09-18 13:59:38.051000,413.9039345800568,98
2024-09-18 13:59:38.061000,413.9026454732066,100
2024-09-18 13:59:38.068000,413.9700988584052,104
2024-09-18 13:59:38.164000,413.97685898818975,1002
2024-09-18 13:59:38.219000,413.93139844289817,14
2024-09-18 13:59:38.243000,414.003083961706,1004
2024-09-18 13:59:38.291000,413.96084605039897,100
2024-09-18 13:59:38.302000,413.9512072972585,96
2024-09-18 13:59:38.303000,413.9548981731914,15
2024-09-18 13:59:38.327000,413.8954879775302,5
2024-09-18 13:59:38.328000,413.88990797110097,101
2024-09-18 13:59:38.328000,413.9464804534042,102
2024-09-18 13:59:38.348000,413.9936322293616,7
2024-09-18 13:59:38.393000,413.9033429915978,103
2024-09-18 13:59:38.440000,413.9008891508019,97
2024-09-18 13:59:38.443000,413.9345475877859,100
2024-09-18 13:59:38.473000,413.9292851231331,103
2024-09-18 13:59:38.522000,413.9011382535127,13
2024-09-18 13:59:38.680000,413.8915457868395,10
2024-09-18 13:59:38.692000,413.8922449582017,1003
2024-09-18 13:59:38.762000,413.8999542485524,6
2024-09-18 13:59:38.785000,413.972167682831,995
2024-09-18 13:59:38.830000,413.9587845429485,15
2024-09-18 13:59:38.903000,413.92580706823423,14
2024-09-18 13:59:38.974000,413.92047001500015,999
2024-09-18 13:59:38.987000,413.94146956704685,11
2024-09-18 13:59:39.004000,414.0069132146254,1005
2024-09-18 13:59:39.235000,413.9910624936005,8
2024-09-18 13:59:39.366000,413.98848471824186,7
2024-09-18 13:59:39.410000,414.0013448888317,100
2024-09-18 13:59:39.430000,413.98893557870025,8
2024-09-18 13:59:39.471000,413.99438327820894,5
2024-09-18 13:59:39.644000,413.985098232528,996
2024-09-18 13:59:39.808000,413.9930004183183,97
2024-09-18 13:59:40.075000,413.9860080980677,998
2024-09-18 13:59:40.226000,413.9916064237916,6
2024-09-18 13:59:40.354000,413.9926040046176,9
2024-09-18 13:59:40.754000,413.9796813386055,96
2024-09-18 13:59:41.002000,413.9707118207661,13
2024-09-18 13:59:41.040000,413.9607341488676,1000
2024-09-18 13:59:41.096000,413.9944995277363,11
2024-09-18 13:59:41.102000,414.01983141604734,13
2024-09-18 13:59:41.121000,413.9645297484367,14
2024-09-18 13:59:41.126000,414.0100637308537,100
2024-09-18 13:59:41.142000,413.9963235737721,102
2024-09-18 13:59:41.154000,414.0167684013989,97
2024-09-18 13:59:41.194000,413.9830309886528,99
2024-09-18 13:59:41.221000,414.03779528991777,103
2024-09-18 13:59:41.255000,414.01310371546657,13
2024-09-18 13:59:41.295000,414.0299612331498,1001
2024-09-18 13:59:41.479000,413.9711719643686,102
2024-09-18 13:59:41.480000,414.0113150602713,998
2024-09-18 13:59:41.501000,414.0103534370778,1001
2024-09-18 13:59:41.566000,414.0047626696699,1002
2024-09-18 13:59:41.575000,413.9684550303622,95
2024-09-18 13:59:41.576000,413.98429589147344,7
2024-09-18 13:59:41.654000,413.9673132700299,15
2024-09-18 13:59:41.660000,414.0338988678582,105
2024-09-18 13:59:41.682000,413.9997628232774,1003
2024-09-18 13:59:41.792000,414.024545612165,13
2024-09-18 13:59:41.849000,413.9698738675585,998
2024-09-18 13:59:41.861000,413.9858174573092,996
2024-09-18 13:59:41.886000,414.03387016655495,105
2024-09-18 13:59:41.973000,413.968910563222,8
2024-09-18 13:59:41.976000,413.99995117176354,15
2024-09-18 13:59:42.043000,413.9349524439283,105
2024-09-18 13:59:42.056000,414.0226390849834,995
2024-09-18 13:59:42.142000,414.0188037902039,10
2024-09-18 13:59:42.154000,414.0030114058239,1002
2024-09-18 13:59:42.455000,413.9580591526466,998
2024-09-18 13:59:42.602000,413.92430819466375,1005
2024-09-18 13:59:42.655000,413.8867112907689,1004
2024-09-18 13:59:42.723000,413.9930070391584,1004
2024-09-18 13:59:42.759000,413.9707016761307,96
2024-09-18 13:59:42.845000,413.9734268849557,1003
2024-09-18 13:59:42.916000,414.0266644227205,14
2024-09-18 13:59:43.008000,413.8823065593559,997
2024-09-18 13:59:43.076000,413.8891257673115,1000
2024-09-18 13:59:43.136000,413.85220807346207,99
2024-09-18 13:59:43.324000,413.901428517774,1005
2024-09-18 13:59:43.380000,413.8752153859177,1002
2024-09-18 13:59:43.428000,413.8428817800055,1002
2024-09-18 13:59:43.590000,413.8956506065597,8
2024-09-18 13:59:43.697000,413.8962232329893,1002
2024-09-18 13:59:45.032000,413.8890707031188,10
2024-09-18 13:59:45.041000,413.84141791931495,98
2024-09-18 13:59:45.073000,413.95966933311,996
2024-09-18 13:59:45.091000,413.8363278394004,6
2024-09-18 13:59:45.153000,413.9478378666337,103
2024-09-18 13:59:45.158000,413.9257685717743,1003
2024-09-18 13:59:45.212000,413.8796416794314,1001
2024-09-18 13:59:45.240000,413.95990074719936,996
2024-09-18 13:59:45.313000,413.8934615075633,999
2024-09-18 13:59:45.416000,413.8324654553839,102
2024-09-18 13:59:45.436000,413.9041019662687,7
2024-09-18 13:59:45.473000,413.85496341651566,97
2024-09-18 13:59:45.514000,413.82222409711824,1003
2024-09-18 13:59:45.534000,413.86068380301975,103
2024-09-18 13:59:45.576000,413.8477782557685,995
2024-09-18 13:59:45.595000,413.84691648478974,997
2024-09-18 13:59:45.710000,413.8505041721816,9
2024-09-18 13:59:45.718000,413.8327347934761,10
2024-09-18 13:59:45.733000,413.8697114675599,104
2024-09-18 13:59:45.745000,413.8469093091912,10
2024-09-18 13:59:45.820000,413.9740578999449,995
2024-09-18 13:59:45.840000,413.8405976198421,1005
2024-09-18 13:59:45.967000,413.96436455446366,102
2024-09-18 13:59:46.152000,413.9547267243017,999
2024-09-18 13:59:46.162000,413.9134864249161,10
2024-09-18 13:59:46.182000,413.9545902681711,99
2024-09-18 13:59:46.273000,413.8978870566216,1000
2024-09-18 13:59:46.297000,413.9101482588417,1005
2024-09-18 13:59:46.319000,413.9478299324272,14
2024-09-18 13:59:46.356000,413.9297349408884,997
2024-09-18 13:59:46.358000,413.883149526828,1004
2024-09-18 13:59:46.383000,413.9145175050067,995
2024-09-18 13:59:46.390000,413.9223441369433,1003
2024-09-18 13:59:46.455000,413.9439573693061,997
2024-09-18 13:59:46.460000,413.9447037127728,1002
2024-09-18 13:59:46.506000,413.9555584398598,998
2024-09-18 13:59:46.560000,413.9312800181991,1003
2024-09-18 13:59:46.562000,413.92777260673273,15
2024-09-18 13:59:46.712000,413.910019135773,9
2024-09-18 13:59:46.792000,413.9344089304578,99
2024-09-18 13:59:47.002000,413.86803718219215,105
2024-09-18 13:59:47.090000,413.8758443737169,999
2024-09-18 13:59:47.090000,413.8384955914094,1002
2024-09-18 13:59:47.170000,413.8734641833662,1004
2024-09-18 13:59:47.188000,413.8854819765796,97
2024-09-18 13:59:47.223000,413.884160490405,5
2024-09-18 13:59:47.234000,413.844958356678,97
2024-09-18 13:59:47.243000,413.8791734367107,6
2024-09-18 13:59:47.268000,413.879937108066,1004
2024-09-18 13:59:47.273000,413.8531013582837,102
2024-09-18 13:59:47.278000,413.8816754471052,7
2024-09-18 13:59:47.328000,413.8642137982638,1004
2024-09-18 13:59:47.365000,413.8713309894425,999
2024-09-18 13:59:47.444000,413.8719422166998,13
2024-09-18 13:59:47.502000,413.8798284465833,104
2024-09-18 13:59:47.510000,413.8661084769165,7
2024-09-18 13:59:47.576000,413.8684633301186,1005
2024-09-18 13:59:47.585000,413.8822054560368,995
2024-09-18 13:59:47.662000,413.8907424096166,97
2024-09-18 13:59:47.711000,413.8720634863309,99
2024-09-18 13:59:47.752000,413.8713570829735,6
2024-09-18 13:59:47.768000,413.8483366617072,5
2024-09-18 13:59:47.770000,413.864669368869,10
2024-09-18 13:59:47.781000,413.8713108492088,7
2024-09-18 13:59:47.790000,413.87197376476615,97
2024-09-18 13:59:47.800000,413.8609557997171,100
2024-09-18 13:59:47.880000,413.862242412028,13
2024-09-18 13:59:47.896000,413.8884431987007,7
2024-09-18 13:59:47.972000,413.8674297213427,8
2024-09-18 13:59:48.008000,413.85759675579726,996
2024-09-18 13:59:48.222000,413.848803966934,105
2024-09-18 13:59:48.302000,413.8975243599929,104
2024-09-18 13:59:48.303000,413.9013319740669,15
2024-09-18 13:59:48.340000,413.8568688091566,997
2024-09-18 13:59:48.376000,413.87660619452834,15
2024-09-18 13:59:48.446000,413.875599146028,97
2024-09-18 13:59:48.493000,413.8756680173088,1003
2024-09-18 13:59:48.508000,413.8570113489241,1000
2024-09-18 13:59:48.549000,413.8753291633629,1002
2024-09-18 13:59:48.583000,413.8748325521493,99
2024-09-18 13:59:48.600000,413.85926307161736,98
2024-09-18 13:59:48.707000,413.8413050260981,12
2024-09-18 13:59:48.759000,413.8641600327144,999
2024-09-18 13:59:48.825000,413.9153416164801,103
2024-09-18 13:59:48.827000,413.9046231595426,12
2024-09-18 13:59:48.864000,413.8896803302237,1003
2024-09-18 13:59:48.866000,413.83609649251,998
2024-09-18 13:59:48.868000,413.8510442847887,10
2024-09-18 13:59:48.889000,413.8795717515459,95
2024-09-18 13:59:48.933000,413.8573142210309,104
2024-09-18 13:59:48.939000,413.9113580344711,1002
2024-09-18 13:59:49.053000,413.8196195364972,997
2024-09-18 13:59:49.201000,413.8337101267329,6
2024-09-18 13:59:49.331000,413.8332864301508,103
2024-09-18 13:59:49.473000,413.848765982152,98
2024-09-18 13:59:49.474000,413.8394937946092,1000
2024-09-18 13:59:49.494000,413.816563521911,96
2024-09-18 13:59:49.601000,413.8436227000696,11
2024-09-18 13:59:49.603000,413.8230358390098,11
2024-09-18 13:59:49.679000,413.84320684374165,1003
2024-09-18 13:59:49.904000,413.855279492838,997
2024-09-18 13:59:50.023000,413.9378194481872,1001
2024-09-18 13:59:50.041000,413.9257076336018,105
2024-09-18 13:59:50.103000,413.92959400621015,102
2024-09-18 13:59:50.201000,413.9335315850451,13
2024-09-18 13:59:50.252000,413.9322418672596,99
2024-09-18 13:59:50.329000,413.89579957410285,95
2024-09-18 13:59:50.333000,413.914971544724,995
2024-09-18 13:59:50.399000,413.9162068545823,1002
2024-09-18 13:59:50.453000,413.889954145301,9
2024-09-18 13:59:50.520000,413.8742775099421,5
2024-09-18 13:59:50.574000,413.9283595998597,11
2024-09-18 13:59:50.657000,413.9024682251564,96
2024-09-18 13:59:50.728000,413.8474422314725,997
2024-09-18 13:59:50.753000,413.9225341191045,12
2024-09-18 13:59:50.848000,413.9274535852886,100
2024-09-18 13:59:51.505000,413.9444627983669,102
2024-09-18 13:59:51.505000,413.9383447493013,102
2024-09-18 13:59:53.003000,413.9418114593368,14
2024-09-18 13:59:53.062000,413.9538248662487,7
2024-09-18 13:59:53.107000,413.93804748236965,12
2024-09-18 13:59:53.161000,413.9728380946896,98
2024-09-18 13:59:53.326000,413.9412958795054,12
2024-09-18 13:59:53.334000,413.97371972673255,9
2024-09-18 13:59:53.548000,413.9514090153859,11
2024-09-18 13:59:53.611000,413.9139686337359,8
2024-09-18 13:59:53.660000,413.9345726680303,8
2024-09-18 13:59:53.690000,413.94069127259047,998
2024-09-18 13:59:53.698000,413.9345223582783,97
2024-09-18 13:59:53.736000,413.92734153913176,999
2024-09-18 13:59:53.753000,413.9458081458188,104
2024-09-18 13:59:53.773000,413.9466604825042,997
2024-09-18 13:59:53.854000,413.93574056619934,5
2024-09-18 13:59:53.906000,413.9202260491113,9
2024-09-18 13:59:54.012000,413.90506134842417,995
2024-09-18 13:59:54.035000,413.948809418364,1002
2024-09-18 13:59:54.076000,413.9245345862925,97
2024-09-18 13:59:54.137000,413.9354696833108,9
2024-09-18 13:59:54.182000,413.9518796977848,8
2024-09-18 13:59:54.183000,413.9130400134962,95
2024-09-18 13:59:54.242000,413.9327749832364,100
2024-09-18 13:59:54.275000,413.9225463534078,995
2024-09-18 13:59:54.316000,413.9190458736512,95
2024-09-18 13:59:54.323000,413.9111263835362,10
2024-09-18 13:59:54.339000,413.91216556805074,997
2024-09-18 13:59:54.363000,413.90191921362936,999
2024-09-18 13:59:54.389000,413.935693896438,1003
2024-09-18 13:59:54.395000,413.9833497558266,997
2024-09-18 13:59:54.422000,413.9813515925591,11
2024-09-18 13:59:54.525000,413.9147756110189,1004
2024-09-18 13:59:54.541000,413.9483715269333,996
2024-09-18 13:59:54.542000,413.8966846853966,1001
2024-09-18 13:59:54.594000,413.9084496445622,101
2024-09-18 13:59:54.602000,413.9096522463637,1003
2024-09-18 13:59:54.656000,413.931373077828,1005
2024-09-18 13:59:54.722000,413.9212372496116,998
2024-09-18 13:59:54.743000,413.9521097939908,996
2024-09-18 13:59:54.809000,413.9104379471641,11
2024-09-18 13:59:54.901000,413.9422014598004,1002
2024-09-18 13:59:54.901000,413.9086720487509,1005
2024-09-18 13:59:54.927000,413.9506995595857,97
2024-09-18 13:59:54.985000,413.92316425820405,999
2024-09-18 13:59:55.234000,413.9317231609672,96
2024-09-18 13:59:55.254000,413.943472925933,98
2024-09-18 13:59:55.385000,413.9080733640419,15
2024-09-18 13:59:55.542000,413.910602383348,99
2024-09-18 13:59:55.918000,413.9118714481295,105
2024-09-18 13:59:56.035000,413.88005083539423,104
2024-09-18 13:59:56.134000,413.8656791640905,5
2024-09-18 13:59:56.182000,413.881736952087,1001
2024-09-18 13:59:56.399000,413.87625069222526,12
2024-09-18 13:59:56.413000,413.9177862884868,105
2024-09-18 13:59:56.424000,413.906325108938,999
2024-09-18 13:59:56.651000,413.89230257737046,7
2024-09-18 13:59:56.670000,413.9027453164769,15
2024-09-18 13:59:56.704000,413.884007763916,1002
2024-09-18 13:59:56.856000,413.8904754085882,995
2024-09-18 13:59:56.950000,413.87596522360354,103
2024-09-18 13:59:57.043000,413.8852418071449,1005
2024-09-18 13:59:57.050000,413.87541554653865,104
2024-09-18 13:59:57.068000,413.8944736009936,9
2024-09-18 13:59:57.089000,413.8917025044756,1001
2024-09-18 13:59:57.143000,413.90219348187,100
2024-09-18 13:59:57.225000,413.8978789014417,10
2024-09-18 13:59:57.266000,413.8903569297248,95
2024-09-18 13:59:57.306000,413.8786469036708,12
2024-09-18 13:59:57.374000,413.8922701420694,102
2024-09-18 13:59:57.444000,413.8688523194852,13
2024-09-18 13:59:57.481000,413.9058765886006,9
2024-09-18 13:59:57.660000,413.87348167119706,1001
2024-09-18 13:59:57.737000,413.8745492856766,98
2024-09-18 13:59:57.779000,413.8713771312298,96
2024-09-18 13:59:57.831000,413.89965578045513,1003
2024-09-18 13:59:57.847000,413.8958221648237,8
2024-09-18 13:59:57.867000,413.8899960695381,998
2024-09-18 13:59:57.889000,413.88233299736095,998
2024-09-18 13:59:57.896000,413.8830010346029,1003
2024-09-18 13:59:58.011000,413.8118118740368,95
2024-09-18 13:59:58.015000,413.80093079630745,996
2024-09-18 13:59:58.091000,413.8956571797643,995
2024-09-18 13:59:58.103000,413.8344596020697,103
2024-09-18 13:59:58.132000,413.8989929130726,1002
2024-09-18 13:59:58.201000,413.7906631979017,103
2024-09-18 13:59:58.216000,413.8020179972973,97
2024-09-18 13:59:58.229000,413.7908324275128,97
2024-09-18 13:59:58.309000,413.8797607334729,5
2024-09-18 13:59:58.344000,413.8826470350854,99
2024-09-18 13:59:58.352000,413.8670113852357,95
2024-09-18 13:59:58.354000,413.8767475848503,97
2024-09-18 13:59:58.478000,413.8103826989063,11
2024-09-18 13:59:58.610000,413.86852934247247,98
2024-09-18 13:59:58.662000,413.7898050703509,104
2024-09-18 13:59:58.701000,413.8120388984011,12
2024-09-18 13:59:58.729000,413.8530969343559,98
2024-09-18 13:59:58.775000,413.8307591875855,1001
2024-09-18 13:59:58.911000,413.88821843968987,1001
2024-09-18 13:59:58.912000,413.7928465363599,999
2024-09-18 13:59:58.953000,413.8821739180481,9
2024-09-18 13:59:58.968000,413.8072085632832,12
2024-09-18 13:59:58.977000,413.88547780961926,7
2024-09-18 13:59:59.437000,413.7991890766388,998
2024-09-18 13:59:59.615000,413.82265734993126,105
2024-09-18 13:59:59.805000,413.8036307628981,99
