Timestamp,Price,Size
2024-09-19 10:28:00.295000,419.91748978441086,98
2024-09-19 10:28:00.699000,419.9059980877196,104
2024-09-19 10:28:01.088000,419.90951783778434,1004
2024-09-19 10:28:01.169000,419.91372219601686,102
2024-09-19 10:28:01.176000,419.928851875492,95
2024-09-19 10:28:01.338000,419.9111439021713,5
2024-09-19 10:28:01.419000,419.9355287981062,100
2024-09-19 10:28:01.443000,419.92229863911547,995
2024-09-19 10:28:01.524000,419.9206417205049,999
2024-09-19 10:28:01.728000,419.93700435036897,998
2024-09-19 10:28:01.861000,419.9250229593557,96
2024-09-19 10:28:02.035000,419.914686572112,99
2024-09-19 10:28:02.064000,419.8447286668261,14
2024-09-19 10:28:02.089000,419.91278020408726,97
2024-09-19 10:28:02.099000,419.9450784539846,997
2024-09-19 10:28:02.117000,419.84894762864224,999
2024-09-19 10:28:02.178000,419.9070235161852,997
2024-09-19 10:28:02.226000,419.8903245428393,1003
2024-09-19 10:28:02.242000,419.84277797290326,95
2024-09-19 10:28:02.287000,419.8240756312751,1001
2024-09-19 10:28:02.335000,419.9003436649593,997
2024-09-19 10:28:02.357000,419.8591486596944,98
2024-09-19 10:28:02.383000,419.8308057871003,95
2024-09-19 10:28:02.424000,419.8799760443265,1002
2024-09-19 10:28:02.436000,419.9233310158756,1000
2024-09-19 10:28:02.461000,419.8440794146482,999
2024-09-19 10:28:02.657000,419.8794182107562,101
2024-09-19 10:28:02.718000,419.9261009431616,1002
2024-09-19 10:28:02.743000,419.8371719179111,7
2024-09-19 10:28:02.761000,419.8788028971285,1005
2024-09-19 10:28:02.772000,419.8731614508529,103
2024-09-19 10:28:02.871000,419.8307174794367,995
2024-09-19 10:28:02.986000,419.84939340389695,1000
2024-09-19 10:28:02.995000,419.8283092689598,103
2024-09-19 10:28:03.096000,419.824367226176,99
2024-09-19 10:28:03.113000,419.829950029438,997
2024-09-19 10:28:03.130000,419.8161749831818,6
2024-09-19 10:28:03.139000,419.8630739160361,7
2024-09-19 10:28:03.365000,419.7954797028669,10
2024-09-19 10:28:03.383000,419.8124881297677,1003
2024-09-19 10:28:03.454000,419.7512022704576,104
2024-09-19 10:28:03.578000,419.85450151943934,1002
2024-09-19 10:28:03.660000,419.8423701027299,100
2024-09-19 10:28:03.696000,419.75293177231447,102
2024-09-19 10:28:03.735000,419.7307546003087,12
2024-09-19 10:28:03.736000,419.8178718868173,996
2024-09-19 10:28:03.741000,419.83396791555606,6
2024-09-19 10:28:03.800000,419.7681972601236,995
2024-09-19 10:28:03.814000,419.7573656166525,98
2024-09-19 10:28:03.889000,419.8183295899664,13
2024-09-19 10:28:03.952000,419.8272920749489,1000
2024-09-19 10:28:03.965000,419.8080589678098,10
2024-09-19 10:28:03.981000,419.8130904468735,998
2024-09-19 10:28:04.415000,419.7441424954226,12
2024-09-19 10:28:04.481000,419.7248553894386,95
2024-09-19 10:28:04.529000,419.7357020775759,98
2024-09-19 10:28:04.604000,419.7296180331708,104
2024-09-19 10:28:05.010000,419.70229432435167,998
2024-09-19 10:28:05.025000,419.7285029376209,95
2024-09-19 10:28:05.060000,419.7067163646,14
2024-09-19 10:28:05.075000,419.724001379797,995
2024-09-19 10:28:05.087000,419.6978166563302,996
2024-09-19 10:28:05.100000,419.7236938593493,999
2024-09-19 10:28:05.297000,419.7115941041355,11
2024-09-19 10:28:05.300000,419.71251150858143,1004
2024-09-19 10:28:05.323000,419.7346663321123,14
2024-09-19 10:28:05.344000,419.73195255120817,103
2024-09-19 10:28:05.363000,419.7257529853447,10
2024-09-19 10:28:05.434000,419.7236502378095,1005
2024-09-19 10:28:05.503000,419.7079366083581,1001
2024-09-19 10:28:05.523000,419.719515704662,995
2024-09-19 10:28:05.530000,419.6927757738219,1001
2024-09-19 10:28:05.550000,419.7094429124159,15
2024-09-19 10:28:05.597000,419.714940454408,103
2024-09-19 10:28:05.676000,419.7155250323487,9
2024-09-19 10:28:05.729000,419.7079111640588,11
2024-09-19 10:28:05.739000,419.72680552507273,103
2024-09-19 10:28:05.766000,419.6920006509339,10
2024-09-19 10:28:05.781000,419.74053445650617,1005
2024-09-19 10:28:05.857000,419.7147820982929,7
2024-09-19 10:28:05.897000,419.7328499703786,95
2024-09-19 10:28:05.932000,419.71204747980977,6
2024-09-19 10:28:05.943000,419.721298277411,9
2024-09-19 10:28:05.984000,419.71498947893207,101
2024-09-19 10:28:06.095000,419.7005960975554,14
2024-09-19 10:28:06.194000,419.6905710049253,10
2024-09-19 10:28:06.424000,419.7122555760589,995
2024-09-19 10:28:06.442000,419.7103259517581,104
2024-09-19 10:28:06.470000,419.6936393177698,102
2024-09-19 10:28:06.513000,419.70503732921696,12
2024-09-19 10:28:06.668000,419.7039225413962,997
2024-09-19 10:28:06.742000,419.6974559864198,13
2024-09-19 10:28:06.848000,419.6901124193228,11
2024-09-19 10:28:06.894000,419.70306533053497,101
2024-09-19 10:28:06.943000,419.6906844455538,98
2024-09-19 10:28:07.006000,419.7776689440187,99
2024-09-19 10:28:07.056000,419.7468663297156,1004
2024-09-19 10:28:07.098000,419.76904460948606,105
2024-09-19 10:28:07.242000,419.78560547609567,1002
2024-09-19 10:28:07.293000,419.7314297730404,995
2024-09-19 10:28:07.394000,419.7104341294508,1000
2024-09-19 10:28:07.518000,419.7430186543815,999
2024-09-19 10:28:07.521000,419.78361782960695,6
2024-09-19 10:28:07.605000,419.7148056561672,1005
2024-09-19 10:28:07.731000,419.7956596776912,9
2024-09-19 10:28:07.737000,419.7822766938659,9
2024-09-19 10:28:07.762000,419.7100604922924,14
2024-09-19 10:28:07.839000,419.75738960474513,104
2024-09-19 10:28:07.854000,419.7087863963315,996
2024-09-19 10:28:07.884000,419.77646726781205,100
2024-09-19 10:28:07.919000,419.7676055938243,104
2024-09-19 10:28:07.930000,419.7765147193604,105
2024-09-19 10:28:07.937000,419.7693171230862,13
2024-09-19 10:28:07.959000,419.7477164446206,5
2024-09-19 10:28:07.990000,419.7741390573593,5
2024-09-19 10:28:07.996000,419.7699923279414,8
2024-09-19 10:28:08.004000,419.7188568865545,15
2024-09-19 10:28:08.043000,419.7952627985904,95
2024-09-19 10:28:08.045000,419.78806281136855,101
2024-09-19 10:28:08.074000,419.7248799294868,105
2024-09-19 10:28:08.119000,419.74095432201057,102
2024-09-19 10:28:08.124000,419.7962692428817,97
2024-09-19 10:28:08.250000,419.7363867047012,997
2024-09-19 10:28:08.275000,419.7173173038123,98
2024-09-19 10:28:08.320000,419.6954267458802,9
2024-09-19 10:28:08.335000,419.7619116706219,1002
2024-09-19 10:28:08.354000,419.74906806260674,11
2024-09-19 10:28:08.440000,419.78355767815714,102
2024-09-19 10:28:08.454000,419.7030214960853,97
2024-09-19 10:28:08.467000,419.7955002082184,5
2024-09-19 10:28:08.514000,419.71186523909466,1000
2024-09-19 10:28:08.516000,419.7368414114731,98
2024-09-19 10:28:08.541000,419.7085686527956,997
2024-09-19 10:28:08.551000,419.7482485401853,1005
2024-09-19 10:28:08.570000,419.7793715558399,1003
2024-09-19 10:28:08.573000,419.7727000863475,105
2024-09-19 10:28:08.650000,419.6960651321147,11
2024-09-19 10:28:08.655000,419.7988952096829,995
2024-09-19 10:28:08.693000,419.6896513071362,995
2024-09-19 10:28:08.742000,419.7959245671597,1001
2024-09-19 10:28:08.792000,419.7780030506608,103
2024-09-19 10:28:08.852000,419.7713918688456,104
2024-09-19 10:28:08.870000,419.78528905079406,15
2024-09-19 10:28:08.962000,419.7924533974309,995
2024-09-19 10:28:08.988000,419.7908478576299,98
2024-09-19 10:28:09.050000,419.80791173974575,999
2024-09-19 10:28:09.060000,419.7957069594916,13
2024-09-19 10:28:09.110000,419.7882280462863,95
2024-09-19 10:28:09.119000,419.8137000003968,997
2024-09-19 10:28:09.182000,419.7873481414792,995
2024-09-19 10:28:09.197000,419.8342083057887,1001
2024-09-19 10:28:09.211000,419.7880086055729,8
2024-09-19 10:28:09.214000,419.7991826519991,11
2024-09-19 10:28:09.215000,419.87794072078,96
2024-09-19 10:28:09.234000,419.8829528685957,998
2024-09-19 10:28:09.309000,419.8276579656488,8
2024-09-19 10:28:09.313000,419.8036381461337,100
2024-09-19 10:28:09.314000,419.79144471268427,102
2024-09-19 10:28:09.316000,419.8231940948602,100
2024-09-19 10:28:09.518000,419.85704559622167,7
2024-09-19 10:28:09.527000,419.8078044678897,996
2024-09-19 10:28:09.538000,419.82455814597273,96
2024-09-19 10:28:09.565000,419.790508588324,11
2024-09-19 10:28:09.621000,419.7913386799834,98
2024-09-19 10:28:09.672000,419.8060876668249,1002
2024-09-19 10:28:09.728000,419.8121846940247,996
2024-09-19 10:28:09.738000,419.8194638152578,1005
2024-09-19 10:28:09.879000,419.8127013208463,1004
2024-09-19 10:28:09.913000,419.84238750108136,8
2024-09-19 10:28:09.939000,419.8450468806702,5
2024-09-19 10:28:09.987000,419.8040463542679,1001
2024-09-19 10:28:10.141000,419.8196519678157,14
2024-09-19 10:28:10.187000,419.8301808944565,5
2024-09-19 10:28:10.373000,419.8260009501234,999
2024-09-19 10:28:10.387000,419.8166711133,1004
2024-09-19 10:28:10.388000,419.8300861495803,5
2024-09-19 10:28:10.414000,419.83821058168894,102
2024-09-19 10:28:10.455000,419.81682493637686,13
2024-09-19 10:28:10.498000,419.8104505218779,96
2024-09-19 10:28:10.639000,419.8106898233681,1004
2024-09-19 10:28:10.653000,419.8248487196282,1004
2024-09-19 10:28:11.464000,419.81550624526943,11
2024-09-19 10:28:11.604000,419.8172274395974,95
2024-09-19 10:28:11.792000,419.8168988165373,1004
2024-09-19 10:28:11.861000,419.80384184272685,8
2024-09-19 10:28:12.006000,419.8234756437053,100
2024-09-19 10:28:12.085000,419.7925104245691,1000
2024-09-19 10:28:12.115000,419.8295245739113,9
2024-09-19 10:28:12.163000,419.8065782625436,103
2024-09-19 10:28:12.234000,419.8467372900592,97
2024-09-19 10:28:12.265000,419.7928558217728,1005
2024-09-19 10:28:12.276000,419.7945304307474,9
2024-09-19 10:28:12.422000,419.8331841205031,6
2024-09-19 10:28:12.478000,419.7798005470616,96
2024-09-19 10:28:12.538000,419.7991744499747,1002
2024-09-19 10:28:12.547000,419.7993740841187,5
2024-09-19 10:28:12.597000,419.825894343402,104
2024-09-19 10:28:12.754000,419.8537840731637,6
2024-09-19 10:28:12.872000,419.81515527643376,7
2024-09-19 10:28:12.903000,419.79746611024177,13
2024-09-19 10:28:12.934000,419.8537976564018,999
2024-09-19 10:28:12.936000,419.8105876377795,103
2024-09-19 10:28:12.943000,419.8342184337462,6
2024-09-19 10:28:12.962000,419.8275376655749,8
2024-09-19 10:28:13.001000,419.7712606548983,98
2024-09-19 10:28:13.013000,419.8065241957356,97
2024-09-19 10:28:13.023000,419.83190723969625,15
2024-09-19 10:28:13.023000,419.822181899855,5
2024-09-19 10:28:13.086000,419.8012661914063,102
2024-09-19 10:28:13.317000,419.8028728186175,999
2024-09-19 10:28:13.339000,419.7838107914158,12
2024-09-19 10:28:13.474000,419.8260943234421,9
2024-09-19 10:28:13.475000,419.800621208442,1000
2024-09-19 10:28:13.481000,419.8040001716638,8
2024-09-19 10:28:13.516000,419.8114443945143,15
2024-09-19 10:28:13.516000,419.8305164699565,997
2024-09-19 10:28:13.542000,419.7902252288607,999
2024-09-19 10:28:13.582000,419.78706622360914,995
2024-09-19 10:28:13.685000,419.8088542262717,997
2024-09-19 10:28:13.820000,419.7671868219456,103
2024-09-19 10:28:13.889000,419.8284407678106,102
2024-09-19 10:28:13.997000,419.7979753675054,99
2024-09-19 10:28:14.054000,419.7960349658375,104
2024-09-19 10:28:14.150000,419.7755305096264,97
2024-09-19 10:28:14.159000,419.7691569030501,1001
2024-09-19 10:28:14.232000,419.7830202365795,101
2024-09-19 10:28:14.272000,419.7977945434606,12
2024-09-19 10:28:14.289000,419.7428574645083,1003
2024-09-19 10:28:14.302000,419.80794703161126,99
2024-09-19 10:28:14.385000,419.7521844637039,5
2024-09-19 10:28:14.408000,419.7533958577338,997
2024-09-19 10:28:14.505000,419.7195038576333,6
2024-09-19 10:28:14.508000,419.7999214656798,11
2024-09-19 10:28:14.520000,419.7749167020818,1001
2024-09-19 10:28:14.778000,419.7986869518732,14
2024-09-19 10:28:14.792000,419.7971813627473,15
2024-09-19 10:28:14.810000,419.7802812090768,5
2024-09-19 10:28:14.833000,419.7645825484554,999
2024-09-19 10:28:14.856000,419.7373189451994,102
2024-09-19 10:28:14.934000,419.7613226039564,997
2024-09-19 10:28:15.212000,419.76128922135496,995
2024-09-19 10:28:15.353000,419.7735497466769,100
2024-09-19 10:28:16.036000,419.7851845102812,996
2024-09-19 10:28:16.140000,419.8196990226671,101
2024-09-19 10:28:16.246000,419.80121090474137,13
2024-09-19 10:28:16.338000,419.8452431298024,996
2024-09-19 10:28:16.518000,419.78544318431335,15
2024-09-19 10:28:16.580000,419.8260889589738,105
2024-09-19 10:28:16.597000,419.8283555275536,997
2024-09-19 10:28:16.718000,419.8128067485934,101
2024-09-19 10:28:17,419.7546015600896,998
2024-09-19 10:28:17.116000,419.8049546282404,99
2024-09-19 10:28:17.164000,419.7441805410127,1003
2024-09-19 10:28:17.195000,419.7758806430448,999
2024-09-19 10:28:17.219000,419.7948395529957,96
2024-09-19 10:28:17.241000,419.7573136652064,97
2024-09-19 10:28:17.305000,419.73755159097567,96
2024-09-19 10:28:17.336000,419.75339344869417,95
2024-09-19 10:28:17.353000,419.8117299787404,1002
2024-09-19 10:28:17.364000,419.74231856862974,98
2024-09-19 10:28:17.401000,419.7999990697118,7
2024-09-19 10:28:17.410000,419.7463973441453,99
2024-09-19 10:28:17.418000,419.7439590105304,98
2024-09-19 10:28:17.446000,419.7356691344266,12
2024-09-19 10:28:17.499000,419.7430879748591,8
2024-09-19 10:28:17.506000,419.7713923166732,998
2024-09-19 10:28:17.596000,419.7555482510461,99
2024-09-19 10:28:17.631000,419.7522842786536,99
2024-09-19 10:28:17.650000,419.7763230090952,15
2024-09-19 10:28:17.682000,419.7518566443908,999
2024-09-19 10:28:17.696000,419.746879686396,95
2024-09-19 10:28:17.777000,419.7490336491729,1001
2024-09-19 10:28:17.797000,419.8059936061279,14
2024-09-19 10:28:17.916000,419.8120083412621,14
2024-09-19 10:28:17.949000,419.8059572945624,995
2024-09-19 10:28:17.950000,419.8109100244345,95
2024-09-19 10:28:17.988000,419.7550267850214,999
2024-09-19 10:28:18.054000,419.78354264577393,103
2024-09-19 10:28:18.174000,419.7566521189624,1004
2024-09-19 10:28:18.285000,419.7681957329924,999
2024-09-19 10:28:18.310000,419.7682713354959,10
2024-09-19 10:28:18.324000,419.766546291878,102
2024-09-19 10:28:18.358000,419.7763934936776,1004
2024-09-19 10:28:18.413000,419.7600948899357,102
2024-09-19 10:28:18.495000,419.778290399883,6
2024-09-19 10:28:18.677000,419.7541721375268,5
2024-09-19 10:28:18.678000,419.7745876288848,996
2024-09-19 10:28:18.694000,419.7709507094126,13
2024-09-19 10:28:18.762000,419.7473773826131,10
2024-09-19 10:28:18.831000,419.7535914806001,97
2024-09-19 10:28:18.857000,419.77975528150006,1002
2024-09-19 10:28:18.883000,419.78533008677744,15
2024-09-19 10:28:18.898000,419.754397884747,5
2024-09-19 10:28:19.092000,419.7936000821522,1000
2024-09-19 10:28:19.263000,419.8621416925218,998
2024-09-19 10:28:19.402000,419.8070713545343,13
2024-09-19 10:28:19.430000,419.8727651961536,995
2024-09-19 10:28:19.466000,419.8911780471991,95
2024-09-19 10:28:19.588000,419.8724749741612,103
2024-09-19 10:28:19.595000,419.9036649176821,1000
2024-09-19 10:28:19.664000,419.7904242008195,99
2024-09-19 10:28:19.863000,419.7731230476655,102
2024-09-19 10:28:19.968000,419.83023247759047,995
2024-09-19 10:28:19.999000,419.912160947078,101
2024-09-19 10:28:20.025000,419.9566931202105,11
2024-09-19 10:28:20.097000,419.8929807673662,996
2024-09-19 10:28:20.108000,419.9251219582408,105
2024-09-19 10:28:20.192000,419.95396128097263,98
2024-09-19 10:28:20.209000,419.9177337600722,102
2024-09-19 10:28:20.275000,419.9443563772186,998
2024-09-19 10:28:20.312000,419.9158236528374,1001
2024-09-19 10:28:20.353000,419.9502758393451,1002
2024-09-19 10:28:20.384000,419.9347649090392,14
2024-09-19 10:28:20.635000,419.9232162170559,98
2024-09-19 10:28:20.658000,419.9196654741472,101
2024-09-19 10:28:20.668000,419.94434366431005,104
2024-09-19 10:28:20.683000,419.9322451151404,8
2024-09-19 10:28:20.698000,419.9568359895972,103
2024-09-19 10:28:20.701000,419.9413440402207,1001
2024-09-19 10:28:20.707000,419.9307417811632,997
2024-09-19 10:28:20.707000,419.9176002888058,5
2024-09-19 10:28:20.736000,419.95355395546943,998
2024-09-19 10:28:20.743000,419.9343140582303,103
2024-09-19 10:28:20.760000,419.9542330725254,98
2024-09-19 10:28:20.816000,419.9532692135188,102
2024-09-19 10:28:20.852000,419.9061961978993,12
2024-09-19 10:28:21.524000,419.9569800948472,1002
2024-09-19 10:28:21.828000,419.9667778255825,99
2024-09-19 10:28:21.860000,419.9751782164831,102
2024-09-19 10:28:22.071000,419.989809942662,102
2024-09-19 10:28:22.136000,419.9733825106957,8
2024-09-19 10:28:22.187000,419.9861134113698,995
2024-09-19 10:28:22.232000,419.9784069145527,98
2024-09-19 10:28:22.306000,419.9422483475729,9
2024-09-19 10:28:22.315000,419.99306244470966,100
2024-09-19 10:28:22.340000,419.9943890624989,8
2024-09-19 10:28:22.347000,420.0137112967948,998
2024-09-19 10:28:22.380000,419.9900909040005,999
2024-09-19 10:28:22.393000,420.0021740010082,1005
2024-09-19 10:28:22.469000,419.97005429745553,1005
2024-09-19 10:28:22.634000,419.9617725145532,1000
2024-09-19 10:28:22.678000,419.958501669163,1005
2024-09-19 10:28:22.721000,420.0023012155327,7
2024-09-19 10:28:22.839000,419.9790929922672,99
2024-09-19 10:28:22.857000,419.9592235901891,10
2024-09-19 10:28:22.862000,419.9404866601207,6
2024-09-19 10:28:22.869000,419.9826927417851,102
2024-09-19 10:28:22.922000,420.0186761795447,12
2024-09-19 10:28:22.954000,420.000265995765,995
2024-09-19 10:28:22.981000,419.9727202796809,10
2024-09-19 10:28:22.992000,419.977977231162,15
2024-09-19 10:28:23.007000,419.96643835813376,11
2024-09-19 10:28:23.154000,419.99375106793366,11
2024-09-19 10:28:23.201000,419.9784548945184,5
2024-09-19 10:28:23.585000,420.0022645376475,98
2024-09-19 10:28:23.612000,419.995275226982,13
2024-09-19 10:28:23.862000,419.987394229804,1003
2024-09-19 10:28:24.058000,419.9902709340132,1001
2024-09-19 10:28:24.071000,420.018357991393,13
2024-09-19 10:28:24.082000,420.0757663170204,997
2024-09-19 10:28:24.140000,419.9747880794207,5
2024-09-19 10:28:24.146000,420.05765435682497,6
2024-09-19 10:28:24.244000,420.1165153225269,101
2024-09-19 10:28:24.257000,420.0964591007074,99
2024-09-19 10:28:24.291000,419.9702742215457,9
2024-09-19 10:28:24.303000,420.070725020854,998
2024-09-19 10:28:24.347000,420.0596489766239,105
2024-09-19 10:28:24.362000,420.0145494202857,999
2024-09-19 10:28:24.378000,420.0342538415408,7
2024-09-19 10:28:24.492000,420.0910569294245,1005
2024-09-19 10:28:24.493000,420.0874234318822,998
2024-09-19 10:28:24.567000,419.990807914521,6
2024-09-19 10:28:24.578000,420.1104036368577,98
2024-09-19 10:28:24.582000,420.00041932275343,995
2024-09-19 10:28:24.688000,420.0510536851205,14
2024-09-19 10:28:24.734000,420.0133622126576,1003
2024-09-19 10:28:24.753000,420.1146643333796,13
2024-09-19 10:28:24.899000,419.9761081528563,15
2024-09-19 10:28:24.907000,420.01052182137215,95
2024-09-19 10:28:25.101000,420.1188808053445,9
2024-09-19 10:28:25.118000,420.11539330577193,15
2024-09-19 10:28:25.275000,420.0934039420644,13
2024-09-19 10:28:25.353000,420.125725894277,10
2024-09-19 10:28:25.378000,420.1192935540364,100
2024-09-19 10:28:25.428000,420.1202562256664,1004
2024-09-19 10:28:25.482000,420.1325055138957,13
2024-09-19 10:28:25.550000,420.1148770341778,104
2024-09-19 10:28:25.622000,420.10549953173336,1004
2024-09-19 10:28:25.651000,420.1363236601161,15
2024-09-19 10:28:25.659000,420.1516646080215,995
2024-09-19 10:28:25.672000,420.1158678812076,98
2024-09-19 10:28:25.762000,420.0975330535245,996
2024-09-19 10:28:25.767000,420.1213624158478,99
2024-09-19 10:28:25.781000,420.1466489376927,100
2024-09-19 10:28:25.807000,420.1057486186763,100
2024-09-19 10:28:25.865000,420.1000328178603,5
2024-09-19 10:28:25.867000,420.122884380309,999
2024-09-19 10:28:25.868000,420.1045646390332,105
2024-09-19 10:28:26.157000,420.134766488358,95
2024-09-19 10:28:26.176000,420.11876701414656,13
2024-09-19 10:28:26.181000,420.12746035278406,100
2024-09-19 10:28:26.300000,420.13261157734144,1005
2024-09-19 10:28:26.378000,420.13924422882815,96
2024-09-19 10:28:26.395000,420.12498033064776,1004
2024-09-19 10:28:26.402000,420.1475091472044,7
2024-09-19 10:28:26.488000,420.15229787178873,12
2024-09-19 10:28:26.541000,420.1278639496183,102
2024-09-19 10:28:26.826000,420.11465329075753,11
2024-09-19 10:28:27.344000,420.1582212443303,1003
2024-09-19 10:28:28.042000,420.1492425931485,13
2024-09-19 10:28:28.043000,420.1337305346801,1004
2024-09-19 10:28:28.072000,420.24332316944987,1000
2024-09-19 10:28:28.095000,420.166211424325,11
2024-09-19 10:28:28.133000,420.14393756154055,1001
2024-09-19 10:28:28.200000,420.15787646722936,14
2024-09-19 10:28:28.200000,420.23576691693887,105
2024-09-19 10:28:28.217000,420.16080821312806,1005
2024-09-19 10:28:28.221000,420.148483477636,1002
2024-09-19 10:28:28.256000,420.1474091554581,14
2024-09-19 10:28:28.262000,420.24456406662347,103
2024-09-19 10:28:28.318000,420.2360492354754,100
2024-09-19 10:28:28.375000,420.1397494183225,12
2024-09-19 10:28:28.375000,420.15984636437656,997
2024-09-19 10:28:28.380000,420.1541447618058,104
2024-09-19 10:28:28.481000,420.2051500270503,98
2024-09-19 10:28:28.659000,420.1571716015908,104
2024-09-19 10:28:28.717000,420.15859128674913,101
2024-09-19 10:28:28.769000,420.1475194980539,100
2024-09-19 10:28:28.890000,420.1685737877352,14
2024-09-19 10:28:28.991000,420.14598609863873,105
2024-09-19 10:28:29.003000,420.2806420236532,11
2024-09-19 10:28:29.060000,420.288331841734,13
2024-09-19 10:28:29.080000,420.28897199645616,97
2024-09-19 10:28:29.284000,420.2533364984928,997
2024-09-19 10:28:29.379000,420.2729481764977,11
2024-09-19 10:28:29.414000,420.2723326359156,6
2024-09-19 10:28:29.799000,420.25405524332086,996
2024-09-19 10:28:29.801000,420.2876960165144,5
2024-09-19 10:28:29.834000,420.2389364618306,96
2024-09-19 10:28:29.838000,420.27350679285945,97
2024-09-19 10:28:29.870000,420.2570047785198,12
2024-09-19 10:28:30.135000,420.1898124017634,15
2024-09-19 10:28:30.150000,420.1971720151398,102
2024-09-19 10:28:30.191000,420.18734122696605,99
2024-09-19 10:28:30.388000,420.1877623892729,6
2024-09-19 10:28:30.395000,420.2269541516508,995
2024-09-19 10:28:30.436000,420.1870074333284,13
2024-09-19 10:28:30.863000,420.17467924299865,1001
2024-09-19 10:28:30.897000,420.2135585950599,7
2024-09-19 10:28:31.329000,420.2238693921099,98
2024-09-19 10:28:31.488000,420.291139212959,103
2024-09-19 10:28:31.671000,420.2583538833975,7
2024-09-19 10:28:31.737000,420.20005169803306,1001
2024-09-19 10:28:31.755000,420.3015449271824,998
2024-09-19 10:28:32.398000,420.36748989945,11
2024-09-19 10:28:32.489000,420.3032616285673,104
2024-09-19 10:28:32.513000,420.3175277510905,1000
2024-09-19 10:28:32.626000,420.3620883943775,101
2024-09-19 10:28:32.776000,420.3667536402683,1004
2024-09-19 10:28:32.806000,420.3350292135461,997
2024-09-19 10:28:33.048000,420.37349998436736,9
2024-09-19 10:28:33.151000,420.35406844786087,96
2024-09-19 10:28:33.401000,420.3652339480451,97
2024-09-19 10:28:33.478000,420.35042911971806,100
2024-09-19 10:28:33.789000,420.3389413929877,8
2024-09-19 10:28:34.017000,420.402117869516,15
2024-09-19 10:28:34.031000,420.3729371078155,1005
2024-09-19 10:28:34.113000,420.3753379725352,997
2024-09-19 10:28:34.173000,420.3931926611995,96
2024-09-19 10:28:34.360000,420.36174667556025,5
2024-09-19 10:28:34.522000,420.391575536924,996
2024-09-19 10:28:34.548000,420.3925998769765,6
2024-09-19 10:28:34.552000,420.3903365423261,15
2024-09-19 10:28:34.657000,420.3817250876851,1001
2024-09-19 10:28:34.687000,420.3881971496077,9
2024-09-19 10:28:34.741000,420.40795441257467,97
2024-09-19 10:28:34.742000,420.3511872904359,15
2024-09-19 10:28:34.750000,420.3847095365677,10
2024-09-19 10:28:34.784000,420.33976944467,997
2024-09-19 10:28:34.833000,420.3990916285754,1002
2024-09-19 10:28:34.981000,420.3751363509533,998
2024-09-19 10:28:35.096000,420.342187932891,1005
2024-09-19 10:28:35.160000,420.3255860635791,996
2024-09-19 10:28:35.238000,420.3068647303809,5
2024-09-19 10:28:35.467000,420.30229594146897,97
2024-09-19 10:28:35.521000,420.34741668397817,995
2024-09-19 10:28:35.535000,420.32681459187546,998
2024-09-19 10:28:35.577000,420.3138606306062,105
2024-09-19 10:28:35.620000,420.3200814796216,998
2024-09-19 10:28:35.789000,420.3091816255991,10
2024-09-19 10:28:35.820000,420.2913385305703,104
2024-09-19 10:28:35.821000,420.3285886686351,103
2024-09-19 10:28:35.862000,420.3239823930556,101
2024-09-19 10:28:36.082000,420.3044917741165,1001
2024-09-19 10:28:36.115000,420.3129243832071,1002
2024-09-19 10:28:36.391000,420.31275108837167,8
2024-09-19 10:28:36.484000,420.303261323014,6
2024-09-19 10:28:36.553000,420.33055004267584,9
2024-09-19 10:28:36.576000,420.30276866874055,7
2024-09-19 10:28:36.847000,420.3433605547602,1002
2024-09-19 10:28:37.028000,420.356216888709,1002
2024-09-19 10:28:37.034000,420.3520204177656,998
2024-09-19 10:28:37.058000,420.3667958509289,95
2024-09-19 10:28:37.071000,420.3662068689636,103
2024-09-19 10:28:37.162000,420.37995087204126,15
2024-09-19 10:28:37.178000,420.3662843779048,105
2024-09-19 10:28:37.240000,420.3257170731397,6
2024-09-19 10:28:37.306000,420.3474117064442,98
2024-09-19 10:28:37.322000,420.3666675758559,7
2024-09-19 10:28:37.645000,420.3614156880367,997
2024-09-19 10:28:37.658000,420.3696008570822,997
2024-09-19 10:28:37.680000,420.3320963654595,995
2024-09-19 10:28:37.691000,420.35570090711,996
2024-09-19 10:28:37.706000,420.36601494212096,13
2024-09-19 10:28:37.755000,420.3556530376851,5
2024-09-19 10:28:37.816000,420.3517277433774,99
2024-09-19 10:28:37.828000,420.3335668539093,98
2024-09-19 10:28:37.959000,420.362827007087,104
2024-09-19 10:28:37.971000,420.3568154309784,5
2024-09-19 10:28:37.995000,420.38079930118994,1003
2024-09-19 10:28:38.005000,420.4458576710737,8
2024-09-19 10:28:38.011000,420.43831895995487,10
2024-09-19 10:28:38.054000,420.51013448460174,1005
2024-09-19 10:28:38.120000,420.5004337914485,8
2024-09-19 10:28:38.156000,420.51408714916346,1005
2024-09-19 10:28:38.201000,420.37660577973634,1000
2024-09-19 10:28:38.297000,420.41703818660295,8
2024-09-19 10:28:38.368000,420.51231635134246,998
2024-09-19 10:28:38.471000,420.43563227138026,96
2024-09-19 10:28:38.478000,420.4924913403534,1002
2024-09-19 10:28:38.498000,420.5175944273926,6
2024-09-19 10:28:38.504000,420.5128734398426,97
2024-09-19 10:28:38.558000,420.5138875988189,15
2024-09-19 10:28:38.644000,420.409860650038,1001
2024-09-19 10:28:38.648000,420.5179546287541,101
2024-09-19 10:28:38.681000,420.4967141762525,11
2024-09-19 10:28:38.845000,420.50454558367846,98
2024-09-19 10:28:38.845000,420.3943707941654,6
2024-09-19 10:28:38.904000,420.3951364969458,8
2024-09-19 10:28:38.916000,420.4838301703362,14
2024-09-19 10:28:38.919000,420.4863183858688,105
2024-09-19 10:28:38.920000,420.5064503201252,997
2024-09-19 10:28:38.921000,420.5112175833902,997
2024-09-19 10:28:38.925000,420.4878770117932,102
2024-09-19 10:28:38.949000,420.5084161712499,11
2024-09-19 10:28:38.958000,420.46391892223954,105
2024-09-19 10:28:39.009000,420.5252654703262,98
2024-09-19 10:28:39.070000,420.4349416651541,1001
2024-09-19 10:28:39.080000,420.44261722379247,1004
2024-09-19 10:28:39.119000,420.4390361248563,999
2024-09-19 10:28:39.138000,420.4388106987348,99
2024-09-19 10:28:39.138000,420.4213453028885,995
2024-09-19 10:28:39.146000,420.39707364261983,14
2024-09-19 10:28:39.165000,420.4070033238459,104
2024-09-19 10:28:39.189000,420.419208417049,95
2024-09-19 10:28:39.206000,420.5160299667402,95
2024-09-19 10:28:39.336000,420.4075406979358,999
2024-09-19 10:28:39.349000,420.4420166715807,1003
2024-09-19 10:28:39.400000,420.3993703514273,101
2024-09-19 10:28:39.436000,420.4629031326879,8
2024-09-19 10:28:39.559000,420.414059641449,996
2024-09-19 10:28:39.561000,420.4910315491277,12
2024-09-19 10:28:39.641000,420.4968949111139,14
2024-09-19 10:28:39.708000,420.4674635006165,1005
2024-09-19 10:28:39.728000,420.4493433829743,103
2024-09-19 10:28:39.740000,420.4465040441311,96
2024-09-19 10:28:39.775000,420.4153188825057,97
2024-09-19 10:28:39.783000,420.4488402767568,9
2024-09-19 10:28:39.794000,420.4234962260122,11
2024-09-19 10:28:39.844000,420.41384678479454,998
2024-09-19 10:28:39.898000,420.4122744784112,96
2024-09-19 10:28:39.898000,420.4194622651272,11
2024-09-19 10:28:39.916000,420.4426566400517,5
2024-09-19 10:28:39.931000,420.444260713721,997
2024-09-19 10:28:40.027000,420.4806355345182,997
2024-09-19 10:28:40.032000,420.4756052035928,998
2024-09-19 10:28:40.216000,420.4644848922595,105
2024-09-19 10:28:40.279000,420.5224816881295,8
2024-09-19 10:28:40.301000,420.46711251982526,105
2024-09-19 10:28:40.331000,420.4701713389272,5
2024-09-19 10:28:40.341000,420.502053720504,12
2024-09-19 10:28:40.400000,420.4905630630644,6
2024-09-19 10:28:40.412000,420.4719371937071,105
2024-09-19 10:28:40.454000,420.4896391444147,9
2024-09-19 10:28:40.482000,420.4741984604957,10
2024-09-19 10:28:40.487000,420.5023257307759,15
2024-09-19 10:28:40.522000,420.4797587372626,1002
2024-09-19 10:28:40.738000,420.4788489785347,101
2024-09-19 10:28:40.747000,420.5124871823113,8
2024-09-19 10:28:40.776000,420.50702664030393,1005
2024-09-19 10:28:40.873000,420.4974534458967,998
2024-09-19 10:28:40.951000,420.5039503935025,102
2024-09-19 10:28:41.493000,420.46632121720216,100
2024-09-19 10:28:41.599000,420.46307117269896,103
2024-09-19 10:28:41.696000,420.463164264897,996
2024-09-19 10:28:42.064000,420.4485144465607,15
2024-09-19 10:28:42.451000,420.44488908509015,6
2024-09-19 10:28:42.466000,420.44868942017945,11
2024-09-19 10:28:43.047000,420.4267139082836,8
2024-09-19 10:28:43.097000,420.42677401153,100
2024-09-19 10:28:43.101000,420.4445388208248,12
2024-09-19 10:28:43.230000,420.4451959350602,13
2024-09-19 10:28:43.237000,420.44344385695314,1001
2024-09-19 10:28:43.260000,420.4314552748661,8
2024-09-19 10:28:43.296000,420.4581092878728,9
2024-09-19 10:28:43.301000,420.4212809738663,12
2024-09-19 10:28:43.423000,420.4297659333804,8
2024-09-19 10:28:43.511000,420.44989402093097,15
2024-09-19 10:28:43.619000,420.4130119508932,9
2024-09-19 10:28:43.854000,420.4394025093641,98
2024-09-19 10:28:44.005000,420.4219986424412,1001
2024-09-19 10:28:44.027000,420.40904789313134,11
2024-09-19 10:28:44.032000,420.3911738096373,1001
2024-09-19 10:28:44.145000,420.3665530965233,995
2024-09-19 10:28:44.181000,420.41961840824166,997
2024-09-19 10:28:44.218000,420.2850763201269,999
2024-09-19 10:28:44.220000,420.4327501777446,999
2024-09-19 10:28:44.236000,420.3308563758346,7
2024-09-19 10:28:44.296000,420.3344377334933,1003
2024-09-19 10:28:44.387000,420.4035432148413,13
2024-09-19 10:28:44.429000,420.37441028555713,104
2024-09-19 10:28:44.450000,420.4045284674909,11
2024-09-19 10:28:44.477000,420.4171162312655,102
2024-09-19 10:28:44.496000,420.37087144254286,997
2024-09-19 10:28:44.526000,420.2784146887571,99
2024-09-19 10:28:44.527000,420.41783597316777,997
2024-09-19 10:28:44.539000,420.37112708040274,997
2024-09-19 10:28:44.656000,420.3601732683209,15
2024-09-19 10:28:44.702000,420.38163570835553,1004
2024-09-19 10:28:44.713000,420.4402126826316,101
2024-09-19 10:28:44.734000,420.42108046572736,998
2024-09-19 10:28:44.750000,420.2953126759133,1004
2024-09-19 10:28:44.825000,420.40755469480695,995
2024-09-19 10:28:44.857000,420.34148530949386,101
2024-09-19 10:28:44.864000,420.4212218728329,96
2024-09-19 10:28:44.917000,420.3597773930283,105
2024-09-19 10:28:44.950000,420.39494801346353,1002
2024-09-19 10:28:45.096000,420.29105115237735,96
2024-09-19 10:28:45.195000,420.1958658152207,96
2024-09-19 10:28:45.202000,420.235215123712,12
2024-09-19 10:28:45.279000,420.1821077798738,998
2024-09-19 10:28:45.353000,420.2859827606201,1004
2024-09-19 10:28:45.448000,420.1778858439518,1003
2024-09-19 10:28:45.474000,420.1942354806066,8
2024-09-19 10:28:45.474000,420.2263681195974,1003
2024-09-19 10:28:45.479000,420.2304553348548,5
2024-09-19 10:28:45.508000,420.2913749152809,14
2024-09-19 10:28:45.518000,420.2407318954925,99
2024-09-19 10:28:45.526000,420.2304528132252,1003
2024-09-19 10:28:45.531000,420.20049472083406,9
2024-09-19 10:28:45.596000,420.19410710374825,995
2024-09-19 10:28:45.607000,420.20464502478217,12
2024-09-19 10:28:45.622000,420.2034910071454,101
2024-09-19 10:28:45.657000,420.2709766433395,1001
2024-09-19 10:28:45.687000,420.2466331607736,1004
2024-09-19 10:28:45.775000,420.18260939503455,1003
2024-09-19 10:28:45.834000,420.2830965269429,5
2024-09-19 10:28:45.928000,420.19487262422695,103
2024-09-19 10:28:45.938000,420.1978958723663,6
2024-09-19 10:28:45.990000,420.2029220550899,96
2024-09-19 10:28:45.992000,420.2208127769563,1003
2024-09-19 10:28:46.163000,420.2338650069409,97
2024-09-19 10:28:46.187000,420.20029489476434,999
2024-09-19 10:28:46.297000,420.2238279253161,8
2024-09-19 10:28:46.300000,420.2290472694445,103
2024-09-19 10:28:46.300000,420.22281893216257,999
2024-09-19 10:28:46.395000,420.21140398676135,105
2024-09-19 10:28:46.525000,420.2038214496827,1000
2024-09-19 10:28:46.536000,420.2176657062812,105
2024-09-19 10:28:46.672000,420.2106452417581,13
2024-09-19 10:28:46.934000,420.19325570359865,998
2024-09-19 10:28:47.010000,420.2927226233054,105
2024-09-19 10:28:47.018000,420.28282269002233,104
2024-09-19 10:28:47.026000,420.1971458677078,999
2024-09-19 10:28:47.039000,420.2335893975237,14
2024-09-19 10:28:47.146000,420.2082550765861,101
2024-09-19 10:28:47.174000,420.1915840413642,9
2024-09-19 10:28:47.192000,420.2044139384353,14
2024-09-19 10:28:47.212000,420.2833505489709,100
2024-09-19 10:28:47.247000,420.30782790216574,105
2024-09-19 10:28:47.296000,420.3043348697986,9
2024-09-19 10:28:47.380000,420.2419148409178,1003
2024-09-19 10:28:47.383000,420.2659558257093,96
2024-09-19 10:28:47.491000,420.2800020053554,102
2024-09-19 10:28:47.602000,420.282810512158,100
2024-09-19 10:28:47.745000,420.2582444116717,6
2024-09-19 10:28:47.772000,420.3038465157839,12
2024-09-19 10:28:47.824000,420.3006136206652,95
2024-09-19 10:28:47.849000,420.2430541638673,96
2024-09-19 10:28:47.910000,420.2859618709961,14
2024-09-19 10:28:47.965000,420.2801095419623,998
2024-09-19 10:28:48.363000,420.25157396499554,10
2024-09-19 10:28:49.092000,420.2309111565479,105
2024-09-19 10:28:49.230000,420.2467315143516,15
2024-09-19 10:28:49.422000,420.23492362482784,97
2024-09-19 10:28:49.506000,420.22502915296377,99
2024-09-19 10:28:49.890000,420.257387034812,7
2024-09-19 10:28:50.148000,420.2395171295247,998
2024-09-19 10:28:50.164000,420.23986340625805,1000
2024-09-19 10:28:50.165000,420.2356103666311,1000
2024-09-19 10:28:50.190000,420.2207931947574,100
2024-09-19 10:28:50.208000,420.2347689649882,100
2024-09-19 10:28:50.267000,420.23813467050064,101
2024-09-19 10:28:50.383000,420.24438890946834,999
2024-09-19 10:28:50.410000,420.2397155290279,99
2024-09-19 10:28:50.427000,420.2383348006084,1002
2024-09-19 10:28:50.751000,420.2343526012756,11
2024-09-19 10:28:50.936000,420.2466893754738,102
2024-09-19 10:28:51,420.342062688986,10
2024-09-19 10:28:51.001000,420.29411816213417,101
2024-09-19 10:28:51.107000,420.2652639159985,99
2024-09-19 10:28:51.139000,420.2572323669807,102
2024-09-19 10:28:51.143000,420.3462867086109,995
2024-09-19 10:28:51.164000,420.30723310559296,996
2024-09-19 10:28:51.189000,420.31126809971306,95
2024-09-19 10:28:51.232000,420.2879194693758,10
2024-09-19 10:28:51.251000,420.350329592955,997
2024-09-19 10:28:51.285000,420.26085573014245,1002
2024-09-19 10:28:51.325000,420.2599611205204,1003
2024-09-19 10:28:51.369000,420.2857732110207,100
2024-09-19 10:28:51.383000,420.2921410265723,14
2024-09-19 10:28:51.410000,420.32823931784594,6
2024-09-19 10:28:51.428000,420.30287107456354,105
2024-09-19 10:28:51.432000,420.24499373471633,14
2024-09-19 10:28:51.493000,420.2830444466282,995
2024-09-19 10:28:51.494000,420.4000241772519,14
2024-09-19 10:28:51.506000,420.358881733816,1001
2024-09-19 10:28:51.516000,420.2858128002788,997
2024-09-19 10:28:51.557000,420.3000125196519,97
2024-09-19 10:28:51.613000,420.32753835988655,10
2024-09-19 10:28:51.670000,420.2729296949302,995
2024-09-19 10:28:51.685000,420.2854580826399,1000
2024-09-19 10:28:51.686000,420.2871762337769,1005
2024-09-19 10:28:51.808000,420.27574153861616,11
2024-09-19 10:28:51.938000,420.3208128380376,101
2024-09-19 10:28:51.992000,420.31901639223696,998
2024-09-19 10:28:52.021000,420.490235905866,100
2024-09-19 10:28:52.044000,420.46571025171687,1003
2024-09-19 10:28:52.165000,420.39478859049575,13
2024-09-19 10:28:52.196000,420.4844320099939,1001
2024-09-19 10:28:52.208000,420.4322599600612,95
2024-09-19 10:28:52.214000,420.4384282450543,997
2024-09-19 10:28:52.238000,420.47985694190726,104
2024-09-19 10:28:52.291000,420.4817714201884,995
2024-09-19 10:28:52.333000,420.4674541363681,99
2024-09-19 10:28:52.393000,420.5036960981665,102
2024-09-19 10:28:52.411000,420.4266443614368,103
2024-09-19 10:28:52.447000,420.40354745522166,97
2024-09-19 10:28:52.479000,420.4884714647335,96
2024-09-19 10:28:52.496000,420.472623545167,998
2024-09-19 10:28:52.710000,420.50095115467633,1003
2024-09-19 10:28:52.747000,420.3894288597714,103
2024-09-19 10:28:52.750000,420.4794128425921,101
2024-09-19 10:28:52.789000,420.4969425597715,14
2024-09-19 10:28:52.804000,420.48699615969673,100
2024-09-19 10:28:52.884000,420.49307393869344,105
2024-09-19 10:28:52.978000,420.4908798960039,12
2024-09-19 10:28:52.996000,420.48005109511286,102
2024-09-19 10:28:53.484000,420.478270341493,14
2024-09-19 10:28:53.528000,420.4848416753662,10
2024-09-19 10:28:53.669000,420.4982224553189,5
2024-09-19 10:28:53.689000,420.48776508560513,101
2024-09-19 10:28:53.743000,420.50359580084745,104
2024-09-19 10:28:53.791000,420.49044029522975,11
2024-09-19 10:28:54.703000,420.4454871437681,101
2024-09-19 10:28:54.759000,420.4647321087108,9
2024-09-19 10:28:54.907000,420.4677742134023,97
2024-09-19 10:28:54.930000,420.4594512695413,101
2024-09-19 10:28:55,420.5365140685927,1004
2024-09-19 10:28:55.008000,420.5560372612306,9
2024-09-19 10:28:55.102000,420.54228468895695,101
2024-09-19 10:28:55.137000,420.5795742163888,1005
2024-09-19 10:28:55.150000,420.4700521081852,7
2024-09-19 10:28:55.159000,420.53112484140365,105
2024-09-19 10:28:55.185000,420.5430648822245,11
2024-09-19 10:28:55.214000,420.5722278036202,1004
2024-09-19 10:28:55.285000,420.5311170551747,1001
2024-09-19 10:28:55.298000,420.4551090396879,96
2024-09-19 10:28:55.314000,420.5152755890916,100
2024-09-19 10:28:55.349000,420.4749210279389,96
2024-09-19 10:28:55.350000,420.5308140973111,10
2024-09-19 10:28:55.412000,420.53832230672174,98
2024-09-19 10:28:55.437000,420.5311949328575,103
2024-09-19 10:28:55.441000,420.5576886390951,6
2024-09-19 10:28:55.512000,420.52129293635846,102
2024-09-19 10:28:55.526000,420.5251368960629,11
2024-09-19 10:28:55.547000,420.5135127852674,14
2024-09-19 10:28:55.563000,420.5554624551287,995
2024-09-19 10:28:55.714000,420.5056219423216,102
2024-09-19 10:28:55.820000,420.509247631734,1005
2024-09-19 10:28:55.973000,420.5199127927844,1000
2024-09-19 10:28:56.077000,420.4505516190008,1004
2024-09-19 10:28:56.116000,420.4620486875871,100
2024-09-19 10:28:56.147000,420.45341530166536,998
2024-09-19 10:28:56.190000,420.4278625385501,1004
2024-09-19 10:28:56.197000,420.4681511408495,997
2024-09-19 10:28:56.201000,420.43416508764,104
2024-09-19 10:28:56.220000,420.4594708646795,14
2024-09-19 10:28:56.262000,420.4288311452607,995
2024-09-19 10:28:56.282000,420.4697529529959,96
2024-09-19 10:28:56.325000,420.405110584616,10
2024-09-19 10:28:56.448000,420.4560426394578,105
2024-09-19 10:28:56.458000,420.4356040409497,96
2024-09-19 10:28:56.554000,420.4529751038465,1003
2024-09-19 10:28:56.583000,420.5008526823792,99
2024-09-19 10:28:56.607000,420.4391535655366,97
2024-09-19 10:28:56.618000,420.4368231544378,8
2024-09-19 10:28:56.666000,420.4461419879063,1002
2024-09-19 10:28:56.678000,420.4809464040468,95
2024-09-19 10:28:56.761000,420.420905023492,1000
2024-09-19 10:28:56.811000,420.4431399417152,14
2024-09-19 10:28:56.824000,420.4740921497812,104
2024-09-19 10:28:56.964000,420.4317811888112,102
2024-09-19 10:28:56.980000,420.49360669122905,1001
2024-09-19 10:28:57.055000,420.4926632927184,9
2024-09-19 10:28:57.058000,420.4942844011101,96
2024-09-19 10:28:57.064000,420.4655409449498,96
2024-09-19 10:28:57.105000,420.4305462148518,999
2024-09-19 10:28:57.166000,420.4688816735223,1003
2024-09-19 10:28:57.218000,420.4964309552289,1004
2024-09-19 10:28:57.281000,420.4366545434103,102
2024-09-19 10:28:57.344000,420.4445928426019,6
2024-09-19 10:28:57.404000,420.4556085543568,1001
2024-09-19 10:28:57.421000,420.4874990466664,12
2024-09-19 10:28:57.434000,420.4912628311476,8
2024-09-19 10:28:57.510000,420.4643010994108,11
2024-09-19 10:28:57.565000,420.4995567709515,12
2024-09-19 10:28:57.588000,420.4829886928253,100
2024-09-19 10:28:57.610000,420.4935948759064,11
2024-09-19 10:28:57.644000,420.4498607931694,12
2024-09-19 10:28:57.651000,420.4501535144233,7
2024-09-19 10:28:57.728000,420.4481961825541,1002
2024-09-19 10:28:57.823000,420.45330548129925,97
2024-09-19 10:28:57.846000,420.4959956516384,9
2024-09-19 10:28:57.882000,420.4307201220419,10
2024-09-19 10:28:57.890000,420.48536746735743,98
2024-09-19 10:28:57.890000,420.47006159969936,996
2024-09-19 10:28:57.908000,420.4993656452129,995
2024-09-19 10:28:57.917000,420.4436355673144,1005
2024-09-19 10:28:57.937000,420.43845981577226,999
2024-09-19 10:28:57.945000,420.4770793690755,6
2024-09-19 10:28:57.949000,420.48962130176096,13
2024-09-19 10:28:57.979000,420.5005876970694,10
2024-09-19 10:28:58.077000,420.4117930974781,6
2024-09-19 10:28:58.106000,420.4233854935339,5
2024-09-19 10:28:58.173000,420.4234995277189,104
2024-09-19 10:28:58.272000,420.40092495337416,104
2024-09-19 10:28:58.373000,420.43790596932894,104
2024-09-19 10:28:58.419000,420.4159596293331,996
2024-09-19 10:28:58.460000,420.4152104254612,104
2024-09-19 10:28:58.475000,420.43295198458105,995
2024-09-19 10:28:58.617000,420.41803265418736,999
2024-09-19 10:28:58.630000,420.4139704631013,5
2024-09-19 10:28:58.655000,420.4130016850175,1002
2024-09-19 10:28:58.672000,420.42664131580176,7
2024-09-19 10:28:58.675000,420.4369225831827,99
2024-09-19 10:28:58.731000,420.4179151603718,1000
2024-09-19 10:28:58.834000,420.4338621802904,14
2024-09-19 10:28:58.869000,420.4110010403077,999
2024-09-19 10:28:58.870000,420.4320681427019,1005
2024-09-19 10:28:58.960000,420.41448409154384,98
2024-09-19 10:28:59.052000,420.4490309541623,97
2024-09-19 10:28:59.055000,420.4404752611703,98
2024-09-19 10:28:59.077000,420.4235863586373,996
2024-09-19 10:28:59.101000,420.4394509184432,100
2024-09-19 10:28:59.116000,420.4525803615613,1005
2024-09-19 10:28:59.223000,420.399184267321,12
2024-09-19 10:28:59.253000,420.4264984078511,1001
2024-09-19 10:28:59.298000,420.42625937347646,15
2024-09-19 10:28:59.388000,420.4486281151285,101
2024-09-19 10:28:59.421000,420.43719215316486,1004
2024-09-19 10:28:59.469000,420.4262072643952,1001
2024-09-19 10:28:59.472000,420.4479869268711,8
2024-09-19 10:28:59.479000,420.409066924031,101
2024-09-19 10:28:59.535000,420.43970943984647,5
2024-09-19 10:28:59.555000,420.4476264247956,10
2024-09-19 10:28:59.587000,420.4591035211561,5
2024-09-19 10:28:59.838000,420.46063357518847,997
2024-09-19 10:28:59.847000,420.43787603541216,7
2024-09-19 10:28:59.877000,420.42858414539,104
2024-09-19 10:28:59.900000,420.4272073654905,9
2024-09-19 10:28:59.957000,420.3974503724953,105
2024-09-19 10:28:59.975000,420.4652931309565,97
