Timestamp,Price,Size
2024-09-16 12:24:00.031000,416.6764358693671,9
2024-09-16 12:24:00.041000,416.7403464921897,13
2024-09-16 12:24:00.041000,416.7552126595573,103
2024-09-16 12:24:00.044000,416.6806420274869,10
2024-09-16 12:24:00.131000,416.6663460096843,12
2024-09-16 12:24:00.184000,416.7003135612731,998
2024-09-16 12:24:00.197000,416.71397052623473,1005
2024-09-16 12:24:00.227000,416.67067008747046,104
2024-09-16 12:24:00.234000,416.7333471910701,1004
2024-09-16 12:24:00.257000,416.67231246605775,13
2024-09-16 12:24:00.312000,416.666021887647,1003
2024-09-16 12:24:00.364000,416.7191593000904,101
2024-09-16 12:24:00.455000,416.7018088878625,12
2024-09-16 12:24:00.533000,416.72619913972136,1005
2024-09-16 12:24:00.534000,416.72102854754166,5
2024-09-16 12:24:00.674000,416.6815298844863,6
2024-09-16 12:24:00.694000,416.7411151232329,995
2024-09-16 12:24:00.706000,416.74156254648057,1004
2024-09-16 12:24:00.763000,416.739135645123,1001
2024-09-16 12:24:00.774000,416.6726335136535,14
2024-09-16 12:24:00.801000,416.77126899305694,96
2024-09-16 12:24:00.810000,416.7651525449379,7
2024-09-16 12:24:00.822000,416.71804719693193,12
2024-09-16 12:24:00.873000,416.755382381358,1000
2024-09-16 12:24:00.951000,416.7198825407781,14
2024-09-16 12:24:00.952000,416.745100257036,95
2024-09-16 12:24:01.065000,416.7320828988816,15
2024-09-16 12:24:01.085000,416.75462304107054,12
2024-09-16 12:24:01.325000,416.7539029840817,1004
2024-09-16 12:24:01.330000,416.72056299436673,6
2024-09-16 12:24:01.358000,416.7212878825044,1000
2024-09-16 12:24:01.383000,416.7577864023664,97
2024-09-16 12:24:01.456000,416.73788700477945,102
2024-09-16 12:24:01.499000,416.7574006502993,1004
2024-09-16 12:24:01.516000,416.6640112679841,1000
2024-09-16 12:24:01.516000,416.7726932468846,96
2024-09-16 12:24:01.604000,416.7599833585568,104
2024-09-16 12:24:01.629000,416.7682169095921,995
2024-09-16 12:24:01.697000,416.7517332871931,98
2024-09-16 12:24:01.731000,416.6938175844618,104
2024-09-16 12:24:01.803000,416.71128043064897,102
2024-09-16 12:24:01.861000,416.7505096544079,96
2024-09-16 12:24:01.965000,416.747278333824,103
2024-09-16 12:24:02.107000,416.769873939971,997
2024-09-16 12:24:02.256000,416.7496008323744,1003
2024-09-16 12:24:02.276000,416.7563141044739,5
2024-09-16 12:24:02.297000,416.7640801577971,1004
2024-09-16 12:24:02.381000,416.75179220244473,995
2024-09-16 12:24:02.449000,416.762819121402,1004
2024-09-16 12:24:02.485000,416.760659674362,11
2024-09-16 12:24:02.822000,416.7558019004172,996
2024-09-16 12:24:02.828000,416.7694615980043,97
2024-09-16 12:24:02.835000,416.77190436823406,11
2024-09-16 12:24:02.903000,416.7371940533109,1002
2024-09-16 12:24:03.200000,416.7563365931191,14
2024-09-16 12:24:03.299000,416.7640574616502,1004
2024-09-16 12:24:03.308000,416.7555575750501,1005
2024-09-16 12:24:03.523000,416.7509511681027,9
2024-09-16 12:24:03.609000,416.7610189079525,1003
2024-09-16 12:24:03.613000,416.75715371907376,101
2024-09-16 12:24:04.057000,416.7924327137928,5
2024-09-16 12:24:04.078000,416.8173886933155,14
2024-09-16 12:24:04.098000,416.77207264132994,10
2024-09-16 12:24:04.108000,416.7867239517439,1004
2024-09-16 12:24:04.142000,416.78490015421033,102
2024-09-16 12:24:04.270000,416.8086557213269,13
2024-09-16 12:24:04.277000,416.75935513341386,99
2024-09-16 12:24:04.399000,416.7642330357132,100
2024-09-16 12:24:04.439000,416.7657547575653,995
2024-09-16 12:24:04.478000,416.7619384517501,101
2024-09-16 12:24:04.602000,416.7672539300045,100
2024-09-16 12:24:04.731000,416.79202667037487,1005
2024-09-16 12:24:04.749000,416.7943529297716,95
2024-09-16 12:24:04.767000,416.78517861064574,100
2024-09-16 12:24:04.772000,416.77240232320094,9
2024-09-16 12:24:04.812000,416.7668220679523,103
2024-09-16 12:24:04.868000,416.7609154996699,9
2024-09-16 12:24:04.956000,416.79878692873547,101
2024-09-16 12:24:04.984000,416.8206305092157,13
2024-09-16 12:24:04.994000,416.7613265151313,11
2024-09-16 12:24:04.995000,416.75320417978566,6
2024-09-16 12:24:05.031000,416.8052680538095,103
2024-09-16 12:24:05.055000,416.7881157418218,105
2024-09-16 12:24:05.119000,416.8359417311854,15
2024-09-16 12:24:05.120000,416.7768222154864,95
2024-09-16 12:24:05.123000,416.8056302704265,1004
2024-09-16 12:24:05.144000,416.7932882107745,1005
2024-09-16 12:24:05.157000,416.78270726919305,12
2024-09-16 12:24:05.192000,416.85202632433226,12
2024-09-16 12:24:05.250000,416.8063869083136,9
2024-09-16 12:24:05.262000,416.8190718489175,97
2024-09-16 12:24:05.311000,416.8517077847548,997
2024-09-16 12:24:05.358000,416.8212180385423,1003
2024-09-16 12:24:05.368000,416.8225200948153,96
2024-09-16 12:24:05.376000,416.8260590743224,11
2024-09-16 12:24:05.423000,416.814078774556,13
2024-09-16 12:24:05.451000,416.83056994074894,11
2024-09-16 12:24:05.511000,416.8177602795663,98
2024-09-16 12:24:05.585000,416.822243253533,1002
2024-09-16 12:24:05.681000,416.7651032271331,5
2024-09-16 12:24:05.700000,416.8298177474997,1002
2024-09-16 12:24:05.876000,416.84850273227175,995
2024-09-16 12:24:05.888000,416.80529799230686,5
2024-09-16 12:24:05.905000,416.7785100055345,100
2024-09-16 12:24:05.922000,416.8283948956573,95
2024-09-16 12:24:05.929000,416.7653367182296,998
2024-09-16 12:24:05.938000,416.793333036329,98
2024-09-16 12:24:05.963000,416.8574165433623,7
2024-09-16 12:24:05.989000,416.7835024895354,13
2024-09-16 12:24:05.995000,416.77156579557663,98
2024-09-16 12:24:06.012000,416.79703425782776,1002
2024-09-16 12:24:06.044000,416.85961739278446,995
2024-09-16 12:24:06.072000,416.8354367270998,100
2024-09-16 12:24:06.122000,416.83642456059385,1003
2024-09-16 12:24:06.190000,416.87819871762144,995
2024-09-16 12:24:06.216000,416.83927672052937,105
2024-09-16 12:24:06.241000,416.85181419870304,1004
2024-09-16 12:24:06.286000,416.803276194403,102
2024-09-16 12:24:06.311000,416.8694715412432,1004
2024-09-16 12:24:06.333000,416.8153732404775,103
2024-09-16 12:24:06.396000,416.804679936252,5
2024-09-16 12:24:06.451000,416.80024563991554,1000
2024-09-16 12:24:06.482000,416.8336496095248,8
2024-09-16 12:24:06.552000,416.8278994832782,14
2024-09-16 12:24:06.613000,416.8359094578451,6
2024-09-16 12:24:06.654000,416.7993879797918,105
2024-09-16 12:24:06.659000,416.8177096434418,105
2024-09-16 12:24:06.690000,416.839721408956,100
2024-09-16 12:24:06.696000,416.8426436410333,8
2024-09-16 12:24:06.704000,416.82166629353287,1000
2024-09-16 12:24:06.720000,416.83973853666174,100
2024-09-16 12:24:06.831000,416.800639799785,15
2024-09-16 12:24:06.841000,416.8140013451392,105
2024-09-16 12:24:06.846000,416.82259893673,13
2024-09-16 12:24:06.854000,416.8377847459244,9
2024-09-16 12:24:06.857000,416.8283596501162,97
2024-09-16 12:24:06.987000,416.8383958161825,98
2024-09-16 12:24:07.145000,416.8102090468289,105
2024-09-16 12:24:08.107000,416.814862918369,7
2024-09-16 12:24:08.110000,416.7909825099677,6
2024-09-16 12:24:08.242000,416.816718228592,105
2024-09-16 12:24:08.686000,416.7801617709507,14
2024-09-16 12:24:08.778000,416.8430547978213,104
2024-09-16 12:24:08.849000,416.8349618165642,995
2024-09-16 12:24:09.580000,416.78970674046536,1000
2024-09-16 12:24:09.634000,416.7866970204283,11
2024-09-16 12:24:09.709000,416.7972618140501,102
2024-09-16 12:24:10.013000,416.758144002909,101
2024-09-16 12:24:10.018000,416.7715261047512,11
2024-09-16 12:24:10.023000,416.7956287499301,14
2024-09-16 12:24:10.074000,416.7595354316168,100
2024-09-16 12:24:10.105000,416.7770247116212,102
2024-09-16 12:24:10.197000,416.7615733288594,105
2024-09-16 12:24:10.418000,416.7663749804455,1001
2024-09-16 12:24:10.439000,416.76180259963934,1003
2024-09-16 12:24:10.640000,416.7596870285213,97
2024-09-16 12:24:10.648000,416.7740732172984,12
2024-09-16 12:24:10.669000,416.758138054408,101
2024-09-16 12:24:10.717000,416.78367859698295,101
2024-09-16 12:24:10.762000,416.8010453107128,95
2024-09-16 12:24:10.765000,416.7754081632413,995
2024-09-16 12:24:10.869000,416.7911095181007,1002
2024-09-16 12:24:10.946000,416.76446998266704,1005
2024-09-16 12:24:10.966000,416.7774014459904,995
2024-09-16 12:24:11.079000,416.7794610301112,14
2024-09-16 12:24:11.100000,416.7586077790736,997
2024-09-16 12:24:11.109000,416.7918213711279,105
2024-09-16 12:24:11.122000,416.7881871040928,998
2024-09-16 12:24:11.149000,416.79139854885193,103
2024-09-16 12:24:11.226000,416.8075504611717,5
2024-09-16 12:24:11.265000,416.7894552920884,105
2024-09-16 12:24:11.269000,416.7711596520282,96
2024-09-16 12:24:11.307000,416.7844177827714,6
2024-09-16 12:24:11.327000,416.77733865855487,100
2024-09-16 12:24:11.481000,416.7983700770744,1004
2024-09-16 12:24:11.505000,416.78155879004447,11
2024-09-16 12:24:11.527000,416.7958144880667,1002
2024-09-16 12:24:11.592000,416.8029539372837,10
2024-09-16 12:24:11.596000,416.807033485067,6
2024-09-16 12:24:11.642000,416.7582464232656,1002
2024-09-16 12:24:11.652000,416.7749667073941,12
2024-09-16 12:24:11.655000,416.7733670209164,1002
2024-09-16 12:24:11.670000,416.78754958345127,7
2024-09-16 12:24:11.670000,416.80754004602176,6
2024-09-16 12:24:11.704000,416.80250105866105,997
2024-09-16 12:24:11.861000,416.76952090982377,999
2024-09-16 12:24:11.885000,416.800253288525,96
2024-09-16 12:24:11.929000,416.81500117095663,12
2024-09-16 12:24:11.957000,416.7940514855156,95
2024-09-16 12:24:11.978000,416.8012917303562,1004
2024-09-16 12:24:11.980000,416.7794591523512,102
2024-09-16 12:24:12.109000,416.761952138635,99
2024-09-16 12:24:12.270000,416.7737935152445,995
2024-09-16 12:24:12.433000,416.79066950515903,999
2024-09-16 12:24:12.478000,416.786850963045,997
2024-09-16 12:24:12.630000,416.79764997825646,6
2024-09-16 12:24:13.092000,416.8107642649528,995
2024-09-16 12:24:13.150000,416.8631398171411,100
2024-09-16 12:24:13.205000,416.8287897509106,998
2024-09-16 12:24:13.271000,416.8241129000023,9
2024-09-16 12:24:13.277000,416.81134442337486,1005
2024-09-16 12:24:13.299000,416.85045172517135,15
2024-09-16 12:24:13.382000,416.8081987417068,100
2024-09-16 12:24:13.419000,416.8314018468327,14
2024-09-16 12:24:13.425000,416.85256203755273,15
2024-09-16 12:24:13.447000,416.87501714286685,1000
2024-09-16 12:24:13.459000,416.862166027704,95
2024-09-16 12:24:13.465000,416.8351067503894,997
2024-09-16 12:24:13.508000,416.83918058027336,96
2024-09-16 12:24:13.584000,416.8217667701505,999
2024-09-16 12:24:13.607000,416.8660706866552,1004
2024-09-16 12:24:13.629000,416.7945964940763,14
2024-09-16 12:24:13.643000,416.88214316006736,8
2024-09-16 12:24:13.680000,416.82585315155296,101
2024-09-16 12:24:13.680000,416.8598209603408,998
2024-09-16 12:24:13.706000,416.8433761792729,15
2024-09-16 12:24:13.732000,416.8396591508293,13
2024-09-16 12:24:13.801000,416.8530741974259,105
2024-09-16 12:24:13.833000,416.8397459732423,13
2024-09-16 12:24:13.865000,416.8647203728337,1000
2024-09-16 12:24:13.888000,416.8371855001317,97
2024-09-16 12:24:13.928000,416.8694275662794,100
2024-09-16 12:24:14.012000,416.8355635145624,98
2024-09-16 12:24:14.015000,416.8829881741809,99
2024-09-16 12:24:14.020000,416.8714197918728,997
2024-09-16 12:24:14.051000,416.8748370371385,998
2024-09-16 12:24:14.152000,416.83245476291904,1000
2024-09-16 12:24:14.197000,416.8687258942343,7
2024-09-16 12:24:14.200000,416.8279823440014,14
2024-09-16 12:24:14.244000,416.8760883016552,98
2024-09-16 12:24:14.264000,416.8640488931081,15
2024-09-16 12:24:14.283000,416.8771694665826,7
2024-09-16 12:24:14.353000,416.87375229142,103
2024-09-16 12:24:14.373000,416.8367687066129,97
2024-09-16 12:24:14.394000,416.8391292335321,99
2024-09-16 12:24:14.411000,416.8313455752421,100
2024-09-16 12:24:14.412000,416.882873781056,14
2024-09-16 12:24:14.412000,416.8808995303018,999
2024-09-16 12:24:14.414000,416.8751461575161,1001
2024-09-16 12:24:14.415000,416.8195489493745,1005
2024-09-16 12:24:14.434000,416.8836855376756,995
2024-09-16 12:24:14.443000,416.87690996527374,7
2024-09-16 12:24:14.473000,416.878014332792,14
2024-09-16 12:24:14.505000,416.8611969001776,102
2024-09-16 12:24:14.669000,416.8513362267384,104
2024-09-16 12:24:14.733000,416.85253513420446,97
2024-09-16 12:24:14.792000,416.8499656257079,96
2024-09-16 12:24:14.795000,416.8184331706772,8
2024-09-16 12:24:14.884000,416.8746625888812,1000
2024-09-16 12:24:14.943000,416.84527419765135,102
2024-09-16 12:24:14.965000,416.8583809501303,1001
2024-09-16 12:24:15.074000,416.9046862520998,998
2024-09-16 12:24:15.109000,416.90282271449007,15
2024-09-16 12:24:15.405000,416.8928881714044,103
2024-09-16 12:24:15.553000,416.9019790498664,995
2024-09-16 12:24:15.618000,416.90743047421086,11
2024-09-16 12:24:15.649000,416.8672124729485,11
2024-09-16 12:24:15.758000,416.8752717455354,98
2024-09-16 12:24:16.009000,416.9011653230273,999
2024-09-16 12:24:16.014000,416.869914570571,102
2024-09-16 12:24:16.018000,416.8564383702649,996
2024-09-16 12:24:16.126000,416.8827000548913,102
2024-09-16 12:24:16.214000,416.88587542520617,96
2024-09-16 12:24:16.221000,416.8702604663567,1005
2024-09-16 12:24:16.228000,416.8858151357223,105
2024-09-16 12:24:16.255000,416.8659199568464,9
2024-09-16 12:24:16.299000,416.882035413568,997
2024-09-16 12:24:16.316000,416.8517606499721,13
2024-09-16 12:24:16.423000,416.8614039031832,99
2024-09-16 12:24:16.432000,416.8943729593906,1004
2024-09-16 12:24:16.466000,416.8812928030928,104
2024-09-16 12:24:16.474000,416.9066591508657,102
2024-09-16 12:24:16.536000,416.8755539639346,1001
2024-09-16 12:24:16.572000,416.8741087405102,101
2024-09-16 12:24:16.715000,416.89530108252586,12
2024-09-16 12:24:16.775000,416.9062555806304,98
2024-09-16 12:24:16.801000,416.8874278730044,995
2024-09-16 12:24:16.839000,416.857445816577,96
2024-09-16 12:24:16.912000,416.8787054700202,15
2024-09-16 12:24:16.921000,416.8972241050902,102
2024-09-16 12:24:16.928000,416.89009739445567,103
2024-09-16 12:24:16.941000,416.87115973096286,101
2024-09-16 12:24:16.971000,416.8980657525354,1001
2024-09-16 12:24:16.995000,416.85833484583696,101
2024-09-16 12:24:17.235000,416.90494507967,1001
2024-09-16 12:24:17.244000,416.87111432263663,7
2024-09-16 12:24:17.308000,416.8680042425174,1004
2024-09-16 12:24:17.313000,416.9110538122269,995
2024-09-16 12:24:17.610000,416.86432892695177,1002
2024-09-16 12:24:17.746000,416.90219838428936,101
2024-09-16 12:24:17.761000,416.9015468430019,996
2024-09-16 12:24:17.855000,416.8820927628148,100
2024-09-16 12:24:18.041000,416.9163998756956,1001
2024-09-16 12:24:18.054000,416.8914404204082,100
2024-09-16 12:24:18.225000,416.8881456727101,104
2024-09-16 12:24:18.231000,416.8973512600567,14
2024-09-16 12:24:18.282000,416.9091473975275,8
2024-09-16 12:24:18.639000,416.888025763278,104
2024-09-16 12:24:18.751000,416.9058752190358,97
2024-09-16 12:24:18.773000,416.8845969127982,1003
2024-09-16 12:24:18.840000,416.9113568803925,1002
2024-09-16 12:24:18.897000,416.8862432462732,102
2024-09-16 12:24:18.931000,416.893341557082,998
2024-09-16 12:24:18.972000,416.9064190637744,10
2024-09-16 12:24:19.257000,416.8791373533487,8
2024-09-16 12:24:19.338000,416.863230556381,999
2024-09-16 12:24:19.430000,416.8981045988948,1000
2024-09-16 12:24:19.633000,416.89945595065655,11
2024-09-16 12:24:19.726000,416.87763047470446,101
2024-09-16 12:24:19.791000,416.89674142476815,15
2024-09-16 12:24:19.941000,416.8907297264066,103
2024-09-16 12:24:20.022000,417.0081288769168,995
2024-09-16 12:24:20.041000,416.8619534729621,1000
2024-09-16 12:24:20.095000,417.0019578459794,10
2024-09-16 12:24:20.104000,417.0223338421484,13
2024-09-16 12:24:20.154000,416.8466022215948,12
2024-09-16 12:24:20.183000,416.84393680566393,100
2024-09-16 12:24:20.215000,416.9423483024914,15
2024-09-16 12:24:20.226000,417.034804273042,1002
2024-09-16 12:24:20.251000,416.8534836107742,10
2024-09-16 12:24:20.308000,416.9982877159964,98
2024-09-16 12:24:20.362000,416.8615307614728,996
2024-09-16 12:24:20.366000,416.8297903490748,999
2024-09-16 12:24:20.398000,416.92863551934266,997
2024-09-16 12:24:20.498000,416.9021643683735,96
2024-09-16 12:24:20.539000,416.98248010767935,8
2024-09-16 12:24:20.622000,416.98121452039993,999
2024-09-16 12:24:20.632000,416.8385281028344,101
2024-09-16 12:24:20.687000,416.9812708264062,96
2024-09-16 12:24:20.688000,416.8919099978584,96
2024-09-16 12:24:20.760000,416.9802079683867,1002
2024-09-16 12:24:20.803000,416.973295950112,1005
2024-09-16 12:24:20.823000,416.8353433154522,15
2024-09-16 12:24:20.834000,416.8307976918738,996
2024-09-16 12:24:20.853000,416.8623689220325,6
2024-09-16 12:24:20.863000,416.9262871234469,1003
2024-09-16 12:24:20.871000,416.8778866164031,96
2024-09-16 12:24:20.908000,416.9102117615036,105
2024-09-16 12:24:20.964000,416.8858709854352,15
2024-09-16 12:24:21.047000,417.0616534014085,12
2024-09-16 12:24:21.060000,417.0519316309331,6
2024-09-16 12:24:21.172000,417.0667291645271,105
2024-09-16 12:24:21.185000,417.045126869364,8
2024-09-16 12:24:21.191000,417.05892861107577,102
2024-09-16 12:24:21.241000,417.07818635455686,12
2024-09-16 12:24:21.268000,417.0485381442314,13
2024-09-16 12:24:21.330000,417.0538722293791,5
2024-09-16 12:24:21.333000,417.0615173030094,995
2024-09-16 12:24:21.415000,417.05529110039424,1003
2024-09-16 12:24:21.481000,417.0614399828352,100
2024-09-16 12:24:21.602000,417.0557630693477,101
2024-09-16 12:24:21.602000,417.0344537157361,1003
2024-09-16 12:24:21.634000,417.0584484125815,1005
2024-09-16 12:24:21.659000,417.0573719863353,7
2024-09-16 12:24:21.701000,417.0494305703158,13
2024-09-16 12:24:21.748000,417.06365789613807,14
2024-09-16 12:24:21.848000,417.0653200579719,997
2024-09-16 12:24:22.951000,417.0693179817681,98
2024-09-16 12:24:22.990000,417.0642872056728,1004
2024-09-16 12:24:23.014000,417.0243511880152,8
2024-09-16 12:24:23.020000,417.0553716152177,98
2024-09-16 12:24:23.027000,417.04152151646497,12
2024-09-16 12:24:23.053000,417.00772939947456,7
2024-09-16 12:24:23.091000,416.9827620800863,97
2024-09-16 12:24:23.213000,417.0124535645246,9
2024-09-16 12:24:23.334000,416.99706282161134,102
2024-09-16 12:24:23.366000,417.0681040783011,13
2024-09-16 12:24:23.371000,417.080984100168,100
2024-09-16 12:24:23.390000,417.0330905474426,1005
2024-09-16 12:24:23.472000,417.02835287419,5
2024-09-16 12:24:23.596000,417.04261986067576,6
2024-09-16 12:24:23.673000,417.0269274279797,5
2024-09-16 12:24:23.681000,417.0490520937499,13
2024-09-16 12:24:23.727000,416.9838603228085,104
2024-09-16 12:24:23.810000,417.0455052899532,14
2024-09-16 12:24:23.876000,417.0275858692652,100
2024-09-16 12:24:24.136000,416.9803644579693,997
2024-09-16 12:24:24.304000,416.9642087396402,97
2024-09-16 12:24:24.375000,416.9780369915623,103
2024-09-16 12:24:24.951000,416.9884808053788,13
2024-09-16 12:24:25.083000,417.0039478127469,13
2024-09-16 12:24:25.114000,416.98703706555193,96
2024-09-16 12:24:25.177000,416.9677110645805,1002
2024-09-16 12:24:25.197000,417.0079634122291,14
2024-09-16 12:24:25.202000,416.97562242186007,5
2024-09-16 12:24:25.282000,416.9971258973312,97
2024-09-16 12:24:25.334000,416.9849705437504,998
2024-09-16 12:24:25.415000,416.989138414017,5
2024-09-16 12:24:25.544000,417.004754315223,99
2024-09-16 12:24:25.745000,417.004818748394,102
2024-09-16 12:24:25.769000,417.00456317917553,99
2024-09-16 12:24:25.907000,416.9978246644595,5
2024-09-16 12:24:26.156000,416.9157469237807,996
2024-09-16 12:24:26.159000,416.970635609262,99
2024-09-16 12:24:26.264000,416.9372124501715,13
2024-09-16 12:24:26.292000,416.9191621639735,102
2024-09-16 12:24:26.318000,416.94032831125145,96
2024-09-16 12:24:26.326000,416.94183056518654,98
2024-09-16 12:24:26.402000,416.9536534780878,95
2024-09-16 12:24:26.410000,416.9754954056609,998
2024-09-16 12:24:26.582000,416.9453773062552,105
2024-09-16 12:24:26.630000,416.9522913788883,7
2024-09-16 12:24:26.652000,416.94986792777365,98
2024-09-16 12:24:26.658000,416.93031950985375,1005
2024-09-16 12:24:26.675000,416.9461716539296,5
2024-09-16 12:24:26.687000,416.9810215141501,1000
2024-09-16 12:24:26.693000,416.9151979234213,14
2024-09-16 12:24:26.715000,416.9367991590306,1003
2024-09-16 12:24:26.728000,416.9432958217813,102
2024-09-16 12:24:26.738000,416.9295563601839,1004
2024-09-16 12:24:26.750000,416.9669827938782,104
2024-09-16 12:24:26.761000,416.94822803542576,1001
2024-09-16 12:24:26.779000,416.963104807306,13
2024-09-16 12:24:26.795000,416.9474865477018,8
2024-09-16 12:24:26.845000,416.92973940741854,102
2024-09-16 12:24:26.900000,416.90672426984577,6
2024-09-16 12:24:26.906000,416.92947744684767,13
2024-09-16 12:24:26.914000,416.9158824299553,100
2024-09-16 12:24:26.917000,416.9677511490024,97
2024-09-16 12:24:27.009000,416.9299686415149,99
2024-09-16 12:24:27.078000,416.86342788549615,1001
2024-09-16 12:24:27.106000,416.8127353854964,999
2024-09-16 12:24:27.115000,416.9381438969164,12
2024-09-16 12:24:27.134000,416.9533957806487,12
2024-09-16 12:24:27.144000,416.9541142983968,7
2024-09-16 12:24:27.147000,416.9413608888688,105
2024-09-16 12:24:27.280000,416.9505521847193,15
2024-09-16 12:24:27.377000,416.9202387157423,7
2024-09-16 12:24:27.412000,416.8151172489892,99
2024-09-16 12:24:27.414000,416.9200799901656,1003
2024-09-16 12:24:27.485000,416.793941762709,97
2024-09-16 12:24:27.496000,416.90020871825067,6
2024-09-16 12:24:27.530000,416.9284674806498,1005
2024-09-16 12:24:27.663000,416.94685281030695,104
2024-09-16 12:24:27.669000,416.9208760782829,1002
2024-09-16 12:24:27.687000,416.8431931991652,8
2024-09-16 12:24:27.708000,416.8698675072395,98
2024-09-16 12:24:27.783000,416.833624609608,13
2024-09-16 12:24:27.828000,416.8909587589189,105
2024-09-16 12:24:27.859000,416.8995312343791,998
2024-09-16 12:24:27.876000,416.8146905321968,99
2024-09-16 12:24:27.920000,416.8708240035865,998
2024-09-16 12:24:27.930000,416.95024051219633,8
2024-09-16 12:24:27.950000,416.8946693709567,995
2024-09-16 12:24:27.980000,416.8616514592693,96
2024-09-16 12:24:28.164000,416.841666482433,105
2024-09-16 12:24:28.219000,416.8390520991754,1003
2024-09-16 12:24:28.903000,416.8237828835547,1004
2024-09-16 12:24:29.014000,416.84483477054056,1003
2024-09-16 12:24:29.095000,416.840907171656,6
2024-09-16 12:24:29.255000,416.84196538197335,97
2024-09-16 12:24:29.500000,416.8163432894952,999
2024-09-16 12:24:29.561000,416.8259303244283,10
2024-09-16 12:24:29.830000,416.8434701074063,95
2024-09-16 12:24:30,416.7716754438864,5
2024-09-16 12:24:30.014000,416.7689095718989,11
2024-09-16 12:24:30.015000,416.77380093745074,8
2024-09-16 12:24:30.018000,416.7713061688788,15
2024-09-16 12:24:30.074000,416.75710484934,1002
2024-09-16 12:24:30.115000,416.78988668223786,1001
2024-09-16 12:24:30.135000,416.80522200854654,1001
2024-09-16 12:24:30.176000,416.75885920353153,1000
2024-09-16 12:24:30.205000,416.767859702465,95
2024-09-16 12:24:30.215000,416.7957184198643,13
2024-09-16 12:24:30.312000,416.8000941781056,15
2024-09-16 12:24:30.329000,416.7782651388316,995
2024-09-16 12:24:30.465000,416.7735418614732,11
2024-09-16 12:24:30.517000,416.7649483920492,14
2024-09-16 12:24:30.655000,416.8102254012547,14
2024-09-16 12:24:30.655000,416.80900538317474,1000
2024-09-16 12:24:30.710000,416.7859142315795,6
2024-09-16 12:24:30.718000,416.78731630721074,12
2024-09-16 12:24:30.743000,416.7802931187052,996
2024-09-16 12:24:31.074000,416.7282885966151,100
2024-09-16 12:24:31.091000,416.7735047369404,1000
2024-09-16 12:24:31.191000,416.8326918535348,13
2024-09-16 12:24:31.256000,416.8524085658994,100
2024-09-16 12:24:31.269000,416.75223841356063,103
2024-09-16 12:24:31.345000,416.7694099449904,105
2024-09-16 12:24:31.460000,416.8479182669405,100
2024-09-16 12:24:31.569000,416.8292034682565,5
2024-09-16 12:24:31.582000,416.8433526312133,95
2024-09-16 12:24:31.583000,416.7610295022323,103
2024-09-16 12:24:31.592000,416.778510121294,995
2024-09-16 12:24:31.613000,416.76411610034165,11
2024-09-16 12:24:31.646000,416.8221793648608,10
2024-09-16 12:24:31.733000,416.84519653248606,103
2024-09-16 12:24:31.801000,416.7732124489439,9
2024-09-16 12:24:31.807000,416.7818087505276,15
2024-09-16 12:24:31.833000,416.76613089261775,8
2024-09-16 12:24:31.837000,416.7783299667893,998
2024-09-16 12:24:31.869000,416.8343439707037,97
2024-09-16 12:24:31.938000,416.7776376919155,1002
2024-09-16 12:24:31.952000,416.8024315245336,15
2024-09-16 12:24:31.996000,416.7315229893143,997
2024-09-16 12:24:31.997000,416.8600788333758,12
2024-09-16 12:24:32.045000,416.8651420617173,104
2024-09-16 12:24:32.066000,416.9671703016066,105
2024-09-16 12:24:32.088000,416.82396671010895,1001
2024-09-16 12:24:32.118000,416.83466812502206,12
2024-09-16 12:24:32.218000,416.879404844837,998
2024-09-16 12:24:32.273000,416.9559532059167,8
2024-09-16 12:24:32.275000,416.9482078837306,998
2024-09-16 12:24:32.309000,416.8307295900632,12
2024-09-16 12:24:32.378000,416.93115220560935,102
2024-09-16 12:24:32.383000,416.8986422637316,1002
2024-09-16 12:24:32.385000,416.806466669259,9
2024-09-16 12:24:32.454000,416.89041142262033,1002
2024-09-16 12:24:32.535000,416.9280385934462,8
2024-09-16 12:24:32.568000,416.9448227023361,9
2024-09-16 12:24:32.595000,416.83081221180646,14
2024-09-16 12:24:32.610000,416.9304063125267,99
2024-09-16 12:24:32.639000,416.8656261238169,14
2024-09-16 12:24:32.641000,416.944324926797,99
2024-09-16 12:24:32.666000,416.9245154853452,7
2024-09-16 12:24:32.691000,416.9122592409842,13
2024-09-16 12:24:32.702000,416.9701732300083,7
2024-09-16 12:24:32.713000,416.88425471582696,1002
2024-09-16 12:24:32.778000,416.8488236781682,999
2024-09-16 12:24:32.805000,416.9026447569051,996
2024-09-16 12:24:32.905000,416.8681054150281,14
2024-09-16 12:24:32.965000,416.84020950187175,10
2024-09-16 12:24:32.965000,416.8864001390888,9
2024-09-16 12:24:33.002000,416.809806391211,13
2024-09-16 12:24:33.122000,416.8135783681692,1002
2024-09-16 12:24:33.204000,416.790620637155,98
2024-09-16 12:24:33.260000,416.8059867271526,1005
2024-09-16 12:24:33.471000,416.802209378644,999
2024-09-16 12:24:33.578000,416.8025832454164,102
2024-09-16 12:24:33.877000,416.7980139071776,999
2024-09-16 12:24:34.958000,416.7886571310348,995
2024-09-16 12:24:35.040000,416.7273062909555,999
2024-09-16 12:24:35.049000,416.77229764652543,95
2024-09-16 12:24:35.161000,416.7751686894776,95
2024-09-16 12:24:35.172000,416.75554364504313,103
2024-09-16 12:24:35.385000,416.7850511635473,104
2024-09-16 12:24:35.418000,416.7927807082002,1000
2024-09-16 12:24:35.491000,416.7319381671858,5
2024-09-16 12:24:35.502000,416.7797086931109,1001
2024-09-16 12:24:35.662000,416.7175690320587,995
2024-09-16 12:24:35.703000,416.7622339248708,100
2024-09-16 12:24:36.012000,416.70930592600206,1002
2024-09-16 12:24:36.141000,416.7081342990066,1001
2024-09-16 12:24:36.150000,416.7002656751608,1000
2024-09-16 12:24:36.464000,416.7103756897595,995
2024-09-16 12:24:36.472000,416.7243679841927,1001
2024-09-16 12:24:36.493000,416.7171898704247,15
2024-09-16 12:24:36.582000,416.7244148981295,999
2024-09-16 12:24:36.742000,416.6873662866384,1005
2024-09-16 12:24:36.747000,416.6982211948466,104
2024-09-16 12:24:36.839000,416.6936910549765,11
2024-09-16 12:24:36.846000,416.7076603118418,6
2024-09-16 12:24:36.884000,416.6994024279672,103
2024-09-16 12:24:36.931000,416.73254353926194,96
2024-09-16 12:24:37.012000,416.74710732361433,103
2024-09-16 12:24:37.023000,416.7118778397861,998
2024-09-16 12:24:37.033000,416.7312436601389,1003
2024-09-16 12:24:37.063000,416.737242031926,997
2024-09-16 12:24:37.100000,416.6867670258498,997
2024-09-16 12:24:37.138000,416.6677632460885,998
2024-09-16 12:24:37.179000,416.7050895700862,1002
2024-09-16 12:24:37.201000,416.7487403397564,99
2024-09-16 12:24:37.227000,416.7264181712309,96
2024-09-16 12:24:37.279000,416.7213564009037,9
2024-09-16 12:24:37.360000,416.6806673782523,1000
2024-09-16 12:24:37.450000,416.73406779525294,1000
2024-09-16 12:24:37.482000,416.74129880240514,1005
2024-09-16 12:24:37.519000,416.7327428455326,1000
2024-09-16 12:24:37.672000,416.7486564046944,998
2024-09-16 12:24:37.702000,416.7304159046869,1002
2024-09-16 12:24:37.781000,416.7153260062607,1005
2024-09-16 12:24:37.796000,416.7370584324737,15
2024-09-16 12:24:37.821000,416.7272742150236,103
2024-09-16 12:24:37.840000,416.7276193730599,15
2024-09-16 12:24:37.892000,416.7329545196657,997
2024-09-16 12:24:38.126000,416.6138926557643,96
2024-09-16 12:24:38.180000,416.60616754672384,104
2024-09-16 12:24:38.196000,416.641911979884,100
2024-09-16 12:24:38.206000,416.597968169469,1000
2024-09-16 12:24:38.218000,416.66692207220274,9
2024-09-16 12:24:38.225000,416.658253338763,7
2024-09-16 12:24:38.310000,416.6454667070449,997
2024-09-16 12:24:38.333000,416.6081701248946,996
2024-09-16 12:24:38.333000,416.6140239434642,996
2024-09-16 12:24:38.369000,416.610919090576,104
2024-09-16 12:24:38.374000,416.61906883111146,12
2024-09-16 12:24:38.375000,416.66633743051705,13
2024-09-16 12:24:38.419000,416.6668287006991,997
2024-09-16 12:24:38.488000,416.6166132625354,1004
2024-09-16 12:24:38.541000,416.58802886580855,1003
2024-09-16 12:24:38.564000,416.6022822628506,15
2024-09-16 12:24:38.609000,416.5966558094052,1005
2024-09-16 12:24:38.609000,416.5868142365998,13
2024-09-16 12:24:38.627000,416.6030438352389,8
2024-09-16 12:24:38.633000,416.59934831134353,7
2024-09-16 12:24:38.674000,416.6078448653124,102
2024-09-16 12:24:38.676000,416.63972448758096,12
2024-09-16 12:24:38.736000,416.6554904164578,995
2024-09-16 12:24:38.857000,416.6516237880837,998
2024-09-16 12:24:38.881000,416.6049469513406,1001
2024-09-16 12:24:38.952000,416.6006991229502,1003
2024-09-16 12:24:38.956000,416.5968517284846,5
2024-09-16 12:24:38.965000,416.66769701388336,997
2024-09-16 12:24:38.968000,416.6108936728096,7
2024-09-16 12:24:38.990000,416.6194229462993,1003
2024-09-16 12:24:39.048000,416.5435290577023,11
2024-09-16 12:24:39.050000,416.5736225455642,1004
2024-09-16 12:24:39.064000,416.58137942407257,1005
2024-09-16 12:24:39.091000,416.50237594178,1001
2024-09-16 12:24:39.118000,416.5021042251906,1002
2024-09-16 12:24:39.166000,416.5433435379898,97
2024-09-16 12:24:39.184000,416.5788246090447,1005
2024-09-16 12:24:39.262000,416.5368712244136,6
2024-09-16 12:24:39.288000,416.52843551777977,7
2024-09-16 12:24:39.485000,416.5500624443884,101
2024-09-16 12:24:39.519000,416.55743357439655,12
2024-09-16 12:24:39.549000,416.53489397309977,9
2024-09-16 12:24:39.602000,416.5354227207645,98
2024-09-16 12:24:39.620000,416.5204022781232,102
2024-09-16 12:24:39.696000,416.5170939093523,1003
2024-09-16 12:24:39.705000,416.5161733065552,8
2024-09-16 12:24:39.769000,416.5062035656495,96
2024-09-16 12:24:39.867000,416.5106994359223,1005
2024-09-16 12:24:39.880000,416.5418472883407,11
2024-09-16 12:24:39.940000,416.48678355088526,1002
2024-09-16 12:24:39.954000,416.5279056970216,97
2024-09-16 12:24:40.130000,416.5582246565658,9
2024-09-16 12:24:40.161000,416.5158487211528,103
2024-09-16 12:24:40.185000,416.478816665553,7
2024-09-16 12:24:40.203000,416.51839275253417,14
2024-09-16 12:24:40.263000,416.5350048904344,6
2024-09-16 12:24:40.266000,416.54425648509647,1003
2024-09-16 12:24:40.347000,416.4805140759482,1000
2024-09-16 12:24:40.348000,416.5262725469871,13
2024-09-16 12:24:40.651000,416.5320503570495,1005
2024-09-16 12:24:40.685000,416.5340133058663,104
2024-09-16 12:24:40.817000,416.5332441628753,103
2024-09-16 12:24:40.821000,416.5246114711015,996
2024-09-16 12:24:40.947000,416.5350198225682,997
2024-09-16 12:24:40.961000,416.5293960906332,96
2024-09-16 12:24:41.024000,416.51862621588697,105
2024-09-16 12:24:41.148000,416.49436222284686,1003
2024-09-16 12:24:41.240000,416.4798978852797,1001
2024-09-16 12:24:41.265000,416.5187592753087,1005
2024-09-16 12:24:41.424000,416.5117801117734,14
2024-09-16 12:24:41.459000,416.5032646384872,104
2024-09-16 12:24:41.507000,416.4935303720214,1005
2024-09-16 12:24:41.536000,416.5007359459529,95
2024-09-16 12:24:41.726000,416.4743464509095,1001
2024-09-16 12:24:41.733000,416.4918737411168,100
2024-09-16 12:24:41.737000,416.49624835547024,101
2024-09-16 12:24:41.771000,416.4900982221102,15
2024-09-16 12:24:41.777000,416.4923842779752,996
2024-09-16 12:24:41.780000,416.4860719364786,102
2024-09-16 12:24:41.861000,416.5122952770333,10
2024-09-16 12:24:41.882000,416.49460496163215,11
2024-09-16 12:24:41.900000,416.5074321434919,7
2024-09-16 12:24:41.938000,416.5170819214411,14
2024-09-16 12:24:42.019000,416.5271498080573,104
2024-09-16 12:24:42.061000,416.5973026075907,1004
2024-09-16 12:24:42.145000,416.5735873561704,103
2024-09-16 12:24:42.162000,416.51353755408513,96
2024-09-16 12:24:42.205000,416.54095393158366,105
2024-09-16 12:24:42.214000,416.5065891950276,104
2024-09-16 12:24:42.246000,416.55527147391456,10
2024-09-16 12:24:42.283000,416.5950907740907,1000
2024-09-16 12:24:42.318000,416.5482237683832,1005
2024-09-16 12:24:42.381000,416.5433076216052,101
2024-09-16 12:24:42.429000,416.5236746568158,1000
2024-09-16 12:24:42.450000,416.5406106515311,997
2024-09-16 12:24:42.451000,416.5017171623925,104
2024-09-16 12:24:42.544000,416.5924847315032,5
2024-09-16 12:24:42.566000,416.5362547891659,998
2024-09-16 12:24:42.574000,416.4869265528068,12
2024-09-16 12:24:42.596000,416.5061973862377,997
2024-09-16 12:24:42.629000,416.52968571546097,103
2024-09-16 12:24:42.646000,416.5892235248371,15
2024-09-16 12:24:42.685000,416.4910677467025,97
2024-09-16 12:24:42.720000,416.5052032347996,99
2024-09-16 12:24:42.733000,416.4967629081636,7
2024-09-16 12:24:42.760000,416.5893295475019,999
2024-09-16 12:24:42.761000,416.5230387027585,10
2024-09-16 12:24:42.766000,416.5375611118744,11
2024-09-16 12:24:42.767000,416.5793989727348,996
2024-09-16 12:24:42.785000,416.5973987015917,997
2024-09-16 12:24:42.926000,416.6048271783973,12
2024-09-16 12:24:43.099000,416.57727829666953,1003
2024-09-16 12:24:43.170000,416.5835632338546,6
2024-09-16 12:24:43.675000,416.5777903519478,99
2024-09-16 12:24:43.675000,416.59432031030826,1004
2024-09-16 12:24:43.819000,416.5901498981914,11
2024-09-16 12:24:44.007000,416.699020886251,98
2024-09-16 12:24:44.245000,416.6574912479089,103
2024-09-16 12:24:44.289000,416.6739967272508,7
2024-09-16 12:24:44.296000,416.639915330099,1002
2024-09-16 12:24:44.323000,416.6877080790264,13
2024-09-16 12:24:44.345000,416.6732139655715,995
2024-09-16 12:24:44.361000,416.61428588060926,996
2024-09-16 12:24:44.404000,416.6171031070964,96
2024-09-16 12:24:44.474000,416.66165359955664,11
2024-09-16 12:24:44.487000,416.67193677781927,996
2024-09-16 12:24:44.593000,416.6791435830637,12
2024-09-16 12:24:44.594000,416.6626187537639,1003
2024-09-16 12:24:44.596000,416.6719265589965,12
2024-09-16 12:24:44.698000,416.666056509752,102
2024-09-16 12:24:44.760000,416.5981857529856,999
2024-09-16 12:24:44.820000,416.6731436622222,15
2024-09-16 12:24:44.833000,416.6468883927736,1002
2024-09-16 12:24:44.880000,416.66957862146734,997
2024-09-16 12:24:44.916000,416.6917301267532,999
2024-09-16 12:24:44.926000,416.6595170174604,998
2024-09-16 12:24:44.933000,416.6460967131431,9
2024-09-16 12:24:44.936000,416.6017523466875,100
2024-09-16 12:24:45.367000,416.6835727457668,1001
2024-09-16 12:24:45.771000,416.70270517298223,13
2024-09-16 12:24:45.776000,416.7034900570736,13
2024-09-16 12:24:46.041000,416.676666958964,1001
2024-09-16 12:24:46.080000,416.69752808659325,998
2024-09-16 12:24:46.102000,416.6871651554368,999
2024-09-16 12:24:46.271000,416.6903175302929,103
2024-09-16 12:24:46.322000,416.6758714339427,995
2024-09-16 12:24:46.439000,416.686469223991,997
2024-09-16 12:24:46.454000,416.6989137798861,11
2024-09-16 12:24:46.546000,416.65975059699633,9
2024-09-16 12:24:46.702000,416.6874947037776,8
2024-09-16 12:24:46.803000,416.6695507035221,1000
2024-09-16 12:24:46.821000,416.66060872205577,103
2024-09-16 12:24:46.835000,416.70172414437707,9
2024-09-16 12:24:46.946000,416.7140031352554,1001
2024-09-16 12:24:46.953000,416.68627156807946,95
2024-09-16 12:24:47.036000,416.6746126652316,7
2024-09-16 12:24:47.037000,416.70760134469504,12
2024-09-16 12:24:47.109000,416.6682820717522,8
2024-09-16 12:24:47.122000,416.6734980506568,1003
2024-09-16 12:24:47.189000,416.7102398846664,999
2024-09-16 12:24:47.239000,416.6995979488958,999
2024-09-16 12:24:47.262000,416.6773627175822,6
2024-09-16 12:24:47.273000,416.6733877450186,99
2024-09-16 12:24:47.303000,416.7053911700643,1000
2024-09-16 12:24:47.521000,416.6788240370532,12
2024-09-16 12:24:47.590000,416.696952247227,104
2024-09-16 12:24:47.590000,416.6936070060388,97
2024-09-16 12:24:47.693000,416.6791993897709,100
2024-09-16 12:24:47.696000,416.7031302690594,1004
2024-09-16 12:24:47.701000,416.6877396486309,13
2024-09-16 12:24:47.720000,416.6817296381279,1004
2024-09-16 12:24:47.771000,416.6890687909982,98
2024-09-16 12:24:47.821000,416.6969540744024,1005
2024-09-16 12:24:47.824000,416.6634149650676,105
2024-09-16 12:24:47.910000,416.7082813379637,7
2024-09-16 12:24:47.918000,416.68879600894,104
2024-09-16 12:24:48.012000,416.67285012138,11
2024-09-16 12:24:48.028000,416.72698715902686,1005
2024-09-16 12:24:48.052000,416.6995620338874,98
2024-09-16 12:24:48.133000,416.69042683019,1003
2024-09-16 12:24:48.155000,416.7168877590828,96
2024-09-16 12:24:48.182000,416.7010969733047,100
2024-09-16 12:24:48.356000,416.6852601155279,15
2024-09-16 12:24:48.399000,416.6633296992888,100
2024-09-16 12:24:48.438000,416.71641677353625,100
2024-09-16 12:24:48.477000,416.7060264417983,12
2024-09-16 12:24:48.504000,416.68659126544014,9
2024-09-16 12:24:48.588000,416.7156208887776,998
2024-09-16 12:24:48.600000,416.7227665326665,103
2024-09-16 12:24:48.659000,416.704317006784,95
2024-09-16 12:24:48.665000,416.6881111877164,9
2024-09-16 12:24:48.721000,416.7279470683656,999
2024-09-16 12:24:48.739000,416.7161632210021,997
2024-09-16 12:24:48.793000,416.6840007885282,10
2024-09-16 12:24:48.807000,416.7254633513064,1002
2024-09-16 12:24:48.827000,416.6885306012596,96
2024-09-16 12:24:48.876000,416.7166319148224,102
2024-09-16 12:24:48.886000,416.7205747538226,15
2024-09-16 12:24:48.889000,416.7096437878324,11
2024-09-16 12:24:50.134000,416.684719882486,996
2024-09-16 12:24:50.470000,416.7059081095959,996
2024-09-16 12:24:50.723000,416.6923036534312,100
2024-09-16 12:24:50.725000,416.7127750134621,1004
2024-09-16 12:24:50.831000,416.6904600039799,1004
2024-09-16 12:24:50.893000,416.7061479265968,998
2024-09-16 12:24:51.012000,416.7026011765983,8
2024-09-16 12:24:51.039000,416.7144765319887,8
2024-09-16 12:24:51.053000,416.6703265718986,996
2024-09-16 12:24:51.100000,416.6673374690953,95
2024-09-16 12:24:51.121000,416.6582467060389,1001
2024-09-16 12:24:51.153000,416.7061707318755,97
2024-09-16 12:24:51.217000,416.7104741909311,9
2024-09-16 12:24:51.232000,416.6647162809386,13
2024-09-16 12:24:51.266000,416.6599096334449,1002
2024-09-16 12:24:51.289000,416.6994054880131,99
2024-09-16 12:24:51.319000,416.6860131966108,1002
2024-09-16 12:24:51.322000,416.711548685187,13
2024-09-16 12:24:51.351000,416.7019288650635,96
2024-09-16 12:24:51.365000,416.7032898254097,995
2024-09-16 12:24:51.506000,416.6842288896257,997
2024-09-16 12:24:51.518000,416.6967600895713,7
2024-09-16 12:24:51.525000,416.7085362480664,1005
2024-09-16 12:24:51.563000,416.6931437667011,104
2024-09-16 12:24:51.568000,416.68785783200894,14
2024-09-16 12:24:51.663000,416.7025886550764,1001
2024-09-16 12:24:51.786000,416.7048815089752,9
2024-09-16 12:24:51.938000,416.70524972464096,102
2024-09-16 12:24:51.956000,416.6996933998595,12
2024-09-16 12:24:52.108000,416.8136364689536,1004
2024-09-16 12:24:52.164000,416.7127206445797,9
2024-09-16 12:24:52.230000,416.7414737240656,12
2024-09-16 12:24:52.233000,416.8078236849895,1002
2024-09-16 12:24:52.234000,416.8043156833645,8
2024-09-16 12:24:52.299000,416.69976687696027,998
2024-09-16 12:24:52.319000,416.8215355331144,995
2024-09-16 12:24:52.328000,416.7819947784761,13
2024-09-16 12:24:52.343000,416.8165415321249,1000
2024-09-16 12:24:52.377000,416.6655856227632,10
2024-09-16 12:24:52.390000,416.7043790925396,99
2024-09-16 12:24:52.419000,416.80522486779125,1003
2024-09-16 12:24:52.438000,416.79740057315735,14
2024-09-16 12:24:52.446000,416.6718675784878,5
2024-09-16 12:24:52.473000,416.7928245223308,1004
2024-09-16 12:24:52.475000,416.8142622294175,97
2024-09-16 12:24:52.486000,416.780856137162,1001
2024-09-16 12:24:52.491000,416.7559544074016,1000
2024-09-16 12:24:52.506000,416.69656061459466,14
2024-09-16 12:24:52.587000,416.75589069540536,98
2024-09-16 12:24:52.808000,416.7394011879866,11
2024-09-16 12:24:52.832000,416.7956969375705,996
2024-09-16 12:24:52.832000,416.7713614505884,101
2024-09-16 12:24:52.866000,416.749973229041,998
2024-09-16 12:24:52.904000,416.7540085292552,9
2024-09-16 12:24:52.920000,416.68730470489777,98
2024-09-16 12:24:52.935000,416.741831982044,13
2024-09-16 12:24:52.976000,416.7829589590652,9
2024-09-16 12:24:52.996000,416.8131806853261,104
2024-09-16 12:24:53.228000,416.74958013355086,14
2024-09-16 12:24:53.293000,416.7634814629178,996
2024-09-16 12:24:53.357000,416.7745667857,96
2024-09-16 12:24:53.393000,416.78865511054414,99
2024-09-16 12:24:53.394000,416.7951793681553,1005
2024-09-16 12:24:53.447000,416.8040480431755,101
2024-09-16 12:24:53.653000,416.773443701898,98
2024-09-16 12:24:53.866000,416.7684378980372,999
2024-09-16 12:24:53.977000,416.7865345839269,95
2024-09-16 12:24:53.988000,416.7647815447761,11
2024-09-16 12:24:54.112000,416.8188506042711,96
2024-09-16 12:24:54.348000,416.8229037124635,1005
2024-09-16 12:24:54.422000,416.8402105035533,103
2024-09-16 12:24:54.463000,416.845746623144,100
2024-09-16 12:24:54.567000,416.8602103126937,98
2024-09-16 12:24:54.689000,416.8116584546349,97
2024-09-16 12:24:54.840000,416.8183206910716,1005
2024-09-16 12:24:54.904000,416.8028691264083,15
2024-09-16 12:24:54.907000,416.8130016449137,100
2024-09-16 12:24:55.394000,416.8449940622502,999
2024-09-16 12:24:55.681000,416.8592522068472,96
2024-09-16 12:24:55.705000,416.8654122548148,11
2024-09-16 12:24:56.043000,416.872542661835,101
2024-09-16 12:24:56.209000,416.848189389322,96
2024-09-16 12:24:56.287000,416.8822634111396,5
2024-09-16 12:24:56.295000,416.8978023639509,5
2024-09-16 12:24:56.351000,416.86747747415205,97
2024-09-16 12:24:56.366000,416.8683365827219,11
2024-09-16 12:24:56.450000,416.859130726288,6
2024-09-16 12:24:56.639000,416.87233959494586,7
2024-09-16 12:24:56.742000,416.8925070116243,99
2024-09-16 12:24:56.838000,416.8885865420801,96
2024-09-16 12:24:57.091000,416.8642418409992,999
2024-09-16 12:24:57.103000,416.8568049046535,11
2024-09-16 12:24:57.104000,416.875024607288,1003
2024-09-16 12:24:57.128000,416.8687298717575,1003
2024-09-16 12:24:57.165000,416.8800578485167,102
2024-09-16 12:24:57.250000,416.85925322292366,100
2024-09-16 12:24:57.384000,416.8666602011184,105
2024-09-16 12:24:57.390000,416.8859950617035,995
2024-09-16 12:24:57.493000,416.87840541558734,98
2024-09-16 12:24:57.498000,416.8678800629222,8
2024-09-16 12:24:57.589000,416.8675571185489,104
2024-09-16 12:24:57.660000,416.8503806904092,13
2024-09-16 12:24:57.865000,416.881214324897,8
2024-09-16 12:24:57.875000,416.8814182657829,8
2024-09-16 12:24:57.930000,416.8775520628935,96
2024-09-16 12:24:58.049000,416.8182200935671,100
2024-09-16 12:24:58.056000,416.8573486508552,105
2024-09-16 12:24:58.172000,416.83562113719177,6
2024-09-16 12:24:58.460000,416.8415262391016,11
2024-09-16 12:24:58.538000,416.84083893549496,999
2024-09-16 12:24:58.583000,416.8336548357385,9
2024-09-16 12:24:58.753000,416.80754875046654,1001
2024-09-16 12:24:58.884000,416.8649857414349,1000
2024-09-16 12:24:58.922000,416.84221949464654,10
2024-09-16 12:24:59.215000,416.7985408370971,8
2024-09-16 12:24:59.230000,416.8041021357199,8
2024-09-16 12:24:59.740000,416.8186565314338,105
2024-09-16 12:24:59.804000,416.8211077425057,103
2024-09-16 12:24:59.831000,416.8130348293368,99
