Timestamp,Price,Size
2024-09-19 15:18:00.005000,420.1423111619159,96
2024-09-19 15:18:00.203000,420.1454113720989,1001
2024-09-19 15:18:00.246000,420.0906354237636,7
2024-09-19 15:18:00.278000,420.102714132515,1004
2024-09-19 15:18:00.316000,420.12556577257226,996
2024-09-19 15:18:00.393000,420.0977458580998,11
2024-09-19 15:18:00.421000,420.1535854549846,6
2024-09-19 15:18:00.447000,420.1007660665969,6
2024-09-19 15:18:00.511000,420.109452168108,998
2024-09-19 15:18:00.563000,420.1411396112629,101
2024-09-19 15:18:00.590000,420.1178641698168,99
2024-09-19 15:18:00.619000,420.1197461902166,1000
2024-09-19 15:18:00.666000,420.1302758899992,1004
2024-09-19 15:18:00.699000,420.11434925381934,100
2024-09-19 15:18:00.715000,420.13317113699145,100
2024-09-19 15:18:00.751000,420.11713677735975,12
2024-09-19 15:18:00.772000,420.1166543933791,99
2024-09-19 15:18:00.792000,420.1315562757374,12
2024-09-19 15:18:00.918000,420.12100661605245,15
2024-09-19 15:18:01.015000,420.1316126266842,1003
2024-09-19 15:18:01.070000,420.1092614801655,10
2024-09-19 15:18:01.076000,420.1116930120552,1001
2024-09-19 15:18:01.099000,420.113607273402,1003
2024-09-19 15:18:01.107000,420.0920251331807,996
2024-09-19 15:18:01.138000,420.14384754002447,13
2024-09-19 15:18:01.218000,420.1076766572511,5
2024-09-19 15:18:01.255000,420.11979344754894,996
2024-09-19 15:18:01.318000,420.15215711778086,96
2024-09-19 15:18:01.332000,420.13370471665934,1004
2024-09-19 15:18:01.342000,420.1262603616666,7
2024-09-19 15:18:01.353000,420.127632241657,10
2024-09-19 15:18:01.397000,420.1310418546744,14
2024-09-19 15:18:01.401000,420.0944888077904,1004
2024-09-19 15:18:01.432000,420.153905898314,10
2024-09-19 15:18:01.542000,420.1470182387325,1000
2024-09-19 15:18:01.548000,420.1259098433074,100
2024-09-19 15:18:01.551000,420.1070885844093,999
2024-09-19 15:18:01.626000,420.0978059717953,999
2024-09-19 15:18:01.734000,420.09749953700754,5
2024-09-19 15:18:01.841000,420.1319815105496,1003
2024-09-19 15:18:01.892000,420.12093292978574,7
2024-09-19 15:18:01.909000,420.102532863911,995
2024-09-19 15:18:01.929000,420.1200777497887,1002
2024-09-19 15:18:01.947000,420.1007532355992,1001
2024-09-19 15:18:02.056000,420.1103502403433,12
2024-09-19 15:18:02.063000,420.1064149840058,999
2024-09-19 15:18:02.108000,420.1090692373009,1005
2024-09-19 15:18:02.148000,420.1403727507886,11
2024-09-19 15:18:02.330000,420.1154391981814,99
2024-09-19 15:18:02.360000,420.1045367144799,6
2024-09-19 15:18:02.465000,420.1106086381089,102
2024-09-19 15:18:02.552000,420.1180927686921,97
2024-09-19 15:18:02.567000,420.12061144211,14
2024-09-19 15:18:02.630000,420.126238151994,1000
2024-09-19 15:18:02.655000,420.1171924175134,999
2024-09-19 15:18:02.696000,420.1364901332502,10
2024-09-19 15:18:02.762000,420.1407355475491,98
2024-09-19 15:18:02.857000,420.1073861165639,10
2024-09-19 15:18:02.942000,420.1374940508835,7
2024-09-19 15:18:03.389000,420.1029322437269,14
2024-09-19 15:18:04.036000,420.1771759324518,96
2024-09-19 15:18:04.186000,420.1406793590377,101
2024-09-19 15:18:04.251000,420.1512428850813,8
2024-09-19 15:18:04.281000,420.1039769339235,99
2024-09-19 15:18:04.329000,420.158966311528,996
2024-09-19 15:18:04.343000,420.1591381234551,1001
2024-09-19 15:18:04.352000,420.1456977612486,15
2024-09-19 15:18:04.364000,420.1562990892972,1001
2024-09-19 15:18:04.415000,420.1091491999918,105
2024-09-19 15:18:04.443000,420.1771900738241,999
2024-09-19 15:18:04.467000,420.1243855283095,6
2024-09-19 15:18:04.480000,420.1714128623496,99
2024-09-19 15:18:04.544000,420.1808280054716,102
2024-09-19 15:18:04.548000,420.1834941006009,15
2024-09-19 15:18:04.555000,420.1088426253937,105
2024-09-19 15:18:04.593000,420.1823600436673,11
2024-09-19 15:18:04.612000,420.1619975252625,99
2024-09-19 15:18:04.661000,420.13994257782207,101
2024-09-19 15:18:04.707000,420.0929503915952,97
2024-09-19 15:18:04.753000,420.1265958549672,6
2024-09-19 15:18:04.827000,420.1488114977216,10
2024-09-19 15:18:04.844000,420.1599658467144,996
2024-09-19 15:18:04.860000,420.1789018048319,1003
2024-09-19 15:18:04.884000,420.1709896039762,1001
2024-09-19 15:18:04.931000,420.1814237512795,15
2024-09-19 15:18:04.946000,420.1763595869218,96
2024-09-19 15:18:04.976000,420.16335071680976,95
2024-09-19 15:18:05.202000,420.1102262888736,1002
2024-09-19 15:18:06.468000,418.7175375733335,15
2024-09-19 15:18:07.085000,420.1104242334697,100
2024-09-19 15:18:07.121000,420.1134218881219,999
2024-09-19 15:18:07.285000,420.1065744279036,15
2024-09-19 15:18:07.314000,420.139465344045,103
2024-09-19 15:18:07.359000,420.1481704527002,1001
2024-09-19 15:18:07.546000,420.1542412543424,1003
2024-09-19 15:18:07.574000,420.1415673160971,11
2024-09-19 15:18:07.574000,420.1071957788877,1005
2024-09-19 15:18:07.598000,420.1287813844811,1002
2024-09-19 15:18:07.665000,420.109910989784,999
2024-09-19 15:18:07.737000,420.1113408106957,12
2024-09-19 15:18:07.880000,420.1425174745384,95
2024-09-19 15:18:07.890000,420.127103668349,104
2024-09-19 15:18:07.958000,420.11962726678905,96
2024-09-19 15:18:08.082000,420.1913437400378,101
2024-09-19 15:18:08.112000,420.1399491653156,1001
2024-09-19 15:18:08.148000,420.20879615231456,1004
2024-09-19 15:18:08.173000,420.17570842437664,1002
2024-09-19 15:18:08.194000,420.2001107676996,999
2024-09-19 15:18:08.205000,420.186437714361,5
2024-09-19 15:18:08.206000,420.1803097654733,6
2024-09-19 15:18:08.360000,420.1962495986761,101
2024-09-19 15:18:08.365000,420.1386847693516,998
2024-09-19 15:18:08.421000,420.1881702006934,995
2024-09-19 15:18:08.454000,420.1824253797772,99
2024-09-19 15:18:08.530000,420.1331401334173,7
2024-09-19 15:18:08.534000,420.1561100285206,6
2024-09-19 15:18:08.703000,420.188227724628,7
2024-09-19 15:18:08.852000,420.1760153451687,10
2024-09-19 15:18:08.927000,420.1411705356803,1002
2024-09-19 15:18:08.993000,420.1860134377732,998
2024-09-19 15:18:08.994000,420.19303205965866,100
2024-09-19 15:18:09.019000,420.1948185731901,98
2024-09-19 15:18:09.177000,420.1934514285312,1002
2024-09-19 15:18:09.838000,420.1925399279679,99
2024-09-19 15:18:10.528000,420.2004835582992,5
2024-09-19 15:18:10.553000,420.1951846605186,12
2024-09-19 15:18:11.107000,420.1923904667556,97
2024-09-19 15:18:11.139000,420.1929489872998,10
2024-09-19 15:18:11.231000,420.2248767185,95
2024-09-19 15:18:11.435000,420.2107953660434,1003
2024-09-19 15:18:11.554000,420.1906437027587,13
2024-09-19 15:18:11.615000,420.21891318252347,999
2024-09-19 15:18:11.680000,420.1997797336684,102
2024-09-19 15:18:11.697000,420.1909539453442,1002
2024-09-19 15:18:11.727000,420.2006417770564,13
2024-09-19 15:18:11.936000,420.1970541162545,100
2024-09-19 15:18:12.015000,420.2583552185903,103
2024-09-19 15:18:12.105000,420.2098420327485,997
2024-09-19 15:18:12.242000,420.21446228579066,1002
2024-09-19 15:18:12.252000,420.21510179264186,97
2024-09-19 15:18:12.269000,420.18584318588313,105
2024-09-19 15:18:12.278000,420.200203071298,998
2024-09-19 15:18:12.315000,420.18842270634144,1001
2024-09-19 15:18:12.318000,420.1984479204402,12
2024-09-19 15:18:12.344000,420.2261588342679,100
2024-09-19 15:18:12.397000,420.2141714464245,998
2024-09-19 15:18:12.454000,420.2185843360109,10
2024-09-19 15:18:12.621000,420.2323662550688,997
2024-09-19 15:18:12.623000,420.2102422984884,995
2024-09-19 15:18:12.662000,420.21015873421806,96
2024-09-19 15:18:12.667000,420.177535040776,997
2024-09-19 15:18:12.725000,420.2312937347753,10
2024-09-19 15:18:12.777000,420.2129270515636,1002
2024-09-19 15:18:12.877000,420.2229382309906,1005
2024-09-19 15:18:12.886000,420.2411770733496,1000
2024-09-19 15:18:12.891000,420.2140140066446,100
2024-09-19 15:18:12.922000,420.2201611118543,101
2024-09-19 15:18:12.969000,420.1916005198108,100
2024-09-19 15:18:13.010000,420.164235792162,998
2024-09-19 15:18:13.030000,420.16223854057085,1003
2024-09-19 15:18:13.129000,420.19070165886046,99
2024-09-19 15:18:13.191000,420.1687987010971,100
2024-09-19 15:18:13.216000,420.1768032006975,995
2024-09-19 15:18:13.238000,420.15992035478575,102
2024-09-19 15:18:13.304000,420.1739748836609,1004
2024-09-19 15:18:13.390000,420.16832246530817,14
2024-09-19 15:18:13.457000,420.1827060798218,12
2024-09-19 15:18:13.491000,420.1777615321032,8
2024-09-19 15:18:13.579000,420.1754049510824,1004
2024-09-19 15:18:13.597000,420.1469888136272,9
2024-09-19 15:18:13.624000,420.1600740077441,1004
2024-09-19 15:18:13.690000,420.1917679194244,99
2024-09-19 15:18:13.707000,420.18070025065,96
2024-09-19 15:18:14.305000,420.1530955478768,999
2024-09-19 15:18:14.308000,420.1549940689351,96
2024-09-19 15:18:14.479000,420.15457652941774,996
2024-09-19 15:18:14.923000,420.1630475898626,7
2024-09-19 15:18:15.045000,420.1367222334162,1002
2024-09-19 15:18:15.060000,420.13198801076805,102
2024-09-19 15:18:15.078000,420.1816851054063,1004
2024-09-19 15:18:15.084000,420.10557666921,98
2024-09-19 15:18:15.148000,420.1693010481385,13
2024-09-19 15:18:15.163000,420.19369834213785,6
2024-09-19 15:18:15.176000,420.1733953621954,1004
2024-09-19 15:18:15.374000,420.2146247587648,1002
2024-09-19 15:18:15.404000,420.11219961964105,95
2024-09-19 15:18:15.439000,420.1773788016768,1003
2024-09-19 15:18:15.457000,420.17127739616143,1001
2024-09-19 15:18:15.474000,420.1288367187621,105
2024-09-19 15:18:15.496000,420.2143286022464,1000
2024-09-19 15:18:15.519000,420.1179769679521,6
2024-09-19 15:18:15.556000,420.10470273292566,104
2024-09-19 15:18:15.599000,420.1972161788464,15
2024-09-19 15:18:15.622000,420.1465766283164,101
2024-09-19 15:18:15.700000,420.1912574209852,996
2024-09-19 15:18:15.770000,420.2438060894066,103
2024-09-19 15:18:15.979000,420.20184055026505,1000
2024-09-19 15:18:16.134000,420.13998424255817,101
2024-09-19 15:18:16.160000,420.0362385366268,1001
2024-09-19 15:18:16.168000,420.1549138872289,103
2024-09-19 15:18:16.240000,420.145337757929,102
2024-09-19 15:18:16.242000,420.0245718946181,101
2024-09-19 15:18:16.266000,420.13540641017306,996
2024-09-19 15:18:16.267000,420.16059486352,99
2024-09-19 15:18:16.280000,420.1402262066932,103
2024-09-19 15:18:16.371000,420.0236352893058,7
2024-09-19 15:18:16.422000,420.1418274379676,99
2024-09-19 15:18:16.462000,420.1013571514661,105
2024-09-19 15:18:16.508000,420.125549321785,101
2024-09-19 15:18:16.531000,420.1568113920138,12
2024-09-19 15:18:16.549000,420.0271531664253,102
2024-09-19 15:18:16.572000,420.0357234330226,102
2024-09-19 15:18:16.609000,420.1396248694018,100
2024-09-19 15:18:16.609000,420.1466531678618,1005
2024-09-19 15:18:16.692000,420.0613030374592,5
2024-09-19 15:18:16.702000,420.1361777835834,97
2024-09-19 15:18:16.707000,420.0499262584317,1003
2024-09-19 15:18:16.726000,420.1296358080896,998
2024-09-19 15:18:16.750000,420.0814890418512,1004
2024-09-19 15:18:16.795000,420.0567439758309,1000
2024-09-19 15:18:16.835000,420.1374298976645,95
2024-09-19 15:18:16.854000,420.0355089642995,1001
2024-09-19 15:18:16.912000,420.1457368347748,8
2024-09-19 15:18:16.941000,420.1327793463957,1003
2024-09-19 15:18:17.149000,420.04359836901466,995
2024-09-19 15:18:17.266000,420.0656685777958,999
2024-09-19 15:18:17.447000,420.0515932295325,97
2024-09-19 15:18:17.514000,420.04003990329375,997
2024-09-19 15:18:17.545000,420.0408738411256,12
2024-09-19 15:18:17.653000,420.049935876597,996
2024-09-19 15:18:17.754000,420.0374824306373,101
2024-09-19 15:18:17.931000,420.0327268989855,996
2024-09-19 15:18:19.017000,420.0707654632432,7
2024-09-19 15:18:19.029000,420.0864162206281,15
2024-09-19 15:18:19.092000,420.0891505932851,15
2024-09-19 15:18:19.155000,420.0566865042077,996
2024-09-19 15:18:19.164000,420.0713320779805,105
2024-09-19 15:18:19.271000,420.08886549712935,10
2024-09-19 15:18:19.285000,420.0782199429213,102
2024-09-19 15:18:19.415000,420.0758742796063,104
2024-09-19 15:18:19.439000,420.07524295267086,10
2024-09-19 15:18:19.445000,420.0861153002362,99
2024-09-19 15:18:19.465000,420.0568103534686,15
2024-09-19 15:18:19.466000,420.0782882114317,5
2024-09-19 15:18:19.525000,420.08497480281386,8
2024-09-19 15:18:19.539000,420.099799227856,13
2024-09-19 15:18:19.548000,420.0934044886316,1000
2024-09-19 15:18:19.583000,420.084227445964,6
2024-09-19 15:18:19.589000,420.06467677403,1005
2024-09-19 15:18:19.640000,420.0849528056394,998
2024-09-19 15:18:19.659000,420.09846270965465,99
2024-09-19 15:18:19.682000,420.086297440509,103
2024-09-19 15:18:19.730000,420.0968164055175,1005
2024-09-19 15:18:19.757000,420.09167465430585,11
2024-09-19 15:18:19.896000,420.066633240671,6
2024-09-19 15:18:19.952000,420.04509974205865,103
2024-09-19 15:18:20.035000,419.982714038215,103
2024-09-19 15:18:20.091000,420.02757246247774,1002
2024-09-19 15:18:20.123000,420.07738128047765,103
2024-09-19 15:18:20.201000,420.070000741582,101
2024-09-19 15:18:20.264000,419.9996986361608,996
2024-09-19 15:18:20.309000,420.00388367714913,105
2024-09-19 15:18:20.356000,419.9775389121395,15
2024-09-19 15:18:20.464000,420.0107907911096,96
2024-09-19 15:18:20.470000,419.9891120910845,1001
2024-09-19 15:18:20.492000,419.9744007270081,15
2024-09-19 15:18:20.613000,419.9788840703768,998
2024-09-19 15:18:20.629000,419.97159282836014,5
2024-09-19 15:18:20.642000,419.98649633765154,99
2024-09-19 15:18:20.665000,419.99996918596753,12
2024-09-19 15:18:20.673000,419.9771530784157,14
2024-09-19 15:18:20.695000,420.0326570763039,7
2024-09-19 15:18:20.731000,420.0521226399169,1000
2024-09-19 15:18:20.735000,420.0106616119896,998
2024-09-19 15:18:20.769000,419.9862490165762,999
2024-09-19 15:18:20.862000,420.07670772528047,101
2024-09-19 15:18:20.870000,419.9986889270358,104
2024-09-19 15:18:20.900000,419.9719537051899,13
2024-09-19 15:18:20.935000,420.0514432070906,1004
2024-09-19 15:18:20.976000,420.0660176901234,996
2024-09-19 15:18:20.986000,419.99270604306736,12
2024-09-19 15:18:21.145000,420.01404486264346,997
2024-09-19 15:18:21.154000,420.0258733056637,5
2024-09-19 15:18:21.332000,420.0088554973471,15
2024-09-19 15:18:21.333000,420.0303652615856,1000
2024-09-19 15:18:21.515000,419.9991802978038,101
2024-09-19 15:18:21.759000,420.00243498905866,13
2024-09-19 15:18:21.792000,420.01100336663296,10
2024-09-19 15:18:22.055000,420.0064801302974,1000
2024-09-19 15:18:22.222000,419.0031106644225,996
2024-09-19 15:18:22.601000,419.9953956675411,96
2024-09-19 15:18:22.874000,420.0129082872414,996
2024-09-19 15:18:23.024000,420.0081070147101,7
2024-09-19 15:18:23.048000,420.0084398234771,996
2024-09-19 15:18:23.124000,420.0196102008141,98
2024-09-19 15:18:23.256000,420.0146539078767,98
2024-09-19 15:18:23.304000,420.0215211382095,104
2024-09-19 15:18:23.323000,420.0441247294296,10
2024-09-19 15:18:23.374000,420.0442328662909,99
2024-09-19 15:18:23.449000,420.0179593065407,1002
2024-09-19 15:18:23.638000,420.0255473027471,1003
2024-09-19 15:18:23.673000,420.00881327044414,97
2024-09-19 15:18:23.732000,420.02348098071,95
2024-09-19 15:18:23.739000,420.0170046636447,10
2024-09-19 15:18:23.818000,420.0286927203213,101
2024-09-19 15:18:23.873000,420.0360295167625,95
2024-09-19 15:18:23.989000,420.0226272590061,13
2024-09-19 15:18:24.062000,420.0253179387229,5
2024-09-19 15:18:24.205000,420.01779907240456,1002
2024-09-19 15:18:24.269000,420.0394468732326,997
2024-09-19 15:18:24.346000,420.0109076562917,8
2024-09-19 15:18:24.369000,420.0281992393104,1002
2024-09-19 15:18:24.451000,420.03098519882445,7
2024-09-19 15:18:24.521000,420.0409877979778,99
2024-09-19 15:18:24.608000,420.0419051336849,1005
2024-09-19 15:18:24.608000,420.0414618553913,5
2024-09-19 15:18:24.634000,420.03518802944967,105
2024-09-19 15:18:24.810000,420.0408929149884,105
2024-09-19 15:18:24.832000,420.0119834613437,5
2024-09-19 15:18:24.858000,420.04512367282825,15
2024-09-19 15:18:24.870000,420.0129230533184,1001
2024-09-19 15:18:25.043000,418.9753006149674,1004
2024-09-19 15:18:25.106000,420.0566524977716,15
2024-09-19 15:18:25.122000,420.0593432545674,1003
2024-09-19 15:18:25.140000,420.0437204150772,100
2024-09-19 15:18:25.227000,420.05551229071074,13
2024-09-19 15:18:25.249000,420.0335639326632,13
2024-09-19 15:18:25.620000,420.0527829917857,99
2024-09-19 15:18:25.645000,420.0471003813502,100
2024-09-19 15:18:25.746000,420.0578057853179,1002
2024-09-19 15:18:25.776000,420.054518330457,99
2024-09-19 15:18:26.424000,420.0284262177642,8
2024-09-19 15:18:26.593000,420.0363806883655,100
2024-09-19 15:18:26.909000,420.031308791772,999
2024-09-19 15:18:26.909000,420.0150391208688,5
2024-09-19 15:18:27.034000,419.9625905303519,6
2024-09-19 15:18:27.069000,419.9770653876068,5
2024-09-19 15:18:27.140000,419.9658532189939,104
2024-09-19 15:18:27.202000,419.9924328415149,104
2024-09-19 15:18:27.306000,419.9916074953424,100
2024-09-19 15:18:27.323000,419.997248481063,12
2024-09-19 15:18:27.344000,419.9613507149484,1002
2024-09-19 15:18:27.455000,419.9666859801047,98
2024-09-19 15:18:27.509000,419.9890153799701,99
2024-09-19 15:18:27.598000,419.97042590595424,100
2024-09-19 15:18:27.621000,419.9908534916276,1000
2024-09-19 15:18:27.736000,419.9920461431278,999
2024-09-19 15:18:27.833000,419.9413795843932,996
2024-09-19 15:18:27.948000,419.95918699245215,95
2024-09-19 15:18:27.966000,419.9343556572787,102
2024-09-19 15:18:28.245000,419.9552438184392,1002
2024-09-19 15:18:28.587000,419.9568903474981,995
2024-09-19 15:18:28.682000,419.9304615811352,14
2024-09-19 15:18:28.709000,419.9178088007641,12
2024-09-19 15:18:28.751000,419.9469575463625,1000
2024-09-19 15:18:29.060000,419.9490153769508,1004
2024-09-19 15:18:29.105000,419.9392131205167,996
2024-09-19 15:18:29.251000,419.9390703971951,998
2024-09-19 15:18:29.316000,419.95317752670593,1005
2024-09-19 15:18:29.318000,419.97698012043975,100
2024-09-19 15:18:29.351000,419.9560854947115,14
2024-09-19 15:18:29.369000,419.9501476936889,7
2024-09-19 15:18:29.451000,419.9556689877605,995
2024-09-19 15:18:29.558000,419.9687381587372,6
2024-09-19 15:18:29.584000,419.9315333395765,96
2024-09-19 15:18:29.634000,419.9671970144358,1003
2024-09-19 15:18:29.641000,419.9535585864329,996
2024-09-19 15:18:29.652000,419.9643557557957,1003
2024-09-19 15:18:29.672000,419.95679056632514,97
2024-09-19 15:18:29.786000,419.9430134369356,996
2024-09-19 15:18:30.134000,419.9854449292335,995
2024-09-19 15:18:30.639000,419.9767315485759,96
2024-09-19 15:18:30.870000,419.94603170507344,10
2024-09-19 15:18:31.035000,420.00501389991007,1004
2024-09-19 15:18:31.091000,419.9501861634624,104
2024-09-19 15:18:31.113000,419.9853520822301,5
2024-09-19 15:18:31.255000,419.977676623784,15
2024-09-19 15:18:31.289000,420.0126127202997,96
2024-09-19 15:18:31.358000,419.9925005309767,998
2024-09-19 15:18:31.389000,420.006624685547,95
2024-09-19 15:18:31.400000,420.0012791136413,8
2024-09-19 15:18:31.427000,419.9819895167053,998
2024-09-19 15:18:31.433000,419.9842071423636,14
2024-09-19 15:18:31.437000,420.0003677932473,13
2024-09-19 15:18:31.538000,419.9947172011941,9
2024-09-19 15:18:31.641000,419.9765883747316,995
2024-09-19 15:18:31.649000,419.97250575227486,100
2024-09-19 15:18:31.702000,419.95649160223337,98
2024-09-19 15:18:31.707000,419.9790088474672,999
2024-09-19 15:18:31.748000,419.9863672034487,5
2024-09-19 15:18:31.821000,419.9954285163719,11
2024-09-19 15:18:31.843000,419.9652770234192,1003
2024-09-19 15:18:31.873000,420.0072792744263,998
2024-09-19 15:18:31.999000,420.0026725148549,95
2024-09-19 15:18:32.002000,419.97875232740114,102
2024-09-19 15:18:32.016000,419.9914633650174,1003
2024-09-19 15:18:32.027000,420.01825356462064,99
2024-09-19 15:18:32.142000,420.011127849847,998
2024-09-19 15:18:32.193000,419.9926030719256,95
2024-09-19 15:18:32.277000,420.0122440165298,8
2024-09-19 15:18:32.317000,419.99862547704953,1005
2024-09-19 15:18:32.330000,419.981316795251,8
2024-09-19 15:18:32.436000,419.9775306939824,995
2024-09-19 15:18:32.448000,420.0030567124141,999
2024-09-19 15:18:32.463000,420.0023823262415,103
2024-09-19 15:18:32.542000,420.00582690168375,1002
2024-09-19 15:18:32.544000,419.9914044735379,1002
2024-09-19 15:18:32.600000,419.9967525605363,1004
2024-09-19 15:18:32.634000,419.9808489476923,97
2024-09-19 15:18:32.658000,420.0095893408818,13
2024-09-19 15:18:32.768000,420.00429549820416,996
2024-09-19 15:18:32.920000,419.9727305330493,1002
2024-09-19 15:18:32.925000,420.0031170001184,15
2024-09-19 15:18:33.248000,419.9483325310139,98
2024-09-19 15:18:33.271000,419.990241577023,1000
2024-09-19 15:18:33.314000,419.985959313492,101
2024-09-19 15:18:33.328000,419.9551805888013,999
2024-09-19 15:18:33.343000,419.9943025608958,100
2024-09-19 15:18:33.350000,419.9997943181542,99
2024-09-19 15:18:33.370000,419.9446866826451,102
2024-09-19 15:18:33.379000,419.9983703530204,103
2024-09-19 15:18:33.409000,419.9846497184104,98
2024-09-19 15:18:33.516000,419.99884205231547,95
2024-09-19 15:18:33.732000,419.97247593495706,10
2024-09-19 15:18:33.779000,419.9571540464394,104
2024-09-19 15:18:33.866000,419.9442842382867,104
2024-09-19 15:18:34.089000,419.9557085770816,8
2024-09-19 15:18:34.205000,419.9576843700584,99
2024-09-19 15:18:35.023000,419.94629168416304,10
2024-09-19 15:18:35.090000,419.9410109201845,7
2024-09-19 15:18:35.105000,419.9299130273352,5
2024-09-19 15:18:35.143000,419.9156156978264,97
2024-09-19 15:18:35.191000,419.9317852031277,10
2024-09-19 15:18:35.290000,419.9456263551478,995
2024-09-19 15:18:35.345000,419.9416783286528,96
2024-09-19 15:18:35.381000,419.9507046342274,1005
2024-09-19 15:18:35.390000,419.92373056525423,1000
2024-09-19 15:18:35.464000,419.8983397017491,95
2024-09-19 15:18:35.501000,419.95287970915786,1005
2024-09-19 15:18:35.515000,419.9480287019852,97
2024-09-19 15:18:35.601000,419.94234831159497,1005
2024-09-19 15:18:35.622000,419.9408544114153,11
2024-09-19 15:18:35.753000,419.9615104120381,103
2024-09-19 15:18:35.784000,419.9416041041696,996
2024-09-19 15:18:35.909000,419.9365821588876,95
2024-09-19 15:18:35.950000,419.95282211013046,996
2024-09-19 15:18:36.147000,419.91347676137343,15
2024-09-19 15:18:36.185000,419.91162484788026,11
2024-09-19 15:18:36.259000,419.89804155817546,5
2024-09-19 15:18:36.514000,419.91642915069554,13
2024-09-19 15:18:36.562000,419.91212242054064,1000
2024-09-19 15:18:36.708000,419.8930217162868,996
2024-09-19 15:18:36.788000,419.9063533259937,105
2024-09-19 15:18:37.065000,419.9106871728255,97
2024-09-19 15:18:37.081000,419.9072214516315,102
2024-09-19 15:18:37.284000,419.90616607573753,96
2024-09-19 15:18:38.023000,419.9360049490185,1000
2024-09-19 15:18:38.038000,419.8934480001429,999
2024-09-19 15:18:38.095000,419.9477436379304,15
2024-09-19 15:18:38.379000,419.94248418897416,14
2024-09-19 15:18:38.446000,419.9612677741845,96
2024-09-19 15:18:38.447000,419.941327656652,99
2024-09-19 15:18:38.488000,419.9151474941997,103
2024-09-19 15:18:38.529000,419.9582291448704,99
2024-09-19 15:18:38.727000,419.907318558494,103
2024-09-19 15:18:38.838000,419.9083394267897,1004
2024-09-19 15:18:38.864000,419.9401064957088,95
2024-09-19 15:18:38.938000,419.9312805685147,11
2024-09-19 15:18:38.974000,419.958387421116,11
2024-09-19 15:18:38.974000,419.9470467418725,1003
2024-09-19 15:18:39.073000,419.9287297914421,10
2024-09-19 15:18:39.108000,419.9674933491521,103
2024-09-19 15:18:39.115000,419.9929869483642,997
2024-09-19 15:18:39.190000,419.9904374537257,95
2024-09-19 15:18:39.236000,419.9253780449985,1001
2024-09-19 15:18:39.290000,419.9397558989895,103
2024-09-19 15:18:39.311000,419.962192352472,5
2024-09-19 15:18:39.335000,419.9749384961865,96
2024-09-19 15:18:39.371000,419.9531402160485,95
2024-09-19 15:18:39.442000,419.9718209868416,102
2024-09-19 15:18:39.491000,419.9616879467793,11
2024-09-19 15:18:39.500000,419.913501782426,1005
2024-09-19 15:18:39.553000,419.9545415186962,101
2024-09-19 15:18:39.555000,419.9212061333332,8
2024-09-19 15:18:39.574000,419.9452897222548,5
2024-09-19 15:18:39.600000,419.9776859031071,96
2024-09-19 15:18:39.602000,419.97173680568767,104
2024-09-19 15:18:39.622000,419.9334629491925,96
2024-09-19 15:18:39.789000,419.98056363163744,99
2024-09-19 15:18:39.861000,419.9357481936634,7
2024-09-19 15:18:39.941000,419.9648420384923,1001
2024-09-19 15:18:39.945000,419.982160867742,1004
2024-09-19 15:18:39.978000,419.9654649960429,15
2024-09-19 15:18:39.998000,419.9731908428333,101
2024-09-19 15:18:40.445000,419.9351916981814,997
2024-09-19 15:18:40.719000,419.9291788045592,997
2024-09-19 15:18:41.038000,419.89711775270666,14
2024-09-19 15:18:41.242000,419.9027340638543,95
2024-09-19 15:18:41.289000,419.9161154793255,1004
2024-09-19 15:18:41.311000,419.9305725571075,95
2024-09-19 15:18:41.588000,419.93759199778754,98
2024-09-19 15:18:41.686000,419.9064400081493,996
2024-09-19 15:18:41.794000,419.8964892874359,9
2024-09-19 15:18:42.002000,419.8859436065912,101
2024-09-19 15:18:42.051000,419.8913627755242,1002
2024-09-19 15:18:42.076000,419.8871801697836,96
2024-09-19 15:18:42.107000,419.9285158571407,6
2024-09-19 15:18:42.133000,419.8972212583881,99
2024-09-19 15:18:42.134000,419.8813738257694,98
2024-09-19 15:18:42.171000,419.8863575707573,105
2024-09-19 15:18:42.269000,419.8897496714042,96
2024-09-19 15:18:42.293000,419.89904514893897,104
2024-09-19 15:18:42.311000,419.8804030629984,1004
2024-09-19 15:18:42.321000,419.9011080980451,15
2024-09-19 15:18:42.347000,419.8889371788075,1001
2024-09-19 15:18:42.379000,419.8846257831518,11
2024-09-19 15:18:42.432000,419.8904508449544,996
2024-09-19 15:18:42.507000,419.90904709925934,97
2024-09-19 15:18:42.529000,419.9111239341215,15
2024-09-19 15:18:42.538000,419.92323501689583,997
2024-09-19 15:18:42.548000,419.91280457791805,101
2024-09-19 15:18:42.616000,419.9263479812631,12
2024-09-19 15:18:42.679000,419.8945053493639,10
2024-09-19 15:18:42.856000,419.8831212686042,9
2024-09-19 15:18:42.871000,419.8897837699352,1000
2024-09-19 15:18:43.088000,419.9310031707634,1002
2024-09-19 15:18:43.119000,419.9156698151329,1003
2024-09-19 15:18:43.128000,419.9348945695517,103
2024-09-19 15:18:43.629000,419.9257942495932,11
2024-09-19 15:18:43.716000,419.9469207639616,102
2024-09-19 15:18:43.725000,419.9364239639487,999
2024-09-19 15:18:43.740000,419.9287716269484,998
2024-09-19 15:18:43.741000,419.91937521344266,101
2024-09-19 15:18:43.745000,419.9299408086089,101
2024-09-19 15:18:43.859000,419.8972040568706,998
2024-09-19 15:18:43.913000,419.942843969696,102
2024-09-19 15:18:43.922000,419.9371628196864,97
2024-09-19 15:18:43.947000,419.9041012149501,995
2024-09-19 15:18:44.011000,419.85793376318935,995
2024-09-19 15:18:44.024000,419.922918730772,1004
2024-09-19 15:18:44.065000,419.8877711147336,5
2024-09-19 15:18:44.131000,419.8413916593992,11
2024-09-19 15:18:44.295000,419.87638338732137,995
2024-09-19 15:18:44.365000,419.8949227700343,1002
2024-09-19 15:18:44.406000,419.8728996001149,12
2024-09-19 15:18:44.484000,419.9412872149765,1005
2024-09-19 15:18:44.486000,419.8799772106542,997
2024-09-19 15:18:44.504000,419.82334992205824,9
2024-09-19 15:18:44.527000,419.85305950588565,1005
2024-09-19 15:18:44.609000,419.8719930835262,13
2024-09-19 15:18:44.611000,419.8555057424393,96
2024-09-19 15:18:44.747000,419.87789005857104,6
2024-09-19 15:18:44.748000,419.9341366638448,103
2024-09-19 15:18:44.755000,419.88023140045374,12
2024-09-19 15:18:44.775000,419.9090823140689,102
2024-09-19 15:18:44.795000,419.9190582427056,14
2024-09-19 15:18:44.827000,419.8406527271511,15
2024-09-19 15:18:44.833000,419.8497091070876,11
2024-09-19 15:18:44.849000,419.8692724524682,6
2024-09-19 15:18:44.856000,419.8529313797948,97
2024-09-19 15:18:44.887000,419.8355748738685,1005
2024-09-19 15:18:44.895000,419.9466578561059,101
2024-09-19 15:18:44.919000,419.9140055866088,96
2024-09-19 15:18:44.927000,419.8297107658455,11
2024-09-19 15:18:44.972000,419.93900244890506,99
2024-09-19 15:18:44.982000,419.91417267512287,1003
2024-09-19 15:18:45.089000,419.87342105879617,1004
2024-09-19 15:18:45.185000,419.9032591631008,102
2024-09-19 15:18:45.292000,419.8914040886451,100
2024-09-19 15:18:45.365000,419.93264730463216,6
2024-09-19 15:18:45.368000,419.85755639672425,99
2024-09-19 15:18:45.395000,419.8728734704198,1002
2024-09-19 15:18:45.413000,419.9546670317461,1002
2024-09-19 15:18:45.446000,419.9266782445502,97
2024-09-19 15:18:45.454000,419.9400370169232,1000
2024-09-19 15:18:45.464000,419.9234422904671,1003
2024-09-19 15:18:45.479000,419.9186652541163,102
2024-09-19 15:18:45.520000,419.8969299808592,98
2024-09-19 15:18:45.751000,419.8955929668479,10
2024-09-19 15:18:45.809000,419.8912718858212,5
2024-09-19 15:18:45.811000,419.9159377441809,95
2024-09-19 15:18:45.830000,419.9488882298547,6
2024-09-19 15:18:45.843000,419.899153622357,96
2024-09-19 15:18:45.882000,419.9133247840009,1002
2024-09-19 15:18:45.886000,419.91188103049126,6
2024-09-19 15:18:45.903000,419.94762411998073,95
2024-09-19 15:18:45.934000,419.95132080316085,997
2024-09-19 15:18:45.949000,419.8627586412833,6
2024-09-19 15:18:45.984000,419.8641148064244,9
2024-09-19 15:18:45.997000,419.8694593396192,100
2024-09-19 15:18:46.018000,419.9547408712396,95
2024-09-19 15:18:46.566000,419.9573511201773,14
2024-09-19 15:18:47.003000,419.943709451011,1004
2024-09-19 15:18:47.025000,419.92971664288257,95
2024-09-19 15:18:47.044000,419.9115521502295,102
2024-09-19 15:18:47.122000,419.9261390819249,101
2024-09-19 15:18:47.197000,419.91886061498496,105
2024-09-19 15:18:47.198000,419.9172206335746,101
2024-09-19 15:18:47.324000,419.9054561418626,998
2024-09-19 15:18:47.345000,419.948527631494,96
2024-09-19 15:18:47.554000,419.9251955479127,996
2024-09-19 15:18:47.589000,419.9297596421154,97
2024-09-19 15:18:47.677000,419.9135102016447,12
2024-09-19 15:18:47.713000,419.9110328506023,15
2024-09-19 15:18:47.751000,419.9137461492807,14
2024-09-19 15:18:47.788000,419.9380349755028,995
2024-09-19 15:18:47.824000,419.9352718018378,5
2024-09-19 15:18:48.195000,419.8653093574692,995
2024-09-19 15:18:48.381000,419.9072236761005,103
2024-09-19 15:18:48.545000,419.9125068267687,100
2024-09-19 15:18:48.686000,419.8986226042574,104
2024-09-19 15:18:48.941000,419.8787098565493,10
2024-09-19 15:18:48.952000,419.8656479546669,14
2024-09-19 15:18:49.083000,419.8962712601823,102
2024-09-19 15:18:49.118000,419.9085257665017,11
2024-09-19 15:18:49.138000,419.8969145852768,1004
2024-09-19 15:18:49.176000,419.90303650628033,95
2024-09-19 15:18:49.248000,419.9088753343901,95
2024-09-19 15:18:49.639000,419.87573005727455,102
2024-09-19 15:18:49.785000,419.90081587986856,104
2024-09-19 15:18:49.796000,419.0709140289866,997
2024-09-19 15:18:49.821000,419.90581130185495,1003
2024-09-19 15:18:49.866000,419.0715048527183,1000
2024-09-19 15:18:50.017000,419.0801840438928,1002
2024-09-19 15:18:50.372000,419.07347685024746,96
2024-09-19 15:18:50.571000,419.8556385217906,999
2024-09-19 15:18:50.934000,419.8671210328439,98
2024-09-19 15:18:51.007000,419.8272153007656,95
2024-09-19 15:18:51.192000,419.8541788614814,1005
2024-09-19 15:18:51.435000,419.8413816663251,102
2024-09-19 15:18:51.583000,419.8288040140305,7
2024-09-19 15:18:51.665000,419.8572189178772,1004
2024-09-19 15:18:51.682000,419.8344786852365,996
2024-09-19 15:18:51.712000,419.8356176343721,9
2024-09-19 15:18:52.015000,419.8181946543733,1004
2024-09-19 15:18:52.036000,419.7943347287771,11
2024-09-19 15:18:52.039000,419.8060024184676,105
2024-09-19 15:18:52.099000,419.6767394885292,997
2024-09-19 15:18:52.130000,419.6804507631258,95
2024-09-19 15:18:52.144000,419.7067262165936,103
2024-09-19 15:18:52.163000,419.6706932301241,100
2024-09-19 15:18:52.170000,419.6818595150417,999
2024-09-19 15:18:52.188000,419.79253921327467,101
2024-09-19 15:18:52.192000,419.8158443975241,998
2024-09-19 15:18:52.195000,419.6381133560184,6
2024-09-19 15:18:52.224000,419.8002008211767,95
2024-09-19 15:18:52.246000,419.6285745802799,998
2024-09-19 15:18:52.303000,419.7711611451125,11
2024-09-19 15:18:52.318000,419.6764606473536,5
2024-09-19 15:18:52.334000,419.816655541114,13
2024-09-19 15:18:52.382000,419.8316035483709,1001
2024-09-19 15:18:52.410000,419.8208592048149,12
2024-09-19 15:18:52.429000,419.76290866756887,99
2024-09-19 15:18:52.459000,419.739639363498,1004
2024-09-19 15:18:52.683000,419.6466765371361,8
2024-09-19 15:18:52.737000,419.73637944787953,15
2024-09-19 15:18:52.747000,419.8156784945698,10
2024-09-19 15:18:52.774000,419.8186410287809,99
2024-09-19 15:18:52.789000,419.81159476871,101
2024-09-19 15:18:52.895000,419.7992430087539,1004
2024-09-19 15:18:52.899000,419.722192705226,95
2024-09-19 15:18:53.076000,419.6585062061803,9
2024-09-19 15:18:53.079000,419.6209609495618,14
2024-09-19 15:18:53.269000,419.641010806108,12
2024-09-19 15:18:53.389000,419.63548079138815,13
2024-09-19 15:18:53.406000,419.6097257504228,98
2024-09-19 15:18:53.459000,419.6577353610798,13
2024-09-19 15:18:53.511000,419.64143903993727,95
2024-09-19 15:18:53.535000,419.6207703363865,1005
2024-09-19 15:18:53.689000,419.5812585486039,95
2024-09-19 15:18:53.721000,419.63769544033227,13
2024-09-19 15:18:53.869000,419.6480480912627,10
2024-09-19 15:18:54.191000,419.641727740688,13
2024-09-19 15:18:54.202000,419.5680002091837,98
2024-09-19 15:18:54.226000,419.5852790560037,96
2024-09-19 15:18:54.449000,419.5878720089997,5
2024-09-19 15:18:54.487000,419.6400893328946,95
2024-09-19 15:18:54.599000,419.6071693434502,1004
2024-09-19 15:18:54.611000,419.60790699516497,96
2024-09-19 15:18:54.688000,419.6197419862678,10
2024-09-19 15:18:54.704000,419.6078554551469,11
2024-09-19 15:18:54.771000,419.647163946536,1001
2024-09-19 15:18:54.797000,419.6023450224611,1004
2024-09-19 15:18:54.804000,419.6183050788502,5
2024-09-19 15:18:54.805000,419.61065806154505,12
2024-09-19 15:18:54.869000,419.5763711319036,1002
2024-09-19 15:18:54.884000,419.5878570990541,11
2024-09-19 15:18:55.052000,419.6804268428476,100
2024-09-19 15:18:55.080000,419.612289431708,1002
2024-09-19 15:18:55.103000,419.60334361724506,10
2024-09-19 15:18:55.120000,419.6427503136866,996
2024-09-19 15:18:55.134000,419.6534536399533,5
2024-09-19 15:18:55.138000,419.6923301837715,995
2024-09-19 15:18:55.164000,419.6438175209323,1002
2024-09-19 15:18:55.188000,419.6371132337686,7
2024-09-19 15:18:55.193000,419.6527562897074,1000
2024-09-19 15:18:55.251000,419.65580681348325,98
2024-09-19 15:18:55.254000,419.6791571050167,97
2024-09-19 15:18:55.267000,419.6250890388111,1004
2024-09-19 15:18:55.278000,419.6202237616546,99
2024-09-19 15:18:55.281000,419.69339320235537,98
2024-09-19 15:18:55.298000,419.6028611952438,96
2024-09-19 15:18:55.433000,419.66100817206336,996
2024-09-19 15:18:55.448000,419.6939077676811,102
2024-09-19 15:18:55.483000,419.6693446823267,1000
2024-09-19 15:18:55.605000,419.5901572766455,97
2024-09-19 15:18:55.620000,419.6383343445198,1002
2024-09-19 15:18:55.644000,419.6949742329522,15
2024-09-19 15:18:55.689000,419.67186017923,15
2024-09-19 15:18:55.699000,419.6441481096042,8
2024-09-19 15:18:55.742000,419.6029509476737,12
2024-09-19 15:18:55.862000,419.6324905694424,1003
2024-09-19 15:18:55.885000,419.5958476716201,1002
2024-09-19 15:18:56.021000,419.7120194099151,103
2024-09-19 15:18:56.038000,419.7186633217203,13
2024-09-19 15:18:56.059000,419.7021862518897,96
2024-09-19 15:18:56.177000,419.7071525940753,10
2024-09-19 15:18:56.218000,419.72384313454666,98
2024-09-19 15:18:56.324000,419.7114095541365,8
2024-09-19 15:18:56.330000,419.7043763527639,7
2024-09-19 15:18:56.404000,419.18583897949895,102
2024-09-19 15:18:56.460000,419.6899786819717,96
2024-09-19 15:18:56.595000,419.69790553141416,13
2024-09-19 15:18:56.637000,419.7091461758845,102
2024-09-19 15:18:56.700000,419.7135712196337,96
2024-09-19 15:18:56.721000,419.68079801040926,7
2024-09-19 15:18:56.829000,419.70030410297386,997
2024-09-19 15:18:57.038000,419.86755549434855,105
2024-09-19 15:18:57.102000,419.75528900617496,997
2024-09-19 15:18:57.135000,419.86404599150273,998
2024-09-19 15:18:57.172000,419.8239619211605,97
2024-09-19 15:18:57.182000,419.7142028401988,1005
2024-09-19 15:18:57.185000,419.7209880675005,102
2024-09-19 15:18:57.475000,419.8214058261081,104
2024-09-19 15:18:57.490000,419.7566926760259,999
2024-09-19 15:18:57.519000,419.8387570711132,6
2024-09-19 15:18:57.531000,419.6933538961532,101
2024-09-19 15:18:57.733000,419.72557319578857,999
2024-09-19 15:18:57.735000,419.7140467689125,95
2024-09-19 15:18:57.848000,419.7408159643359,1003
2024-09-19 15:18:57.918000,419.8185701440468,1005
2024-09-19 15:18:57.982000,419.7945403715267,1002
2024-09-19 15:18:58.040000,419.9667199671214,1003
2024-09-19 15:18:58.084000,419.8812422978962,995
2024-09-19 15:18:58.085000,419.9543703521076,1000
2024-09-19 15:18:58.241000,419.9513243609318,1001
2024-09-19 15:18:58.294000,419.9001662880531,15
2024-09-19 15:18:58.386000,419.9126062340149,7
2024-09-19 15:18:58.511000,419.9173110302683,1004
2024-09-19 15:18:58.593000,419.9006375666498,1005
2024-09-19 15:18:58.598000,419.9107342953701,100
2024-09-19 15:18:58.677000,419.9342528466806,105
2024-09-19 15:18:58.693000,419.91242893773455,15
2024-09-19 15:18:58.739000,419.9290318390776,97
2024-09-19 15:18:58.740000,419.9312100666544,104
2024-09-19 15:18:58.783000,419.8923067986832,8
2024-09-19 15:18:58.924000,419.9414692634581,97
2024-09-19 15:18:58.954000,419.94441912848407,9
2024-09-19 15:18:58.976000,419.9458806366706,97
2024-09-19 15:18:59.042000,420.0548910529234,6
2024-09-19 15:18:59.104000,419.96864693192776,1004
2024-09-19 15:18:59.182000,420.0078358131041,102
2024-09-19 15:18:59.197000,419.9813229068483,104
2024-09-19 15:18:59.240000,419.9565847202493,104
2024-09-19 15:18:59.269000,419.9975949479709,1000
2024-09-19 15:18:59.355000,419.9491492959464,5
2024-09-19 15:18:59.384000,420.0771787214928,96
2024-09-19 15:18:59.390000,420.0726458211154,1003
2024-09-19 15:18:59.449000,419.9411481320301,11
2024-09-19 15:18:59.456000,419.9773367806913,995
2024-09-19 15:18:59.465000,420.0632542193941,1000
2024-09-19 15:18:59.480000,420.0375344356247,998
2024-09-19 15:18:59.496000,420.07497196789,103
2024-09-19 15:18:59.524000,419.9860251456643,999
2024-09-19 15:18:59.526000,420.0710011180646,10
2024-09-19 15:18:59.581000,420.05103569261775,1004
2024-09-19 15:18:59.688000,419.9598833130182,6
2024-09-19 15:18:59.724000,419.9825680601074,102
2024-09-19 15:18:59.775000,420.020543428368,999
2024-09-19 15:18:59.776000,420.0023717265199,7
2024-09-19 15:18:59.786000,420.0144820764372,995
2024-09-19 15:18:59.787000,419.9966330939776,15
2024-09-19 15:18:59.896000,419.9937523308386,1005
2024-09-19 15:18:59.932000,420.0021529692576,5
2024-09-19 15:18:59.937000,420.0635549215373,1004
2024-09-19 15:18:59.949000,420.030391581831,995
