Timestamp,Price,Size
2024-09-19 09:53:00.479000,415.4411443409987,12
2024-09-19 09:53:00.887000,415.4508873150312,1004
2024-09-19 09:53:01.008000,415.4325523519431,7
2024-09-19 09:53:01.092000,415.46669599797394,1002
2024-09-19 09:53:01.097000,415.4428105627943,104
2024-09-19 09:53:01.159000,415.4015084512973,9
2024-09-19 09:53:01.221000,415.46118625021126,1005
2024-09-19 09:53:01.238000,415.4165402669884,995
2024-09-19 09:53:01.251000,415.41814673419367,104
2024-09-19 09:53:01.329000,415.4490877481064,1005
2024-09-19 09:53:01.456000,415.4319450057414,9
2024-09-19 09:53:01.483000,415.4230280920496,104
2024-09-19 09:53:01.484000,415.4388179471139,997
2024-09-19 09:53:01.516000,415.4142775210328,102
2024-09-19 09:53:01.553000,415.42590347633984,998
2024-09-19 09:53:01.578000,415.45252538280494,102
2024-09-19 09:53:01.586000,415.4490799444781,103
2024-09-19 09:53:01.650000,415.4176538206936,11
2024-09-19 09:53:01.664000,415.3766644625844,995
2024-09-19 09:53:01.684000,415.44777818093246,103
2024-09-19 09:53:01.690000,415.44362625185175,97
2024-09-19 09:53:01.844000,415.4546911464701,97
2024-09-19 09:53:01.858000,415.4016402683225,98
2024-09-19 09:53:01.910000,415.4516259869482,7
2024-09-19 09:53:02.292000,415.36924788237,10
2024-09-19 09:53:03.008000,415.32129870191,5
2024-09-19 09:53:03.010000,415.37881848235565,6
2024-09-19 09:53:03.011000,415.3302708357836,1003
2024-09-19 09:53:03.202000,415.326494910943,996
2024-09-19 09:53:03.268000,415.3122729506921,10
2024-09-19 09:53:03.350000,415.3255084300597,1004
2024-09-19 09:53:03.379000,415.3366710712903,5
2024-09-19 09:53:03.384000,415.3382450754915,14
2024-09-19 09:53:03.403000,415.33658920244346,102
2024-09-19 09:53:03.434000,415.3302374902241,99
2024-09-19 09:53:03.446000,415.3408215336681,1002
2024-09-19 09:53:03.598000,415.3060289233975,1005
2024-09-19 09:53:03.664000,415.3627372467519,11
2024-09-19 09:53:03.698000,415.3546006119288,7
2024-09-19 09:53:03.748000,415.3065773300145,15
2024-09-19 09:53:03.768000,415.30403176056177,7
2024-09-19 09:53:03.819000,415.34590406042673,99
2024-09-19 09:53:03.968000,415.3573457375105,103
2024-09-19 09:53:03.987000,415.3105633099931,997
2024-09-19 09:53:03.988000,415.3411125939352,1002
2024-09-19 09:53:04.106000,415.3674507149993,103
2024-09-19 09:53:04.214000,415.3655926072709,1004
2024-09-19 09:53:04.616000,415.36113116461246,95
2024-09-19 09:53:04.836000,415.3528280902388,997
2024-09-19 09:53:04.950000,415.3655545709052,99
2024-09-19 09:53:04.952000,415.3495743060847,103
2024-09-19 09:53:05.012000,415.3678364129544,97
2024-09-19 09:53:05.013000,415.3532597021768,995
2024-09-19 09:53:05.032000,415.36639511815656,1005
2024-09-19 09:53:05.049000,415.3777561577879,1002
2024-09-19 09:53:05.054000,415.371400410216,99
2024-09-19 09:53:05.136000,415.4177680699822,9
2024-09-19 09:53:05.155000,415.3833569440981,10
2024-09-19 09:53:05.157000,415.3856923268004,9
2024-09-19 09:53:05.244000,415.41759245913374,102
2024-09-19 09:53:05.250000,415.3861539744558,98
2024-09-19 09:53:05.272000,415.37403995078427,13
2024-09-19 09:53:05.286000,415.36648002205294,15
2024-09-19 09:53:05.382000,415.3891064295639,999
2024-09-19 09:53:05.392000,415.3782399351761,101
2024-09-19 09:53:05.409000,415.3974365442589,1002
2024-09-19 09:53:05.436000,415.37475906381,996
2024-09-19 09:53:05.558000,415.41285809301536,1003
2024-09-19 09:53:05.641000,415.4131963816711,8
2024-09-19 09:53:05.654000,415.3927518578434,96
2024-09-19 09:53:05.706000,415.4154578610203,9
2024-09-19 09:53:05.726000,415.3624041166258,103
2024-09-19 09:53:05.779000,415.39078316322696,1001
2024-09-19 09:53:05.808000,415.4016234614972,9
2024-09-19 09:53:05.861000,415.3693328862462,1002
2024-09-19 09:53:05.880000,415.3565841071739,9
2024-09-19 09:53:05.911000,415.35553156624906,15
2024-09-19 09:53:06.008000,415.35405066187815,9
2024-09-19 09:53:06.046000,415.3662571839113,99
2024-09-19 09:53:06.074000,415.35692267110346,10
2024-09-19 09:53:06.086000,415.3534946880101,1000
2024-09-19 09:53:06.098000,415.4129136188242,98
2024-09-19 09:53:06.380000,415.3603259789484,996
2024-09-19 09:53:06.430000,415.3617780347042,100
2024-09-19 09:53:06.584000,415.3788699730136,1004
2024-09-19 09:53:06.661000,415.3505121079554,1005
2024-09-19 09:53:06.681000,415.3651206663123,998
2024-09-19 09:53:07.231000,415.4103531740767,997
2024-09-19 09:53:08.071000,415.4051923391735,998
2024-09-19 09:53:08.126000,415.4122763007379,1004
2024-09-19 09:53:08.144000,415.41333726447095,15
2024-09-19 09:53:08.242000,415.43250385102937,1004
2024-09-19 09:53:08.265000,415.44870975773415,95
2024-09-19 09:53:08.267000,415.3950682147813,98
2024-09-19 09:53:08.511000,415.4153077976704,7
2024-09-19 09:53:08.717000,415.4396142472245,997
2024-09-19 09:53:08.731000,415.4014219274332,8
2024-09-19 09:53:08.885000,415.40794689268336,1005
2024-09-19 09:53:09.051000,415.439793119559,1003
2024-09-19 09:53:09.118000,415.4202123012352,14
2024-09-19 09:53:09.139000,415.4335556438423,102
2024-09-19 09:53:09.142000,415.4318661037681,8
2024-09-19 09:53:09.234000,415.4203318062125,5
2024-09-19 09:53:09.356000,415.43337452636894,12
2024-09-19 09:53:09.376000,415.4228634288367,996
2024-09-19 09:53:09.443000,415.4228842562987,98
2024-09-19 09:53:09.500000,415.4376546314608,999
2024-09-19 09:53:09.525000,415.4351500559005,1000
2024-09-19 09:53:09.546000,415.423327095515,9
2024-09-19 09:53:09.607000,415.4494699073516,101
2024-09-19 09:53:09.656000,415.41793488300186,1002
2024-09-19 09:53:09.680000,415.4102431173176,104
2024-09-19 09:53:09.822000,415.4202896881736,11
2024-09-19 09:53:10.002000,415.4377203156584,1003
2024-09-19 09:53:10.060000,415.4094986691472,1005
2024-09-19 09:53:10.075000,415.4556981706992,104
2024-09-19 09:53:10.129000,415.4363829604041,6
2024-09-19 09:53:10.195000,415.4216830843881,104
2024-09-19 09:53:10.218000,415.44507000598935,1005
2024-09-19 09:53:10.236000,415.41967369770254,1004
2024-09-19 09:53:10.299000,415.4367890188136,10
2024-09-19 09:53:10.413000,415.4340131095759,997
2024-09-19 09:53:10.420000,415.4395956510089,12
2024-09-19 09:53:10.439000,415.4391277800304,100
2024-09-19 09:53:10.465000,415.4182864074177,105
2024-09-19 09:53:10.469000,415.4558733167897,997
2024-09-19 09:53:10.471000,415.4402832800625,999
2024-09-19 09:53:10.533000,415.4219360950268,98
2024-09-19 09:53:10.561000,415.410679006129,999
2024-09-19 09:53:10.595000,415.437906497512,996
2024-09-19 09:53:10.671000,415.4393135372125,101
2024-09-19 09:53:10.717000,415.431015601009,996
2024-09-19 09:53:10.717000,415.42163433039394,12
2024-09-19 09:53:10.731000,415.4551166519235,10
2024-09-19 09:53:10.764000,415.4418686838138,104
2024-09-19 09:53:10.803000,415.4439814272538,14
2024-09-19 09:53:10.860000,415.4409316359423,13
2024-09-19 09:53:10.936000,415.4106415888944,1002
2024-09-19 09:53:10.949000,415.447865096566,11
2024-09-19 09:53:11,415.4481131211282,105
2024-09-19 09:53:11.389000,415.4571406092023,96
2024-09-19 09:53:11.525000,415.43723254809294,97
2024-09-19 09:53:11.532000,415.4598877781354,95
2024-09-19 09:53:12.044000,415.4667522820443,13
2024-09-19 09:53:12.052000,415.4679298017565,8
2024-09-19 09:53:12.124000,415.466606443615,13
2024-09-19 09:53:12.230000,415.4404628147024,8
2024-09-19 09:53:12.309000,415.4709313090976,102
2024-09-19 09:53:12.371000,415.4592351957055,102
2024-09-19 09:53:12.396000,415.4796408202592,8
2024-09-19 09:53:12.404000,415.43759051381113,95
2024-09-19 09:53:12.451000,415.4315781314404,15
2024-09-19 09:53:12.455000,415.4275678814162,1001
2024-09-19 09:53:12.485000,415.47876645299135,97
2024-09-19 09:53:12.485000,415.46418687704863,997
2024-09-19 09:53:12.542000,415.4536503888907,10
2024-09-19 09:53:12.564000,415.4598666993946,98
2024-09-19 09:53:12.586000,415.4380834415238,100
2024-09-19 09:53:12.765000,415.4357010454097,1003
2024-09-19 09:53:12.774000,415.456103799814,1002
2024-09-19 09:53:12.790000,415.4636242172158,104
2024-09-19 09:53:12.883000,415.4873269040017,1003
2024-09-19 09:53:12.949000,415.46724129075534,1005
2024-09-19 09:53:12.951000,415.4774180912568,15
2024-09-19 09:53:12.957000,415.4420021340495,103
2024-09-19 09:53:12.957000,415.4605680417859,100
2024-09-19 09:53:12.964000,415.43473269926994,99
2024-09-19 09:53:12.977000,415.4225062496748,999
2024-09-19 09:53:13.020000,415.4426417006321,1005
2024-09-19 09:53:13.068000,415.435350337966,95
2024-09-19 09:53:13.147000,415.4173122046995,14
2024-09-19 09:53:13.151000,415.5060053486845,999
2024-09-19 09:53:13.176000,415.4322574668876,1000
2024-09-19 09:53:13.242000,415.3990980246401,1002
2024-09-19 09:53:13.257000,415.5006494821649,14
2024-09-19 09:53:13.265000,415.4939318687801,1000
2024-09-19 09:53:13.289000,415.41651735885216,104
2024-09-19 09:53:13.308000,415.45078135687095,10
2024-09-19 09:53:13.338000,415.4519270219062,102
2024-09-19 09:53:13.358000,415.434646472877,13
2024-09-19 09:53:13.371000,415.4475929062057,6
2024-09-19 09:53:13.404000,415.4387435062687,96
2024-09-19 09:53:13.548000,415.50422441506777,9
2024-09-19 09:53:13.606000,415.40373717486136,100
2024-09-19 09:53:13.648000,415.4597480189617,998
2024-09-19 09:53:13.706000,415.41185466387833,14
2024-09-19 09:53:13.721000,415.40250445478927,100
2024-09-19 09:53:13.737000,415.4149361352945,999
2024-09-19 09:53:13.763000,415.3996938308376,104
2024-09-19 09:53:13.782000,415.4180186281368,14
2024-09-19 09:53:13.785000,415.4204252630741,12
2024-09-19 09:53:13.849000,415.42417752292897,105
2024-09-19 09:53:13.869000,415.4593351961632,12
2024-09-19 09:53:13.941000,415.4327726624072,1000
2024-09-19 09:53:14.080000,415.4222350672034,8
2024-09-19 09:53:14.122000,415.43811560570106,5
2024-09-19 09:53:14.132000,415.41880904832334,1002
2024-09-19 09:53:14.209000,415.402849263149,8
2024-09-19 09:53:14.219000,415.4264827232668,996
2024-09-19 09:53:14.244000,415.4020209609195,999
2024-09-19 09:53:14.278000,415.4150375243438,1003
2024-09-19 09:53:14.313000,415.3956816400992,9
2024-09-19 09:53:14.371000,415.3907336644545,13
2024-09-19 09:53:14.431000,415.4231834281877,1005
2024-09-19 09:53:14.450000,415.3955500518524,1003
2024-09-19 09:53:14.453000,415.3955179564524,1005
2024-09-19 09:53:14.529000,415.4052690125823,101
2024-09-19 09:53:14.541000,415.4103686329415,1004
2024-09-19 09:53:14.548000,415.3417981810493,102
2024-09-19 09:53:14.549000,415.37484266776,11
2024-09-19 09:53:14.637000,415.4331467075744,1000
2024-09-19 09:53:14.687000,415.388541066944,97
2024-09-19 09:53:14.766000,415.4074588840024,1001
2024-09-19 09:53:14.793000,415.4116883086704,105
2024-09-19 09:53:14.800000,415.4031122024164,998
2024-09-19 09:53:14.800000,415.3733402912784,99
2024-09-19 09:53:14.818000,415.4129130908544,105
2024-09-19 09:53:14.826000,415.3827659455399,1002
2024-09-19 09:53:14.840000,415.4076959959884,7
2024-09-19 09:53:15.089000,415.3749996238027,997
2024-09-19 09:53:15.110000,415.36161027804695,1001
2024-09-19 09:53:15.117000,415.3409793441638,11
2024-09-19 09:53:15.155000,415.3274755239286,999
2024-09-19 09:53:15.194000,415.3514261184428,15
2024-09-19 09:53:15.310000,415.3251391110418,99
2024-09-19 09:53:15.314000,415.3639249890323,97
2024-09-19 09:53:15.422000,415.3312140161858,11
2024-09-19 09:53:15.553000,415.3531184866253,998
2024-09-19 09:53:15.621000,415.391005332022,1004
2024-09-19 09:53:15.697000,415.3323901213878,100
2024-09-19 09:53:15.702000,415.3194287191873,105
2024-09-19 09:53:15.775000,415.3721989219672,995
2024-09-19 09:53:15.779000,415.3905958491756,99
2024-09-19 09:53:15.864000,415.3849713956287,100
2024-09-19 09:53:15.886000,415.3481738151709,1004
2024-09-19 09:53:16.472000,415.3924944721333,10
2024-09-19 09:53:16.709000,415.3829401029278,7
2024-09-19 09:53:17.050000,415.36003475374497,11
2024-09-19 09:53:17.060000,415.30747472816097,998
2024-09-19 09:53:17.130000,415.36834292337375,1005
2024-09-19 09:53:17.180000,415.3117926136285,1005
2024-09-19 09:53:17.343000,415.3830202760606,98
2024-09-19 09:53:17.404000,415.3615308761465,100
2024-09-19 09:53:17.440000,415.3596585110101,10
2024-09-19 09:53:17.444000,415.3486551993876,104
2024-09-19 09:53:17.558000,415.3680253090786,14
2024-09-19 09:53:17.678000,415.3231871398964,8
2024-09-19 09:53:17.694000,415.3311292283191,999
2024-09-19 09:53:17.778000,415.3443920076352,102
2024-09-19 09:53:17.836000,415.3501335333918,96
2024-09-19 09:53:18.149000,415.2575564019962,10
2024-09-19 09:53:18.175000,415.2657001668306,98
2024-09-19 09:53:18.326000,415.2728988794192,999
2024-09-19 09:53:18.415000,415.2837510320711,97
2024-09-19 09:53:18.453000,415.2621068400729,14
2024-09-19 09:53:18.480000,415.28359052434143,99
2024-09-19 09:53:18.519000,415.2370947749444,13
2024-09-19 09:53:18.528000,415.2334329576727,999
2024-09-19 09:53:18.550000,415.2960797631708,995
2024-09-19 09:53:18.633000,415.2467447918169,9
2024-09-19 09:53:18.726000,415.2536654265471,1002
2024-09-19 09:53:18.794000,415.2377527298507,998
2024-09-19 09:53:18.850000,415.2547958507873,104
2024-09-19 09:53:18.963000,415.242588763539,7
2024-09-19 09:53:19.052000,415.17579207320864,13
2024-09-19 09:53:19.064000,415.2501192814878,15
2024-09-19 09:53:19.113000,415.2070683961475,14
2024-09-19 09:53:19.225000,415.15568167903496,101
2024-09-19 09:53:19.344000,415.1876667310516,97
2024-09-19 09:53:19.385000,415.1576112281477,995
2024-09-19 09:53:19.408000,415.1914571880338,6
2024-09-19 09:53:19.421000,415.23057909464666,95
2024-09-19 09:53:19.445000,415.1314473249696,996
2024-09-19 09:53:19.494000,415.18465016423175,10
2024-09-19 09:53:19.747000,415.1847047677848,96
2024-09-19 09:53:19.820000,415.1822577687461,103
2024-09-19 09:53:19.837000,415.1659983079626,5
2024-09-19 09:53:19.858000,415.2200146211845,5
2024-09-19 09:53:19.867000,415.2090793495072,10
2024-09-19 09:53:20.049000,415.22549319727807,10
2024-09-19 09:53:20.068000,415.2291139846134,97
2024-09-19 09:53:20.070000,415.1555384473928,9
2024-09-19 09:53:20.074000,415.2232337505931,999
2024-09-19 09:53:20.132000,415.1643026839003,101
2024-09-19 09:53:20.165000,415.19632322521903,95
2024-09-19 09:53:20.196000,415.22402963090815,10
2024-09-19 09:53:20.209000,415.1963808245329,104
2024-09-19 09:53:20.242000,415.1710503432347,999
2024-09-19 09:53:20.305000,415.1653487736278,103
2024-09-19 09:53:20.327000,415.21914623944633,104
2024-09-19 09:53:20.362000,415.1495286467824,997
2024-09-19 09:53:20.415000,415.1701278960812,1003
2024-09-19 09:53:20.425000,415.2507723912347,14
2024-09-19 09:53:20.501000,415.1796860763056,105
2024-09-19 09:53:20.554000,415.2029235629352,1002
2024-09-19 09:53:20.596000,415.1808626100763,100
2024-09-19 09:53:20.601000,415.18779883948713,9
2024-09-19 09:53:20.612000,415.1667156179661,15
2024-09-19 09:53:20.631000,415.1525342656585,12
2024-09-19 09:53:20.746000,415.1494346623646,1003
2024-09-19 09:53:20.871000,415.18690610351575,98
2024-09-19 09:53:20.872000,415.17174799828086,97
2024-09-19 09:53:20.890000,415.223273301673,96
2024-09-19 09:53:20.922000,415.1499508827646,6
2024-09-19 09:53:20.934000,415.1584541935683,1002
2024-09-19 09:53:20.984000,415.1611317731001,1003
2024-09-19 09:53:21.132000,415.2182857039173,1002
2024-09-19 09:53:21.147000,415.17105003743006,100
2024-09-19 09:53:21.163000,415.2210160406442,100
2024-09-19 09:53:21.201000,415.1947019329484,11
2024-09-19 09:53:21.202000,415.2240180217096,995
2024-09-19 09:53:21.335000,415.19929205292,13
2024-09-19 09:53:21.398000,415.22599298276657,1004
2024-09-19 09:53:21.406000,415.221175259265,96
2024-09-19 09:53:21.530000,415.2309151878933,7
2024-09-19 09:53:21.558000,415.2115015055512,999
2024-09-19 09:53:21.564000,415.2072111936227,997
2024-09-19 09:53:21.651000,415.19503000216906,97
2024-09-19 09:53:21.666000,415.1971222381627,6
2024-09-19 09:53:21.762000,415.219266515976,1003
2024-09-19 09:53:21.833000,415.2173039152378,1001
2024-09-19 09:53:21.910000,415.2058007104184,5
2024-09-19 09:53:21.910000,415.186478477005,1001
2024-09-19 09:53:21.937000,415.2009637021124,999
2024-09-19 09:53:22.101000,415.1766628705519,13
2024-09-19 09:53:22.449000,415.1899878359832,100
2024-09-19 09:53:22.711000,415.181133308447,96
2024-09-19 09:53:23.106000,415.15166332663046,6
2024-09-19 09:53:23.127000,415.1434409501544,996
2024-09-19 09:53:23.146000,415.1942794826207,7
2024-09-19 09:53:23.164000,415.1785842574359,996
2024-09-19 09:53:23.203000,415.1312191358182,98
2024-09-19 09:53:23.204000,415.17768918135937,997
2024-09-19 09:53:23.352000,415.1433947924506,13
2024-09-19 09:53:23.393000,415.1473335406931,105
2024-09-19 09:53:23.440000,415.1470394240504,14
2024-09-19 09:53:23.476000,415.1452391946535,102
2024-09-19 09:53:23.493000,415.1354963024962,996
2024-09-19 09:53:23.499000,415.159865184666,105
2024-09-19 09:53:23.565000,415.1527011093429,15
2024-09-19 09:53:23.588000,415.16986359695954,101
2024-09-19 09:53:23.608000,415.1530021545369,1004
2024-09-19 09:53:23.614000,415.1454775824194,8
2024-09-19 09:53:23.710000,415.1390346309005,101
2024-09-19 09:53:23.749000,415.1606151551276,7
2024-09-19 09:53:23.798000,415.1299703067259,99
2024-09-19 09:53:23.831000,415.1579947784319,98
2024-09-19 09:53:23.869000,415.1405873548308,1000
2024-09-19 09:53:23.907000,415.15576345761457,996
2024-09-19 09:53:23.976000,415.17006507157583,8
2024-09-19 09:53:23.995000,415.1526712419479,11
2024-09-19 09:53:23.999000,415.1528111958911,6
2024-09-19 09:53:24.072000,415.23601329420006,10
2024-09-19 09:53:24.089000,415.21317781643313,1002
2024-09-19 09:53:24.144000,415.20981474888384,998
2024-09-19 09:53:24.158000,415.1749720707657,996
2024-09-19 09:53:24.158000,415.1458698906721,97
2024-09-19 09:53:24.175000,415.2289838493775,102
2024-09-19 09:53:24.203000,415.2295299299945,97
2024-09-19 09:53:24.210000,415.24308905311744,996
2024-09-19 09:53:24.224000,415.23373563574734,6
2024-09-19 09:53:24.233000,415.246133435044,99
2024-09-19 09:53:24.238000,415.1966077835325,995
2024-09-19 09:53:24.280000,415.2261927153184,997
2024-09-19 09:53:24.373000,415.24609055895286,996
2024-09-19 09:53:24.456000,415.1626782007281,12
2024-09-19 09:53:24.475000,415.241199350209,997
2024-09-19 09:53:24.504000,415.2348537726009,104
2024-09-19 09:53:24.509000,415.26409658132513,13
2024-09-19 09:53:24.559000,415.25219717944407,14
2024-09-19 09:53:24.600000,415.2574574814397,104
2024-09-19 09:53:24.664000,415.1461449144473,999
2024-09-19 09:53:24.757000,415.1886476527429,102
2024-09-19 09:53:24.895000,415.2544545172837,104
2024-09-19 09:53:24.901000,415.2167892538121,12
2024-09-19 09:53:24.902000,415.2174030348887,99
2024-09-19 09:53:24.929000,415.1859789957014,999
2024-09-19 09:53:24.935000,415.2650288234085,103
2024-09-19 09:53:25,415.2829142882184,7
2024-09-19 09:53:25.005000,415.2550040564629,999
2024-09-19 09:53:25.067000,415.2941954954595,997
2024-09-19 09:53:25.138000,415.289193910819,101
2024-09-19 09:53:25.227000,415.2900395934964,6
2024-09-19 09:53:25.238000,415.2817111765945,15
2024-09-19 09:53:25.248000,415.2797695956359,103
2024-09-19 09:53:25.377000,415.301737925217,1003
2024-09-19 09:53:25.418000,415.27766457731406,13
2024-09-19 09:53:25.636000,415.28293057286135,5
2024-09-19 09:53:25.641000,415.2888966790708,100
2024-09-19 09:53:25.755000,415.2522655751236,1005
2024-09-19 09:53:25.775000,415.2884709625475,96
2024-09-19 09:53:25.799000,415.2754034692486,97
2024-09-19 09:53:25.848000,415.3037429840276,14
2024-09-19 09:53:25.884000,415.298828613866,14
2024-09-19 09:53:25.931000,415.261359764664,8
2024-09-19 09:53:25.998000,415.295136766751,11
2024-09-19 09:53:26.006000,415.2999654656833,8
2024-09-19 09:53:26.040000,415.3121859131461,996
2024-09-19 09:53:26.059000,415.2763031499587,105
2024-09-19 09:53:26.061000,415.3218446628528,101
2024-09-19 09:53:26.078000,415.3351458857484,15
2024-09-19 09:53:26.159000,415.3092589526765,998
2024-09-19 09:53:26.206000,415.2520732225487,102
2024-09-19 09:53:26.233000,415.3153928016732,1003
2024-09-19 09:53:26.326000,415.3028475512365,99
2024-09-19 09:53:26.483000,415.3144085405247,5
2024-09-19 09:53:26.616000,415.3070479629919,1001
2024-09-19 09:53:26.680000,415.2988517251569,104
2024-09-19 09:53:26.717000,415.3125331816944,14
2024-09-19 09:53:26.805000,415.2730102783277,105
2024-09-19 09:53:26.813000,415.2950256495778,10
2024-09-19 09:53:26.885000,415.25625591593626,101
2024-09-19 09:53:26.896000,415.2867957397596,9
2024-09-19 09:53:26.947000,415.267581376197,1001
2024-09-19 09:53:26.961000,415.3101604075872,5
2024-09-19 09:53:27.158000,415.3636723811665,100
2024-09-19 09:53:27.255000,415.3809047751928,101
2024-09-19 09:53:27.318000,415.30288007365806,98
2024-09-19 09:53:27.363000,415.36329375383536,8
2024-09-19 09:53:27.398000,415.3521963411098,996
2024-09-19 09:53:27.417000,415.3583331821153,99
2024-09-19 09:53:27.421000,415.3737479493153,104
2024-09-19 09:53:27.459000,415.3643176359613,1003
2024-09-19 09:53:27.464000,415.34614863564974,1005
2024-09-19 09:53:27.543000,415.334096406564,6
2024-09-19 09:53:27.556000,415.35956854737503,999
2024-09-19 09:53:27.562000,415.3536076899443,101
2024-09-19 09:53:27.598000,415.3531223501712,997
2024-09-19 09:53:27.605000,415.3144130184359,102
2024-09-19 09:53:27.626000,415.3597245618776,13
2024-09-19 09:53:27.728000,415.3060636667635,1005
2024-09-19 09:53:27.751000,415.2993834348458,1003
2024-09-19 09:53:27.979000,415.3927843682607,998
2024-09-19 09:53:27.983000,415.3713279824681,998
2024-09-19 09:53:28.060000,415.4101010010735,995
2024-09-19 09:53:28.138000,415.42018275254736,7
2024-09-19 09:53:28.174000,415.3572618041797,98
2024-09-19 09:53:28.203000,415.3745147946837,1004
2024-09-19 09:53:28.255000,415.38672279156987,8
2024-09-19 09:53:28.265000,415.4060865551442,9
2024-09-19 09:53:28.277000,415.3668976623715,998
2024-09-19 09:53:28.342000,415.3925097251538,7
2024-09-19 09:53:28.353000,415.36681842572506,99
2024-09-19 09:53:28.354000,415.3880303163594,13
2024-09-19 09:53:28.394000,415.37713357504686,7
2024-09-19 09:53:28.409000,415.3487823749308,7
2024-09-19 09:53:28.468000,415.38522431024273,14
2024-09-19 09:53:28.524000,415.408446896035,99
2024-09-19 09:53:28.535000,415.3833529664683,15
2024-09-19 09:53:28.653000,415.3968213208935,100
2024-09-19 09:53:28.705000,415.40520021910896,997
2024-09-19 09:53:28.734000,415.3883293908605,996
2024-09-19 09:53:28.833000,415.4056939492944,104
2024-09-19 09:53:28.918000,415.4010564083285,5
2024-09-19 09:53:28.928000,415.39746246315735,999
2024-09-19 09:53:29.006000,415.382144024918,95
2024-09-19 09:53:29.007000,415.4225825093743,95
2024-09-19 09:53:29.025000,415.4095307218949,1003
2024-09-19 09:53:29.038000,415.3716414217676,105
2024-09-19 09:53:29.193000,415.3597223640364,7
2024-09-19 09:53:29.199000,415.401619654686,101
2024-09-19 09:53:29.384000,415.4086312195815,95
2024-09-19 09:53:29.424000,415.4083725625282,98
2024-09-19 09:53:29.427000,415.36768157263816,99
2024-09-19 09:53:29.444000,415.3862529878304,1003
2024-09-19 09:53:29.516000,415.3967608711427,998
2024-09-19 09:53:29.518000,415.37200552665104,998
2024-09-19 09:53:29.523000,415.3827103273702,1004
2024-09-19 09:53:29.592000,415.4225349828351,7
2024-09-19 09:53:29.664000,415.3478416940338,8
2024-09-19 09:53:29.681000,415.3872874394549,999
2024-09-19 09:53:29.687000,415.3639314151851,104
2024-09-19 09:53:29.741000,415.3853016667522,6
2024-09-19 09:53:29.757000,415.3506224696655,1003
2024-09-19 09:53:29.763000,415.3606137532087,15
2024-09-19 09:53:29.795000,415.3817173798206,1004
2024-09-19 09:53:29.867000,415.4147840642517,1003
2024-09-19 09:53:29.944000,415.43111585383815,1005
2024-09-19 09:53:30.003000,415.3627223001892,7
2024-09-19 09:53:30.149000,415.38753748365167,995
2024-09-19 09:53:30.151000,415.414659625011,14
2024-09-19 09:53:30.315000,415.40410495992,97
2024-09-19 09:53:30.478000,415.38708502353967,995
2024-09-19 09:53:30.642000,415.36434237019273,996
2024-09-19 09:53:30.665000,415.3843544121704,12
2024-09-19 09:53:30.870000,415.3938969006149,15
2024-09-19 09:53:31.178000,415.3740206013604,8
2024-09-19 09:53:31.323000,415.3933304570764,104
2024-09-19 09:53:31.379000,415.363904114,995
2024-09-19 09:53:31.409000,415.38655144876407,102
2024-09-19 09:53:31.463000,415.3719885722764,100
2024-09-19 09:53:31.491000,415.3843269201042,100
2024-09-19 09:53:31.541000,415.3989754890272,99
2024-09-19 09:53:31.710000,415.3737118213297,1001
2024-09-19 09:53:31.928000,415.38796507742256,10
2024-09-19 09:53:32.316000,415.34007054492025,996
2024-09-19 09:53:32.608000,415.33338417410727,996
2024-09-19 09:53:32.981000,415.36796268746497,101
2024-09-19 09:53:32.988000,415.37273185738417,104
2024-09-19 09:53:33.007000,415.35439426299286,12
2024-09-19 09:53:33.205000,415.332256682902,95
2024-09-19 09:53:33.225000,415.343783861288,96
2024-09-19 09:53:33.238000,415.36581619687934,1005
2024-09-19 09:53:33.368000,415.3361079909314,1002
2024-09-19 09:53:33.405000,415.34324518076505,97
2024-09-19 09:53:33.562000,415.34768866778194,999
2024-09-19 09:53:33.809000,415.3558370884643,14
2024-09-19 09:53:33.890000,415.3526640297388,6
2024-09-19 09:53:33.906000,415.36320206885415,15
2024-09-19 09:53:34.021000,415.37913911190526,97
2024-09-19 09:53:34.177000,415.335812807774,7
2024-09-19 09:53:34.191000,415.3395668404492,98
2024-09-19 09:53:34.371000,415.3677834754481,7
2024-09-19 09:53:34.410000,415.3622358664232,1003
2024-09-19 09:53:34.624000,415.3459900178336,5
2024-09-19 09:53:34.661000,415.33161282936754,100
2024-09-19 09:53:34.710000,415.3710687862196,14
2024-09-19 09:53:34.712000,415.37038412134245,105
2024-09-19 09:53:34.713000,415.3600646965384,7
2024-09-19 09:53:34.759000,415.3557183185784,999
2024-09-19 09:53:34.780000,415.363968850518,997
2024-09-19 09:53:35.139000,415.3817453976629,1003
2024-09-19 09:53:35.144000,415.3679588643656,15
2024-09-19 09:53:35.224000,415.3800850290371,99
2024-09-19 09:53:35.262000,415.3826979172698,12
2024-09-19 09:53:35.324000,415.4114699201099,7
2024-09-19 09:53:35.329000,415.4137850167023,95
2024-09-19 09:53:35.446000,415.4050517510804,5
2024-09-19 09:53:35.486000,415.3809685182197,98
2024-09-19 09:53:35.565000,415.3383013715139,1002
2024-09-19 09:53:35.577000,415.408613314306,96
2024-09-19 09:53:35.590000,415.3577080230299,103
2024-09-19 09:53:35.684000,415.3890486374033,10
2024-09-19 09:53:35.759000,415.4073559917211,1001
2024-09-19 09:53:35.783000,415.3547990698841,7
2024-09-19 09:53:35.795000,415.3997300284608,12
2024-09-19 09:53:35.802000,415.3516833389499,13
2024-09-19 09:53:35.813000,415.42575125277097,13
2024-09-19 09:53:35.814000,415.38055302752815,13
2024-09-19 09:53:35.853000,415.38857708189465,15
2024-09-19 09:53:35.941000,415.3916790872111,6
2024-09-19 09:53:36.618000,415.431029957557,9
2024-09-19 09:53:37.050000,415.4173027473532,1005
2024-09-19 09:53:37.050000,415.4111519210768,97
2024-09-19 09:53:37.097000,415.41338879600073,98
2024-09-19 09:53:37.098000,415.4240790421185,12
2024-09-19 09:53:37.283000,415.3863914846641,98
2024-09-19 09:53:37.330000,415.43850066784967,6
2024-09-19 09:53:37.412000,415.4135368959219,12
2024-09-19 09:53:37.425000,415.41959844192303,1002
2024-09-19 09:53:37.534000,415.4084690587681,102
2024-09-19 09:53:37.554000,415.3976352068221,100
2024-09-19 09:53:37.587000,415.387299339936,998
2024-09-19 09:53:37.587000,415.397050341553,8
2024-09-19 09:53:37.641000,415.42450061492,96
2024-09-19 09:53:37.679000,415.39694099127934,7
2024-09-19 09:53:37.715000,415.4085293761334,5
2024-09-19 09:53:37.769000,415.4095097774267,105
2024-09-19 09:53:37.845000,415.4215409108363,997
2024-09-19 09:53:37.913000,415.4109895457988,1000
2024-09-19 09:53:37.927000,415.4019801426989,12
2024-09-19 09:53:38.183000,415.43761347201314,7
2024-09-19 09:53:39.004000,415.41315340748366,1001
2024-09-19 09:53:39.119000,415.4397810847533,12
2024-09-19 09:53:39.143000,415.418068966697,1000
2024-09-19 09:53:39.317000,415.4292695351688,103
2024-09-19 09:53:39.509000,415.4282561632684,14
2024-09-19 09:53:39.608000,415.4336714792471,5
2024-09-19 09:53:39.649000,415.4374344387007,6
2024-09-19 09:53:39.696000,415.4438723819867,97
2024-09-19 09:53:39.700000,415.42216168976455,1005
2024-09-19 09:53:40.010000,415.4339386731373,15
2024-09-19 09:53:40.155000,415.4292400344338,1001
2024-09-19 09:53:40.231000,415.4404440155005,7
2024-09-19 09:53:40.374000,415.44847566148326,13
2024-09-19 09:53:40.380000,415.4599396416572,11
2024-09-19 09:53:40.529000,415.4709795019674,11
2024-09-19 09:53:40.641000,415.425840988536,1002
2024-09-19 09:53:40.703000,415.45177296503056,95
2024-09-19 09:53:40.732000,415.4295605598397,6
2024-09-19 09:53:40.833000,415.4489818217559,13
2024-09-19 09:53:40.908000,415.46088187326507,102
2024-09-19 09:53:40.997000,415.4133547618357,104
2024-09-19 09:53:41.115000,415.4409289372987,996
2024-09-19 09:53:41.116000,415.4383170789879,1000
2024-09-19 09:53:41.813000,415.4536458087424,98
2024-09-19 09:53:42.014000,415.4379682228713,95
2024-09-19 09:53:42.080000,415.4306562835927,104
2024-09-19 09:53:42.118000,415.4518061222401,102
2024-09-19 09:53:42.178000,415.4521799416727,1003
2024-09-19 09:53:42.193000,415.442261238395,6
2024-09-19 09:53:42.277000,415.450148389833,14
2024-09-19 09:53:42.412000,415.4206379457244,13
2024-09-19 09:53:42.575000,415.4434995498815,996
2024-09-19 09:53:42.601000,415.4393540695127,103
2024-09-19 09:53:43.066000,415.43191230728473,1003
2024-09-19 09:53:43.135000,415.5071347702682,1002
2024-09-19 09:53:43.138000,415.5324958336038,12
2024-09-19 09:53:43.155000,415.4629435137596,97
2024-09-19 09:53:43.196000,415.4027001646104,95
2024-09-19 09:53:43.221000,415.42113067772135,12
2024-09-19 09:53:43.337000,415.4181684201175,104
2024-09-19 09:53:43.347000,415.38673245372,95
2024-09-19 09:53:43.467000,415.4524618533422,8
2024-09-19 09:53:43.471000,415.4772646389866,7
2024-09-19 09:53:43.484000,415.3729729848158,8
2024-09-19 09:53:43.507000,415.3993904912815,101
2024-09-19 09:53:43.516000,415.419586204383,9
2024-09-19 09:53:43.570000,415.52763190483,1000
2024-09-19 09:53:43.592000,415.47991150110255,9
2024-09-19 09:53:43.610000,415.3652715406405,97
2024-09-19 09:53:43.617000,415.3801604308374,102
2024-09-19 09:53:43.635000,415.42625873692737,9
2024-09-19 09:53:43.706000,415.45884589075325,6
2024-09-19 09:53:43.775000,415.3614642731503,14
2024-09-19 09:53:43.845000,415.4766339136834,996
2024-09-19 09:53:43.862000,415.4874895660651,995
2024-09-19 09:53:43.863000,415.4709435922479,104
2024-09-19 09:53:43.890000,415.46722157632166,15
2024-09-19 09:53:43.898000,415.395241218522,105
2024-09-19 09:53:43.904000,415.3665061892922,15
2024-09-19 09:53:43.964000,415.47247163153367,13
2024-09-19 09:53:44.023000,415.51887347523297,99
2024-09-19 09:53:44.099000,415.5198644508042,1004
2024-09-19 09:53:44.107000,415.57150529482993,14
2024-09-19 09:53:44.234000,415.53356881106856,997
2024-09-19 09:53:44.267000,415.56430093486046,14
2024-09-19 09:53:44.360000,415.5565875658607,5
2024-09-19 09:53:44.412000,415.5694737020841,6
2024-09-19 09:53:44.506000,415.5395985092463,98
2024-09-19 09:53:44.661000,415.58462379989743,1000
2024-09-19 09:53:44.759000,415.5201322356944,11
2024-09-19 09:53:44.792000,415.5309624224424,1000
2024-09-19 09:53:44.799000,415.5224768604716,999
2024-09-19 09:53:44.834000,415.5629265719888,7
2024-09-19 09:53:44.884000,415.55409680374856,102
2024-09-19 09:53:45.020000,415.4947899075577,95
2024-09-19 09:53:45.109000,415.5552335433879,15
2024-09-19 09:53:45.114000,415.5154397593246,105
2024-09-19 09:53:45.163000,415.5410910284032,15
2024-09-19 09:53:45.175000,415.52959546864105,1000
2024-09-19 09:53:45.212000,415.5284901961933,11
2024-09-19 09:53:45.291000,415.52308611549046,1005
2024-09-19 09:53:45.309000,415.502316237124,99
2024-09-19 09:53:45.348000,415.5297046513596,998
2024-09-19 09:53:45.365000,415.4815334781141,7
2024-09-19 09:53:45.370000,415.5302969517124,996
2024-09-19 09:53:45.404000,415.5450204096727,1002
2024-09-19 09:53:45.408000,415.5088223170741,98
2024-09-19 09:53:45.410000,415.5257433501205,8
2024-09-19 09:53:45.413000,415.5032313103384,995
2024-09-19 09:53:45.484000,415.4843572583144,100
2024-09-19 09:53:45.542000,415.5293851745182,15
2024-09-19 09:53:45.593000,415.5380244217809,8
2024-09-19 09:53:45.631000,415.5430939363265,98
2024-09-19 09:53:45.745000,415.5279540608718,6
2024-09-19 09:53:45.749000,415.5340715447092,97
2024-09-19 09:53:45.859000,415.479679930237,997
2024-09-19 09:53:45.885000,415.5202569040575,6
2024-09-19 09:53:45.891000,415.4909807735119,96
2024-09-19 09:53:45.899000,415.4992621332276,996
2024-09-19 09:53:45.960000,415.53658126586777,100
2024-09-19 09:53:45.980000,415.5152008888323,11
2024-09-19 09:53:46.021000,415.5303976842277,10
2024-09-19 09:53:46.036000,415.5082760158356,997
2024-09-19 09:53:46.050000,415.5020475212333,97
2024-09-19 09:53:46.068000,415.504516855287,15
2024-09-19 09:53:46.148000,415.5642429987477,99
2024-09-19 09:53:46.206000,415.50801376568654,14
2024-09-19 09:53:46.255000,415.4987222492041,12
2024-09-19 09:53:46.343000,415.5411338088997,1003
2024-09-19 09:53:46.368000,415.51184858841606,104
2024-09-19 09:53:46.425000,415.4958806958492,97
2024-09-19 09:53:46.491000,415.513520168273,105
2024-09-19 09:53:46.501000,415.515077794598,12
2024-09-19 09:53:46.518000,415.5429316439426,995
2024-09-19 09:53:46.549000,415.5057872210879,7
2024-09-19 09:53:46.598000,415.4851639715626,9
2024-09-19 09:53:46.637000,415.5111204134493,102
2024-09-19 09:53:46.685000,415.5370736160268,1004
2024-09-19 09:53:46.690000,415.50076945186186,995
2024-09-19 09:53:46.729000,415.5172670369397,1000
2024-09-19 09:53:46.762000,415.5145615248191,12
2024-09-19 09:53:46.858000,415.519395724426,995
2024-09-19 09:53:46.919000,415.489978385162,104
2024-09-19 09:53:46.920000,415.5271640192185,101
2024-09-19 09:53:46.928000,415.5354618583736,96
2024-09-19 09:53:47.187000,415.5631224214224,995
2024-09-19 09:53:47.210000,415.5533315260366,102
2024-09-19 09:53:47.773000,415.5459555183127,1003
2024-09-19 09:53:47.998000,415.55710694291577,101
2024-09-19 09:53:48.007000,415.5638791623306,6
2024-09-19 09:53:48.010000,415.5825249078191,5
2024-09-19 09:53:48.031000,415.5330672644829,105
2024-09-19 09:53:48.111000,415.5668862479138,97
2024-09-19 09:53:48.259000,415.5469700922623,103
2024-09-19 09:53:48.278000,415.5455909392017,1002
2024-09-19 09:53:48.281000,415.5368101492424,103
2024-09-19 09:53:48.295000,415.5324984360094,15
2024-09-19 09:53:48.369000,415.5533266886434,1004
2024-09-19 09:53:48.423000,415.55924036354895,98
2024-09-19 09:53:48.534000,415.5516201735535,8
2024-09-19 09:53:48.595000,415.52303634896975,1005
2024-09-19 09:53:48.653000,415.5317212796839,999
2024-09-19 09:53:48.661000,415.5606870186538,14
2024-09-19 09:53:48.684000,415.5716678313557,1003
2024-09-19 09:53:48.707000,415.5403032383392,103
2024-09-19 09:53:48.722000,415.5068361311319,11
2024-09-19 09:53:48.781000,415.5582444820957,6
2024-09-19 09:53:48.887000,415.50587980150885,104
2024-09-19 09:53:49.001000,415.5350039564722,995
2024-09-19 09:53:49.318000,415.5254266561492,1003
2024-09-19 09:53:49.426000,415.5407872050814,6
2024-09-19 09:53:49.662000,415.5366784877896,104
2024-09-19 09:53:50.109000,415.58181410289416,5
2024-09-19 09:53:50.177000,415.5937352160526,99
2024-09-19 09:53:50.200000,415.5541823982505,11
2024-09-19 09:53:50.477000,415.5833432504968,98
2024-09-19 09:53:50.612000,415.6165157518367,998
2024-09-19 09:53:50.816000,415.570971289192,15
2024-09-19 09:53:51.087000,415.6199568727082,6
2024-09-19 09:53:51.094000,415.6403442263849,101
2024-09-19 09:53:51.342000,415.618420155792,1002
2024-09-19 09:53:51.620000,415.6263093214978,105
2024-09-19 09:53:51.751000,415.6192663169507,100
2024-09-19 09:53:51.779000,415.62909963713406,996
2024-09-19 09:53:51.790000,415.6304676051903,101
2024-09-19 09:53:51.962000,415.6404495173669,13
2024-09-19 09:53:51.994000,415.6327706677764,95
2024-09-19 09:53:52.065000,415.6062468727734,103
2024-09-19 09:53:52.067000,415.6242359027592,996
2024-09-19 09:53:52.147000,415.6284306082688,997
2024-09-19 09:53:52.150000,415.5792843913203,995
2024-09-19 09:53:52.220000,415.6319000834065,100
2024-09-19 09:53:52.228000,415.65454907938863,1004
2024-09-19 09:53:52.232000,415.6239615322453,1001
2024-09-19 09:53:52.242000,415.6340974360609,995
2024-09-19 09:53:52.277000,415.60181281624256,98
2024-09-19 09:53:52.315000,415.6258345536475,15
2024-09-19 09:53:52.320000,415.6310493226865,99
2024-09-19 09:53:52.325000,415.6184030972107,11
2024-09-19 09:53:52.332000,415.6457653739828,1000
2024-09-19 09:53:52.357000,415.6109597774153,998
2024-09-19 09:53:52.392000,415.6124292380576,14
2024-09-19 09:53:52.449000,415.626772452636,9
2024-09-19 09:53:52.530000,415.62249578331006,105
2024-09-19 09:53:52.566000,415.65249216997705,10
2024-09-19 09:53:52.582000,415.614934036509,1002
2024-09-19 09:53:52.672000,415.65318323815626,999
2024-09-19 09:53:52.705000,415.6267071477704,103
2024-09-19 09:53:52.710000,415.6119274834001,11
2024-09-19 09:53:52.711000,415.58267919638,95
2024-09-19 09:53:52.731000,415.6141547861819,1002
2024-09-19 09:53:52.838000,415.6079920374236,104
2024-09-19 09:53:52.850000,415.5975050382406,98
2024-09-19 09:53:52.902000,415.6477650856657,7
2024-09-19 09:53:53.341000,415.6097045206349,8
2024-09-19 09:53:54.058000,415.61912770655886,10
2024-09-19 09:53:54.069000,415.6538299097466,1001
2024-09-19 09:53:54.087000,415.63194393383066,995
2024-09-19 09:53:54.097000,415.6222354878777,14
2024-09-19 09:53:54.109000,415.6216791634491,96
2024-09-19 09:53:54.117000,415.6007830876055,101
2024-09-19 09:53:54.155000,415.62359682206,11
2024-09-19 09:53:54.176000,415.6523536592185,14
2024-09-19 09:53:54.185000,415.6126579541732,12
2024-09-19 09:53:54.378000,415.6181618146456,1002
2024-09-19 09:53:54.418000,415.6477354379888,995
2024-09-19 09:53:54.429000,415.6257291542991,996
2024-09-19 09:53:54.434000,415.6442352789147,96
2024-09-19 09:53:54.461000,415.6427096734095,98
2024-09-19 09:53:54.497000,415.6574096330827,10
2024-09-19 09:53:54.530000,415.640859610434,995
2024-09-19 09:53:54.532000,415.6154774260253,11
2024-09-19 09:53:54.588000,415.6528870814568,97
2024-09-19 09:53:54.640000,415.6679344455317,9
2024-09-19 09:53:54.655000,415.5969114636683,97
2024-09-19 09:53:54.659000,415.5862650885924,14
2024-09-19 09:53:54.683000,415.59726740278006,995
2024-09-19 09:53:54.687000,415.6187602197335,105
2024-09-19 09:53:54.703000,415.6391700338776,1001
2024-09-19 09:53:54.709000,415.6359816648556,1003
2024-09-19 09:53:54.794000,415.605535070122,98
2024-09-19 09:53:54.822000,415.6345273513186,96
2024-09-19 09:53:54.902000,415.6466825851383,1003
2024-09-19 09:53:54.965000,415.64440406986176,14
2024-09-19 09:53:54.966000,415.6014619681797,101
2024-09-19 09:53:56.018000,415.6807006739705,13
2024-09-19 09:53:56.104000,415.6990617398157,103
2024-09-19 09:53:56.146000,415.6986512309126,1003
2024-09-19 09:53:56.299000,415.6973260945554,12
2024-09-19 09:53:56.382000,415.6919387278122,97
2024-09-19 09:53:56.537000,415.6753011376792,1001
2024-09-19 09:53:56.586000,415.6807454266199,100
2024-09-19 09:53:56.609000,415.6837717104891,999
2024-09-19 09:53:56.610000,415.689401962624,1002
2024-09-19 09:53:56.669000,415.6806861095376,996
2024-09-19 09:53:56.689000,415.6944682741546,95
2024-09-19 09:53:56.704000,415.69412479671234,8
2024-09-19 09:53:56.715000,415.68402964767415,8
2024-09-19 09:53:56.725000,415.6943256576354,1005
2024-09-19 09:53:56.808000,415.6582012079113,1004
2024-09-19 09:53:56.833000,415.6669804684935,1003
2024-09-19 09:53:56.864000,415.7030937791025,997
2024-09-19 09:53:56.925000,415.6668504196583,7
2024-09-19 09:53:57.140000,415.6690716391062,98
2024-09-19 09:53:57.177000,415.6843048484329,999
2024-09-19 09:53:57.247000,415.6657671738584,9
2024-09-19 09:53:57.250000,415.6707616592682,9
2024-09-19 09:53:57.267000,415.6807672633466,998
2024-09-19 09:53:57.285000,415.67472205653286,99
2024-09-19 09:53:57.348000,415.6607856679507,1005
2024-09-19 09:53:57.365000,415.66968626236473,14
2024-09-19 09:53:57.374000,415.6831613522442,102
2024-09-19 09:53:57.412000,415.6657225394444,1001
2024-09-19 09:53:57.530000,415.6802714851783,99
2024-09-19 09:53:57.601000,415.6879952813873,995
2024-09-19 09:53:57.674000,415.6968930257936,15
2024-09-19 09:53:57.676000,415.68801645220753,7
2024-09-19 09:53:57.727000,415.68221475154905,998
2024-09-19 09:53:57.756000,415.6616029200753,14
2024-09-19 09:53:57.776000,415.6658884132517,10
2024-09-19 09:53:57.777000,415.6825789940205,1004
2024-09-19 09:53:57.784000,415.6888270989768,1000
2024-09-19 09:53:57.846000,415.6702351334704,95
2024-09-19 09:53:57.861000,415.68929821511983,98
2024-09-19 09:53:59.290000,415.67450991294135,14
2024-09-19 09:53:59.422000,415.674798702888,104
2024-09-19 09:53:59.987000,415.6629559274208,996
