Timestamp,Price,Size
2024-09-20 14:41:00.007000,430.8709274904628,9
2024-09-20 14:41:00.025000,430.8937976752979,95
2024-09-20 14:41:00.112000,430.87481363956255,98
2024-09-20 14:41:00.114000,430.872272043369,98
2024-09-20 14:41:00.262000,430.9006543753996,11
2024-09-20 14:41:00.314000,430.9004852039066,996
2024-09-20 14:41:00.329000,430.87619555949794,9
2024-09-20 14:41:00.507000,430.8729899240108,103
2024-09-20 14:41:00.565000,430.8784714232145,101
2024-09-20 14:41:00.605000,430.8895904213228,9
2024-09-20 14:41:00.621000,430.8877482198526,5
2024-09-20 14:41:00.683000,430.8827840940871,996
2024-09-20 14:41:00.791000,430.8907061575139,99
2024-09-20 14:41:00.807000,430.9085991084427,1000
2024-09-20 14:41:00.841000,430.8794986832933,5
2024-09-20 14:41:00.980000,430.8740339742876,10
2024-09-20 14:41:01.079000,430.92796556242337,7
2024-09-20 14:41:01.106000,430.9015194416783,96
2024-09-20 14:41:01.139000,430.9374827163284,1001
2024-09-20 14:41:01.174000,430.91250985383215,101
2024-09-20 14:41:01.193000,430.9459676128804,996
2024-09-20 14:41:01.276000,430.9362431264738,101
2024-09-20 14:41:01.324000,430.91650949823895,5
2024-09-20 14:41:01.489000,430.91513215728605,1005
2024-09-20 14:41:01.510000,430.9476406843499,997
2024-09-20 14:41:01.619000,430.9374909985101,13
2024-09-20 14:41:01.652000,430.91989390801245,98
2024-09-20 14:41:01.791000,430.9090708456153,1000
2024-09-20 14:41:01.895000,430.9223981765902,997
2024-09-20 14:41:01.936000,430.9376182483724,99
2024-09-20 14:41:01.943000,430.938779965508,8
2024-09-20 14:41:01.972000,430.9143908988644,998
2024-09-20 14:41:02.049000,430.95296351063047,97
2024-09-20 14:41:02.118000,430.9437602652981,1000
2024-09-20 14:41:02.138000,430.9536499543876,97
2024-09-20 14:41:02.151000,430.94076018178674,101
2024-09-20 14:41:02.161000,430.9440175868225,7
2024-09-20 14:41:02.367000,430.9428694995757,998
2024-09-20 14:41:02.386000,430.9339979212962,95
2024-09-20 14:41:02.444000,430.9475568076617,105
2024-09-20 14:41:02.445000,430.94360457890673,8
2024-09-20 14:41:02.473000,430.9407576738752,102
2024-09-20 14:41:02.611000,430.9492443544469,995
2024-09-20 14:41:02.620000,430.9535218986568,995
2024-09-20 14:41:02.627000,430.9652087896097,9
2024-09-20 14:41:02.828000,430.9436700412726,1000
2024-09-20 14:41:02.863000,430.95615200237125,15
2024-09-20 14:41:02.886000,430.9701155681662,99
2024-09-20 14:41:02.913000,430.9442464817503,9
2024-09-20 14:41:02.930000,430.9511910364844,14
2024-09-20 14:41:02.939000,430.9292470118672,10
2024-09-20 14:41:02.947000,430.9632270337095,998
2024-09-20 14:41:03.131000,430.9442651731275,998
2024-09-20 14:41:03.212000,430.9413449389681,103
2024-09-20 14:41:03.380000,430.9399148401784,13
2024-09-20 14:41:03.411000,430.9616840876907,98
2024-09-20 14:41:04.026000,430.9116421584905,98
2024-09-20 14:41:04.267000,430.9031637365258,14
2024-09-20 14:41:04.301000,430.9271672793976,12
2024-09-20 14:41:04.434000,430.9445580730216,14
2024-09-20 14:41:04.489000,430.9352611748852,7
2024-09-20 14:41:04.539000,430.9186282625099,997
2024-09-20 14:41:04.713000,430.94427638075217,102
2024-09-20 14:41:04.729000,430.890468672177,1002
2024-09-20 14:41:04.995000,430.920923582357,7
2024-09-20 14:41:05.031000,430.82401005725166,102
2024-09-20 14:41:05.035000,430.86295233039846,1002
2024-09-20 14:41:05.076000,430.84439404277913,96
2024-09-20 14:41:05.088000,430.851439814226,1000
2024-09-20 14:41:05.141000,430.8775589720317,1000
2024-09-20 14:41:05.226000,430.84182975585856,997
2024-09-20 14:41:05.260000,430.85513256400174,999
2024-09-20 14:41:05.302000,430.8721123413837,102
2024-09-20 14:41:05.387000,430.8609962143082,96
2024-09-20 14:41:05.550000,430.84600106526005,104
2024-09-20 14:41:05.562000,430.8501009948274,100
2024-09-20 14:41:05.670000,430.858195550416,11
2024-09-20 14:41:05.685000,430.859740258881,97
2024-09-20 14:41:05.774000,430.8853552949871,98
2024-09-20 14:41:05.779000,430.8464545261099,1002
2024-09-20 14:41:05.788000,430.8505267939645,105
2024-09-20 14:41:05.840000,430.8661922890837,11
2024-09-20 14:41:05.868000,430.8771975589351,996
2024-09-20 14:41:05.952000,430.88065705969456,5
2024-09-20 14:41:06.038000,430.90390576377945,8
2024-09-20 14:41:06.060000,430.8772709403123,9
2024-09-20 14:41:06.095000,430.9069975349241,11
2024-09-20 14:41:06.213000,430.9084766313303,999
2024-09-20 14:41:06.250000,430.9075225164439,1004
2024-09-20 14:41:06.254000,430.884678724216,1002
2024-09-20 14:41:06.257000,430.8829326847418,97
2024-09-20 14:41:06.356000,430.9128910733497,11
2024-09-20 14:41:06.389000,430.86716683007256,15
2024-09-20 14:41:06.417000,430.88650234055655,1004
2024-09-20 14:41:06.503000,430.90492600096906,99
2024-09-20 14:41:06.559000,430.8845635900482,13
2024-09-20 14:41:06.561000,430.8988856730983,1003
2024-09-20 14:41:06.638000,430.8962700663639,9
2024-09-20 14:41:06.640000,430.8925318154588,1004
2024-09-20 14:41:06.728000,430.8953647611289,1001
2024-09-20 14:41:06.738000,430.8856023677,102
2024-09-20 14:41:06.762000,430.8956533284244,103
2024-09-20 14:41:06.778000,430.8866034424714,102
2024-09-20 14:41:06.812000,430.8511144327872,996
2024-09-20 14:41:06.871000,430.8631575612727,98
2024-09-20 14:41:06.874000,430.8667980930377,103
2024-09-20 14:41:06.919000,430.9104092705415,995
2024-09-20 14:41:06.984000,430.8952755133065,15
2024-09-20 14:41:07.134000,430.8852504556152,13
2024-09-20 14:41:07.161000,430.8759477325178,98
2024-09-20 14:41:07.259000,430.8450675143131,998
2024-09-20 14:41:07.515000,430.8968987979181,99
2024-09-20 14:41:07.562000,430.8867148765254,997
2024-09-20 14:41:07.650000,430.87676005559393,13
2024-09-20 14:41:07.692000,430.8525497693901,101
2024-09-20 14:41:07.804000,430.83706009158254,99
2024-09-20 14:41:08.023000,430.82384619324426,998
2024-09-20 14:41:08.046000,430.84508035812416,1004
2024-09-20 14:41:08.057000,430.8546476477734,6
2024-09-20 14:41:08.074000,430.8660224552617,98
2024-09-20 14:41:08.108000,430.8391272613563,995
2024-09-20 14:41:08.129000,430.878235754279,12
2024-09-20 14:41:08.160000,430.8352428147993,1002
2024-09-20 14:41:08.201000,430.8264673048456,1001
2024-09-20 14:41:08.283000,430.8230772624122,7
2024-09-20 14:41:08.298000,430.8760141227032,6
2024-09-20 14:41:08.425000,430.8549239336293,97
2024-09-20 14:41:08.455000,430.8607095422517,996
2024-09-20 14:41:08.513000,430.87162550450864,105
2024-09-20 14:41:08.626000,430.8380958000757,11
2024-09-20 14:41:08.752000,430.8518874108636,13
2024-09-20 14:41:08.963000,430.81339271991385,105
2024-09-20 14:41:09.047000,430.81762016305095,1001
2024-09-20 14:41:09.091000,430.8224990700346,6
2024-09-20 14:41:09.116000,430.8090106478013,104
2024-09-20 14:41:09.130000,430.8094689968204,102
2024-09-20 14:41:09.137000,430.8401004648383,1004
2024-09-20 14:41:09.145000,430.82032118068776,1000
2024-09-20 14:41:09.156000,430.8500832605199,1001
2024-09-20 14:41:09.167000,430.8006478655676,1005
2024-09-20 14:41:09.239000,430.81656325313526,12
2024-09-20 14:41:09.240000,430.8124299397566,1005
2024-09-20 14:41:09.261000,430.8316782999589,95
2024-09-20 14:41:09.282000,430.7978202866444,14
2024-09-20 14:41:09.301000,430.8203278632957,11
2024-09-20 14:41:09.325000,430.8294787238914,15
2024-09-20 14:41:09.361000,430.8458417018558,1005
2024-09-20 14:41:09.416000,430.84133601481153,100
2024-09-20 14:41:09.428000,430.8388850537832,105
2024-09-20 14:41:09.448000,430.8161101096184,1002
2024-09-20 14:41:09.453000,430.8471126666464,1005
2024-09-20 14:41:09.479000,430.805922262253,97
2024-09-20 14:41:09.524000,430.8555328118942,1002
2024-09-20 14:41:09.553000,430.81481867627593,998
2024-09-20 14:41:09.621000,430.8659847160463,98
2024-09-20 14:41:09.710000,430.8407920224046,101
2024-09-20 14:41:09.797000,430.8340519568356,1001
2024-09-20 14:41:09.823000,430.8066140232501,997
2024-09-20 14:41:09.889000,430.8337461457077,97
2024-09-20 14:41:09.910000,430.8285178375085,96
2024-09-20 14:41:09.916000,430.8498747627867,101
2024-09-20 14:41:09.939000,430.8360426477623,14
2024-09-20 14:41:10.129000,430.8854062255668,99
2024-09-20 14:41:10.196000,430.8841328802281,98
2024-09-20 14:41:10.419000,430.9078016669585,1004
2024-09-20 14:41:10.478000,430.8761666815756,12
2024-09-20 14:41:10.640000,430.8996678152319,14
2024-09-20 14:41:10.748000,430.8928078971223,5
2024-09-20 14:41:10.787000,430.8852081825679,12
2024-09-20 14:41:10.825000,430.87928221751446,10
2024-09-20 14:41:10.832000,430.9146010797268,7
2024-09-20 14:41:10.902000,430.8963397573153,1001
2024-09-20 14:41:10.925000,430.90081489982185,1005
2024-09-20 14:41:11.084000,430.9207897896949,996
2024-09-20 14:41:11.350000,430.8914894072283,7
2024-09-20 14:41:11.393000,430.8724602419501,100
2024-09-20 14:41:11.553000,430.9013099007886,11
2024-09-20 14:41:11.783000,430.8645676402271,14
2024-09-20 14:41:11.835000,430.9208038208344,999
2024-09-20 14:41:11.840000,430.857176670925,999
2024-09-20 14:41:12.105000,430.81632170649664,99
2024-09-20 14:41:12.124000,430.8406334691966,998
2024-09-20 14:41:12.129000,430.8437916138533,12
2024-09-20 14:41:12.159000,430.8359696276734,997
2024-09-20 14:41:12.169000,430.79533474449823,103
2024-09-20 14:41:12.186000,430.8558602760007,15
2024-09-20 14:41:12.257000,430.8178733336505,1002
2024-09-20 14:41:12.284000,430.8275992750436,7
2024-09-20 14:41:12.338000,430.8789688325345,95
2024-09-20 14:41:12.414000,430.77087350792624,998
2024-09-20 14:41:12.457000,430.7628577588658,103
2024-09-20 14:41:12.497000,430.8774727132435,101
2024-09-20 14:41:12.523000,430.8390173176873,8
2024-09-20 14:41:12.530000,430.8219878666959,105
2024-09-20 14:41:12.547000,430.8424250316723,101
2024-09-20 14:41:12.601000,430.8269123428338,8
2024-09-20 14:41:12.603000,430.8282991315165,101
2024-09-20 14:41:12.626000,430.8061243806825,10
2024-09-20 14:41:12.652000,430.8432279277825,1005
2024-09-20 14:41:12.725000,430.794579334044,104
2024-09-20 14:41:12.794000,430.8179569538903,10
2024-09-20 14:41:12.813000,430.8310321030918,995
2024-09-20 14:41:12.822000,430.8111158667666,999
2024-09-20 14:41:12.860000,430.8097490700816,101
2024-09-20 14:41:12.870000,430.78688330049226,1003
2024-09-20 14:41:12.872000,430.7872544787032,998
2024-09-20 14:41:12.879000,430.7781287805902,996
2024-09-20 14:41:12.884000,430.7846936547664,96
2024-09-20 14:41:12.887000,430.8167026162428,12
2024-09-20 14:41:12.932000,430.7968602175157,997
2024-09-20 14:41:13.032000,430.7795876856225,9
2024-09-20 14:41:13.044000,430.7662127031222,97
2024-09-20 14:41:13.054000,430.7635427941295,100
2024-09-20 14:41:13.057000,430.7678215401867,13
2024-09-20 14:41:13.118000,430.7776969691138,103
2024-09-20 14:41:13.118000,430.7813728841395,8
2024-09-20 14:41:13.150000,430.761814552976,98
2024-09-20 14:41:13.157000,430.75641263886143,13
2024-09-20 14:41:13.168000,430.7485535897356,100
2024-09-20 14:41:13.212000,430.7540162535777,96
2024-09-20 14:41:13.266000,430.7711043070456,10
2024-09-20 14:41:13.291000,430.7587478690161,995
2024-09-20 14:41:13.325000,430.7658935863379,99
2024-09-20 14:41:13.378000,430.7605973435888,95
2024-09-20 14:41:13.407000,430.7929266081775,995
2024-09-20 14:41:13.472000,430.75110232274506,997
2024-09-20 14:41:13.472000,430.80270476220886,9
2024-09-20 14:41:13.533000,430.7476272419935,10
2024-09-20 14:41:13.560000,430.764076573238,1002
2024-09-20 14:41:13.640000,430.7549300130808,7
2024-09-20 14:41:13.699000,430.7592667071608,996
2024-09-20 14:41:13.699000,422.7675658104315,5
2024-09-20 14:41:13.727000,430.7527724364834,1003
2024-09-20 14:41:13.738000,430.7559724356075,6
2024-09-20 14:41:13.748000,430.7432524561872,100
2024-09-20 14:41:13.826000,430.7847001658521,102
2024-09-20 14:41:13.922000,430.7899574975093,12
2024-09-20 14:41:13.960000,430.75361233233554,1001
2024-09-20 14:41:14.074000,430.73814009408665,999
2024-09-20 14:41:14.171000,430.7371211426192,1003
2024-09-20 14:41:14.306000,430.7325461012783,11
2024-09-20 14:41:14.353000,430.72437300470034,98
2024-09-20 14:41:14.439000,430.75353183562856,997
2024-09-20 14:41:14.461000,430.7278140219035,98
2024-09-20 14:41:14.563000,430.719159217946,5
2024-09-20 14:41:14.808000,430.7241250928853,9
2024-09-20 14:41:14.843000,430.7508518082328,95
2024-09-20 14:41:15.115000,430.7424912520848,104
2024-09-20 14:41:15.323000,430.72929372626464,9
2024-09-20 14:41:15.385000,422.6231904979736,998
2024-09-20 14:41:15.764000,430.73895258826,6
2024-09-20 14:41:16.054000,430.827387087785,104
2024-09-20 14:41:16.212000,430.7859946753749,1004
2024-09-20 14:41:16.251000,430.7660297605741,997
2024-09-20 14:41:16.280000,430.7790073524046,998
2024-09-20 14:41:16.295000,430.8303479467485,14
2024-09-20 14:41:16.655000,430.82945637386695,8
2024-09-20 14:41:16.853000,430.8439032624,105
2024-09-20 14:41:16.981000,430.8381977048959,98
2024-09-20 14:41:17.140000,430.8241374504028,1000
2024-09-20 14:41:17.817000,430.82644916583325,12
2024-09-20 14:41:17.981000,430.8215336727092,15
2024-09-20 14:41:18.022000,430.9066384837693,100
2024-09-20 14:41:18.154000,430.88882577375085,1005
2024-09-20 14:41:18.181000,430.92250695889226,9
2024-09-20 14:41:18.301000,430.9098071774411,997
2024-09-20 14:41:18.386000,430.85593470517233,1002
2024-09-20 14:41:18.386000,430.9032994987818,995
2024-09-20 14:41:18.414000,430.9030321277512,1001
2024-09-20 14:41:18.422000,430.8471834293364,1003
2024-09-20 14:41:18.602000,430.8627372730063,98
2024-09-20 14:41:18.697000,430.89767728406525,10
2024-09-20 14:41:18.714000,430.8177335701304,101
2024-09-20 14:41:18.730000,430.8863877794192,96
2024-09-20 14:41:18.738000,430.9209781543457,1003
2024-09-20 14:41:18.777000,430.913941128817,11
2024-09-20 14:41:18.795000,430.9151661285524,15
2024-09-20 14:41:18.860000,430.89472269788257,997
2024-09-20 14:41:18.919000,430.8570043474968,12
2024-09-20 14:41:19.182000,430.9167406724764,7
2024-09-20 14:41:19.227000,430.8994156326637,1000
2024-09-20 14:41:19.364000,430.9099674823606,99
2024-09-20 14:41:19.404000,430.93789766342695,996
2024-09-20 14:41:19.538000,430.9175899144526,999
2024-09-20 14:41:19.562000,430.9217347733867,105
2024-09-20 14:41:19.584000,430.9021530420636,15
2024-09-20 14:41:19.684000,430.9031811562231,998
2024-09-20 14:41:19.787000,430.9117576502929,1000
2024-09-20 14:41:19.838000,430.9444527264048,997
2024-09-20 14:41:19.896000,430.9120410737405,105
2024-09-20 14:41:19.912000,430.9386781908647,11
2024-09-20 14:41:19.993000,430.94200536978536,15
2024-09-20 14:41:20.141000,430.94103458703086,1003
2024-09-20 14:41:20.154000,430.9321602181095,100
2024-09-20 14:41:20.253000,430.9264452617845,103
2024-09-20 14:41:20.283000,430.9082440998343,7
2024-09-20 14:41:20.377000,430.9407033333573,1002
2024-09-20 14:41:20.381000,430.9464250149173,998
2024-09-20 14:41:20.522000,430.9408416689909,102
2024-09-20 14:41:20.662000,430.9484514172914,997
2024-09-20 14:41:20.662000,430.9298711152868,6
2024-09-20 14:41:20.700000,430.90800225149735,1003
2024-09-20 14:41:20.839000,430.9349179420846,7
2024-09-20 14:41:20.923000,430.9381311427365,102
2024-09-20 14:41:20.958000,430.9270387468295,98
2024-09-20 14:41:21.037000,430.98054376833846,103
2024-09-20 14:41:21.155000,430.93982201999887,104
2024-09-20 14:41:21.308000,430.8962522870003,1005
2024-09-20 14:41:21.393000,430.9045405829207,11
2024-09-20 14:41:21.414000,430.9653473181828,5
2024-09-20 14:41:21.446000,430.95272210232457,998
2024-09-20 14:41:21.480000,430.9037341264284,10
2024-09-20 14:41:21.500000,430.9257611520332,1001
2024-09-20 14:41:21.506000,430.9709590355375,7
2024-09-20 14:41:21.557000,430.95349061493255,105
2024-09-20 14:41:21.588000,430.9694141464228,995
2024-09-20 14:41:21.614000,430.9463328277941,100
2024-09-20 14:41:21.716000,430.98832021798455,98
2024-09-20 14:41:21.751000,430.9435186901769,100
2024-09-20 14:41:21.837000,430.8766917985516,995
2024-09-20 14:41:21.845000,430.9231724432135,103
2024-09-20 14:41:21.859000,430.8855008633773,1002
2024-09-20 14:41:21.863000,430.9347079098786,996
2024-09-20 14:41:21.879000,430.9356600210316,12
2024-09-20 14:41:21.887000,430.9030866406645,102
2024-09-20 14:41:21.990000,430.9692173889709,8
2024-09-20 14:41:22.005000,430.9855258114274,97
2024-09-20 14:41:22.067000,430.9815154986829,10
2024-09-20 14:41:22.143000,430.9565809794187,95
2024-09-20 14:41:22.221000,430.9409467700106,101
2024-09-20 14:41:22.237000,430.9624071501333,9
2024-09-20 14:41:22.240000,430.95491415326273,999
2024-09-20 14:41:22.247000,430.9470746776316,102
2024-09-20 14:41:22.267000,430.9440674851524,1001
2024-09-20 14:41:22.320000,430.9604655480229,996
2024-09-20 14:41:22.323000,430.959532319004,995
2024-09-20 14:41:22.338000,430.9214689954648,8
2024-09-20 14:41:22.348000,430.95506127209455,96
2024-09-20 14:41:22.400000,430.9655426360928,14
2024-09-20 14:41:22.459000,430.9621673592361,996
2024-09-20 14:41:22.478000,430.9585710284884,101
2024-09-20 14:41:22.520000,430.93545072755273,995
2024-09-20 14:41:22.606000,430.9854042940792,999
2024-09-20 14:41:22.609000,430.9418333595695,101
2024-09-20 14:41:22.631000,430.9564442628087,1003
2024-09-20 14:41:22.634000,430.9390936184955,1005
2024-09-20 14:41:22.736000,430.9352560892253,98
2024-09-20 14:41:22.750000,430.9702962907704,99
2024-09-20 14:41:22.776000,430.9361932215118,100
2024-09-20 14:41:22.778000,430.97143657277536,999
2024-09-20 14:41:22.835000,430.9672532070114,105
2024-09-20 14:41:22.919000,430.9211158805686,95
2024-09-20 14:41:22.923000,430.96269025435606,1003
2024-09-20 14:41:22.968000,430.9498262140554,5
2024-09-20 14:41:23.048000,430.9759598409674,96
2024-09-20 14:41:23.050000,430.9540522497709,10
2024-09-20 14:41:23.060000,430.96170158479896,103
2024-09-20 14:41:23.123000,430.9967661539763,997
2024-09-20 14:41:23.130000,431.0011912737172,11
2024-09-20 14:41:23.131000,431.0220297035081,1003
2024-09-20 14:41:23.151000,430.9659628585597,15
2024-09-20 14:41:23.204000,430.98674343056655,1001
2024-09-20 14:41:23.212000,430.98023978454654,7
2024-09-20 14:41:23.217000,430.9591163755553,12
2024-09-20 14:41:23.311000,431.0048472969909,96
2024-09-20 14:41:23.379000,430.9942383025633,6
2024-09-20 14:41:23.425000,430.9380428550977,8
2024-09-20 14:41:23.454000,431.0492718165944,101
2024-09-20 14:41:23.496000,430.9916771358848,11
2024-09-20 14:41:23.512000,430.9903117705183,8
2024-09-20 14:41:23.518000,430.9925447818923,999
2024-09-20 14:41:23.518000,422.4813310390213,10
2024-09-20 14:41:23.522000,430.9682175101266,6
2024-09-20 14:41:23.535000,430.95138540258745,13
2024-09-20 14:41:23.579000,431.00287400076,7
2024-09-20 14:41:23.715000,430.984889510236,999
2024-09-20 14:41:23.732000,430.9437825800916,5
2024-09-20 14:41:23.776000,422.5460603804536,14
2024-09-20 14:41:23.838000,431.00205533308247,97
2024-09-20 14:41:23.862000,431.0009693240119,8
2024-09-20 14:41:23.862000,430.9925034799483,95
2024-09-20 14:41:23.956000,430.96295356433376,13
2024-09-20 14:41:24.004000,431.0644452902125,6
2024-09-20 14:41:24.007000,431.0286293547507,9
2024-09-20 14:41:24.051000,431.0599660569564,98
2024-09-20 14:41:24.059000,431.0099706067494,7
2024-09-20 14:41:24.060000,431.071953930104,95
2024-09-20 14:41:24.090000,431.05889717749534,103
2024-09-20 14:41:24.282000,431.0578894664754,100
2024-09-20 14:41:24.334000,431.0057565770333,12
2024-09-20 14:41:24.345000,431.0031294230235,12
2024-09-20 14:41:24.365000,431.0175795290839,997
2024-09-20 14:41:24.380000,431.0122330034014,105
2024-09-20 14:41:24.387000,430.9991463730124,995
2024-09-20 14:41:24.388000,431.025757178362,1004
2024-09-20 14:41:24.393000,431.0775006345464,7
2024-09-20 14:41:24.404000,431.0756249780875,1000
2024-09-20 14:41:24.408000,431.0076007648838,1001
2024-09-20 14:41:24.473000,431.0015685688538,995
2024-09-20 14:41:24.529000,431.0298208797336,1002
2024-09-20 14:41:24.600000,431.0021068238331,101
2024-09-20 14:41:24.694000,431.01678848495527,1002
2024-09-20 14:41:24.806000,431.0049939894765,998
2024-09-20 14:41:24.830000,431.058610656994,13
2024-09-20 14:41:24.852000,431.0595501705041,9
2024-09-20 14:41:24.860000,431.0700573998938,996
2024-09-20 14:41:24.937000,431.0711311259398,1005
2024-09-20 14:41:24.984000,430.9999788554077,999
2024-09-20 14:41:24.984000,431.04946067890654,996
2024-09-20 14:41:25.011000,431.0227149188309,1002
2024-09-20 14:41:25.032000,431.0777678020719,102
2024-09-20 14:41:25.061000,431.0452571667243,95
2024-09-20 14:41:25.075000,431.0232516252068,101
2024-09-20 14:41:25.101000,431.0266315978017,95
2024-09-20 14:41:25.128000,431.0436781385658,1001
2024-09-20 14:41:25.152000,431.0263638325758,1002
2024-09-20 14:41:25.257000,431.0517534774175,1005
2024-09-20 14:41:25.361000,431.02650275653815,1002
2024-09-20 14:41:25.400000,422.5488772015138,96
2024-09-20 14:41:25.444000,431.0487324741496,11
2024-09-20 14:41:25.475000,431.0236400363786,95
2024-09-20 14:41:25.487000,431.0478027565082,1005
2024-09-20 14:41:25.515000,431.06453553012784,14
2024-09-20 14:41:25.577000,431.0420313343677,101
2024-09-20 14:41:25.704000,431.0112820420901,95
2024-09-20 14:41:25.710000,431.0657478356578,997
2024-09-20 14:41:25.759000,431.0486261946115,1002
2024-09-20 14:41:25.794000,431.0213512215988,14
2024-09-20 14:41:25.811000,431.0581743258874,6
2024-09-20 14:41:25.837000,430.9977953162901,1001
2024-09-20 14:41:25.860000,431.0167204837436,7
2024-09-20 14:41:25.892000,431.0118934152412,97
2024-09-20 14:41:25.986000,431.0245527403221,105
2024-09-20 14:41:26.055000,431.0335814655528,9
2024-09-20 14:41:26.069000,430.9959221359405,97
2024-09-20 14:41:26.072000,431.0563616403383,995
2024-09-20 14:41:26.076000,431.02896187387904,8
2024-09-20 14:41:26.101000,431.0472346791962,1001
2024-09-20 14:41:26.123000,431.0023787154767,13
2024-09-20 14:41:26.177000,431.0402151990419,999
2024-09-20 14:41:26.260000,431.0568917689874,97
2024-09-20 14:41:26.261000,431.058530652459,9
2024-09-20 14:41:26.327000,431.05540375469,1001
2024-09-20 14:41:26.524000,431.0282099841165,9
2024-09-20 14:41:26.553000,431.06778522436576,1000
2024-09-20 14:41:26.597000,431.0351944729028,6
2024-09-20 14:41:26.696000,431.05035888519546,1000
2024-09-20 14:41:26.708000,431.046791421622,7
2024-09-20 14:41:26.752000,431.02054810521815,15
2024-09-20 14:41:26.770000,431.0450563612112,8
2024-09-20 14:41:26.782000,431.0433971030032,98
2024-09-20 14:41:26.790000,431.0198305305036,12
2024-09-20 14:41:26.807000,431.03259119236566,8
2024-09-20 14:41:26.814000,431.0483628345904,103
2024-09-20 14:41:26.952000,431.0106075909228,100
2024-09-20 14:41:27.320000,422.619332500342,95
2024-09-20 14:41:28.005000,431.0404019271045,97
2024-09-20 14:41:28.011000,431.0003553985341,1001
2024-09-20 14:41:28.021000,430.9986069869721,13
2024-09-20 14:41:28.021000,430.9980924081007,7
2024-09-20 14:41:28.039000,430.98333892201066,14
2024-09-20 14:41:28.172000,431.04769799570187,98
2024-09-20 14:41:28.176000,430.9983456699393,1001
2024-09-20 14:41:28.230000,431.0227347750552,7
2024-09-20 14:41:28.270000,430.985836313415,100
2024-09-20 14:41:28.286000,431.024837208711,996
2024-09-20 14:41:28.324000,430.9825157356403,95
2024-09-20 14:41:28.395000,431.001695074167,1000
2024-09-20 14:41:28.396000,430.9979725789999,95
2024-09-20 14:41:28.401000,431.00482995361233,1002
2024-09-20 14:41:28.455000,430.9933659965247,101
2024-09-20 14:41:28.462000,431.0118895933985,103
2024-09-20 14:41:28.513000,431.0000352892862,1000
2024-09-20 14:41:28.516000,430.98916832851785,95
2024-09-20 14:41:28.524000,431.0153617173776,11
2024-09-20 14:41:28.619000,430.9971546668947,12
2024-09-20 14:41:28.675000,430.99133912376885,998
2024-09-20 14:41:28.710000,431.0008125069271,9
2024-09-20 14:41:28.776000,430.9978151727437,1004
2024-09-20 14:41:28.808000,430.997585661786,103
2024-09-20 14:41:28.819000,430.9996728200457,97
2024-09-20 14:41:28.865000,431.016945255117,1004
2024-09-20 14:41:28.886000,430.9805470758896,5
2024-09-20 14:41:28.931000,431.0460911162484,14
2024-09-20 14:41:28.947000,430.97861767847655,996
2024-09-20 14:41:29.312000,430.9827482733274,13
2024-09-20 14:41:29.476000,430.9714140769592,999
2024-09-20 14:41:29.614000,430.9785394143345,15
2024-09-20 14:41:29.645000,430.981423832904,9
2024-09-20 14:41:29.654000,430.9584321375823,98
2024-09-20 14:41:29.722000,430.9761584502165,1002
2024-09-20 14:41:29.845000,430.9836764010138,998
2024-09-20 14:41:29.874000,430.9687690475102,1004
2024-09-20 14:41:30.009000,430.977263784366,1000
2024-09-20 14:41:30.481000,430.9615254270304,8
2024-09-20 14:41:30.533000,430.976119744268,14
2024-09-20 14:41:30.634000,430.9880624052422,998
2024-09-20 14:41:31.024000,430.889731592504,999
2024-09-20 14:41:31.077000,430.8871116302957,1005
2024-09-20 14:41:31.081000,430.96185054010766,105
2024-09-20 14:41:31.197000,430.9633344283653,999
2024-09-20 14:41:31.212000,430.8945082324896,995
2024-09-20 14:41:31.304000,430.9463659122077,96
2024-09-20 14:41:31.320000,430.8574583954392,996
2024-09-20 14:41:31.345000,430.8511721218917,95
2024-09-20 14:41:31.414000,430.93124901043984,95
2024-09-20 14:41:31.426000,430.9681541245581,15
2024-09-20 14:41:31.469000,430.8921443953052,8
2024-09-20 14:41:31.469000,430.9169565242186,996
2024-09-20 14:41:31.561000,430.89744346454654,9
2024-09-20 14:41:31.656000,430.8570104045721,998
2024-09-20 14:41:31.678000,430.9054965914048,999
2024-09-20 14:41:31.692000,430.8794400283247,14
2024-09-20 14:41:31.692000,430.89669986273424,97
2024-09-20 14:41:31.765000,430.8959852909992,96
2024-09-20 14:41:31.787000,430.91709427811935,6
2024-09-20 14:41:31.819000,430.8852848856024,997
2024-09-20 14:41:31.829000,430.9056072117139,100
2024-09-20 14:41:31.900000,430.9546165436718,104
2024-09-20 14:41:31.906000,430.880598416745,9
2024-09-20 14:41:31.959000,430.8540901332541,100
2024-09-20 14:41:32.024000,430.9252905763088,96
2024-09-20 14:41:32.124000,430.9025109453496,8
2024-09-20 14:41:32.124000,430.9259499221573,98
2024-09-20 14:41:32.151000,430.886232985213,1003
2024-09-20 14:41:32.257000,430.9127252555946,6
2024-09-20 14:41:32.291000,430.8859830321083,9
2024-09-20 14:41:32.315000,430.9414048964501,1005
2024-09-20 14:41:32.328000,430.9327371824466,999
2024-09-20 14:41:32.397000,430.93290489324585,1002
2024-09-20 14:41:32.418000,430.886636955992,102
2024-09-20 14:41:32.466000,430.9237960998679,95
2024-09-20 14:41:32.529000,430.8837180619881,9
2024-09-20 14:41:32.694000,430.8930950999951,102
2024-09-20 14:41:32.697000,430.9365843778841,13
2024-09-20 14:41:32.698000,430.93464384703066,1000
2024-09-20 14:41:32.842000,430.92188652735774,103
2024-09-20 14:41:32.972000,430.9122377633879,103
2024-09-20 14:41:33.181000,430.8832309407778,9
2024-09-20 14:41:33.251000,430.8700509866417,98
2024-09-20 14:41:33.284000,430.8976851546252,8
2024-09-20 14:41:33.396000,430.8711534200971,8
2024-09-20 14:41:33.399000,430.8755534626534,9
2024-09-20 14:41:33.682000,430.86081158586,996
2024-09-20 14:41:33.810000,430.8525517027459,6
2024-09-20 14:41:33.818000,430.8697911872272,102
2024-09-20 14:41:33.931000,430.86274913905567,102
2024-09-20 14:41:33.943000,430.88640594972446,1004
2024-09-20 14:41:34.036000,430.875183232687,99
2024-09-20 14:41:34.136000,430.8480228370887,96
2024-09-20 14:41:34.198000,430.8617228718349,95
2024-09-20 14:41:34.798000,430.8538769594893,102
2024-09-20 14:41:34.831000,430.8546453481893,1000
2024-09-20 14:41:34.851000,430.8749148640688,7
2024-09-20 14:41:35.059000,430.83619543839376,998
2024-09-20 14:41:35.103000,430.8374819357488,97
2024-09-20 14:41:35.262000,430.8061142433775,13
2024-09-20 14:41:35.370000,430.8388855509923,997
2024-09-20 14:41:35.396000,430.83056660991946,104
2024-09-20 14:41:35.415000,430.8389274548207,1005
2024-09-20 14:41:35.515000,430.8137109738221,9
2024-09-20 14:41:35.523000,430.84568435746974,10
2024-09-20 14:41:35.565000,430.84377474530055,1002
2024-09-20 14:41:35.635000,430.8493720898846,11
2024-09-20 14:41:35.661000,430.8370098471411,5
2024-09-20 14:41:35.664000,430.8222177413256,101
2024-09-20 14:41:35.680000,430.853980263404,101
2024-09-20 14:41:35.690000,430.8515430174858,15
2024-09-20 14:41:35.783000,430.82844986026566,9
2024-09-20 14:41:35.853000,430.8373448979989,104
2024-09-20 14:41:35.854000,430.81683967254463,97
2024-09-20 14:41:35.859000,430.8367146997029,999
2024-09-20 14:41:35.870000,430.843730029587,1003
2024-09-20 14:41:35.878000,430.8225831644066,1005
2024-09-20 14:41:35.901000,430.86637051144686,10
2024-09-20 14:41:35.944000,430.85983244143785,999
2024-09-20 14:41:35.944000,430.8581550070558,1003
2024-09-20 14:41:36.327000,430.83975879205474,97
2024-09-20 14:41:36.350000,430.84485349508645,995
2024-09-20 14:41:36.463000,430.8518726529308,12
2024-09-20 14:41:36.485000,430.8568663821423,98
2024-09-20 14:41:36.520000,430.8519977943512,103
2024-09-20 14:41:36.629000,430.8548191841175,100
2024-09-20 14:41:36.829000,430.8549044920501,13
2024-09-20 14:41:37.048000,430.83113060573714,102
2024-09-20 14:41:37.078000,430.81246339305017,101
2024-09-20 14:41:37.088000,430.8295136763805,997
2024-09-20 14:41:37.140000,430.82397757797617,12
2024-09-20 14:41:37.146000,430.8150164403461,6
2024-09-20 14:41:37.237000,430.8351469650126,105
2024-09-20 14:41:37.247000,430.8314100745815,105
2024-09-20 14:41:37.289000,430.83053980997744,104
2024-09-20 14:41:37.449000,430.8444525950629,15
2024-09-20 14:41:37.457000,430.7986954816165,5
2024-09-20 14:41:37.474000,430.8209160064953,101
2024-09-20 14:41:37.512000,430.8483054381553,15
2024-09-20 14:41:37.522000,430.82872117566825,14
2024-09-20 14:41:37.531000,430.82034374349047,13
2024-09-20 14:41:37.668000,430.8134291047277,96
2024-09-20 14:41:37.726000,430.81000896935774,13
2024-09-20 14:41:37.767000,430.8291995552145,13
2024-09-20 14:41:37.965000,430.80888311411246,997
2024-09-20 14:41:37.990000,430.8150150968975,104
2024-09-20 14:41:38.047000,430.8364814663819,1002
2024-09-20 14:41:38.075000,430.8122826522088,103
2024-09-20 14:41:38.124000,430.8317951279408,14
2024-09-20 14:41:38.135000,430.85027583069206,7
2024-09-20 14:41:38.217000,430.8173604679949,105
2024-09-20 14:41:38.263000,430.80453845735855,996
2024-09-20 14:41:38.275000,430.8236938448144,1003
2024-09-20 14:41:38.375000,430.83456009632414,99
2024-09-20 14:41:38.399000,430.8432817827985,999
2024-09-20 14:41:38.453000,430.82495945553313,997
2024-09-20 14:41:38.480000,430.839683108249,95
2024-09-20 14:41:38.540000,430.8537239001156,1004
2024-09-20 14:41:38.635000,430.8337945488122,104
2024-09-20 14:41:38.650000,430.84060678895935,101
2024-09-20 14:41:38.734000,430.8062103368063,12
2024-09-20 14:41:38.787000,430.8266579918029,101
2024-09-20 14:41:38.802000,430.8204972150351,5
2024-09-20 14:41:38.810000,430.8100156063719,996
2024-09-20 14:41:38.849000,430.8480941974569,7
2024-09-20 14:41:38.881000,430.81175808668775,5
2024-09-20 14:41:38.890000,430.807647879254,999
2024-09-20 14:41:38.938000,430.8413134862417,7
2024-09-20 14:41:39.110000,430.8442636742755,98
2024-09-20 14:41:39.145000,430.78968417910096,10
2024-09-20 14:41:39.146000,430.86535615456,103
2024-09-20 14:41:39.265000,430.8453576020266,12
2024-09-20 14:41:39.295000,430.8587005595618,10
2024-09-20 14:41:39.312000,430.8664333358728,8
2024-09-20 14:41:39.321000,430.7343608921777,15
2024-09-20 14:41:39.325000,430.8234538011236,1002
2024-09-20 14:41:39.411000,430.7802937912688,997
2024-09-20 14:41:39.426000,430.7725159087429,996
2024-09-20 14:41:39.428000,430.8697656063374,1004
2024-09-20 14:41:39.439000,430.78585793260726,14
2024-09-20 14:41:39.487000,430.81211267745766,13
2024-09-20 14:41:39.543000,430.8410249558496,95
2024-09-20 14:41:39.645000,430.8539900650429,15
2024-09-20 14:41:39.655000,430.7522839478336,6
2024-09-20 14:41:39.695000,430.8493108777486,1003
2024-09-20 14:41:39.716000,430.7822775490948,14
2024-09-20 14:41:39.747000,430.7330660513964,105
2024-09-20 14:41:39.767000,430.86598738538754,995
2024-09-20 14:41:39.775000,430.8634488514168,1003
2024-09-20 14:41:39.782000,430.7247539527896,995
2024-09-20 14:41:39.798000,430.7968654222445,7
2024-09-20 14:41:39.810000,430.7660603053859,103
2024-09-20 14:41:39.857000,430.81039058851775,103
2024-09-20 14:41:39.862000,430.72781963439166,99
2024-09-20 14:41:39.870000,430.7995444619552,99
2024-09-20 14:41:39.930000,430.7650558899586,12
2024-09-20 14:41:40.027000,430.7709819836545,15
2024-09-20 14:41:40.041000,430.7863275263895,1004
2024-09-20 14:41:40.086000,430.74588701772313,995
2024-09-20 14:41:40.094000,430.7637193432566,1003
2024-09-20 14:41:40.242000,430.7736781188862,999
2024-09-20 14:41:40.246000,430.78501593567984,103
2024-09-20 14:41:40.273000,430.720197976743,105
2024-09-20 14:41:40.313000,430.7723618808578,105
2024-09-20 14:41:40.434000,430.7729103718594,1001
2024-09-20 14:41:40.546000,430.7474023963288,100
2024-09-20 14:41:40.624000,430.7528296188113,104
2024-09-20 14:41:40.681000,430.7720039514671,105
2024-09-20 14:41:40.701000,430.7721278325418,6
2024-09-20 14:41:40.704000,430.750915283569,14
2024-09-20 14:41:40.725000,430.7194713526147,97
2024-09-20 14:41:40.761000,430.73203305175497,1002
2024-09-20 14:41:40.825000,430.7367860098169,997
2024-09-20 14:41:40.921000,430.7701380086661,999
2024-09-20 14:41:40.949000,430.7652364260628,15
2024-09-20 14:41:40.955000,430.756756213106,1005
2024-09-20 14:41:40.990000,430.7789413346724,100
2024-09-20 14:41:41.678000,430.7087385624955,997
2024-09-20 14:41:41.931000,430.7057291518872,6
2024-09-20 14:41:42.096000,430.72147588322457,1004
2024-09-20 14:41:42.165000,430.73081111605984,101
2024-09-20 14:41:42.404000,430.7143821166981,97
2024-09-20 14:41:42.435000,430.6841342874527,1004
2024-09-20 14:41:42.483000,430.739109845672,1004
2024-09-20 14:41:42.489000,430.6828482399621,1003
2024-09-20 14:41:42.573000,430.74702975835504,11
2024-09-20 14:41:42.623000,430.74300028159087,97
2024-09-20 14:41:42.744000,430.7050082958486,1003
2024-09-20 14:41:42.774000,430.735312592464,98
2024-09-20 14:41:43.047000,430.741665532147,1002
2024-09-20 14:41:43.051000,430.72658293915634,15
2024-09-20 14:41:43.153000,430.7271611616752,14
2024-09-20 14:41:43.260000,430.7479494578532,97
2024-09-20 14:41:43.388000,430.773747161198,11
2024-09-20 14:41:43.487000,430.7020620043992,11
2024-09-20 14:41:43.570000,430.7718395997809,7
2024-09-20 14:41:43.635000,430.71389505127377,99
2024-09-20 14:41:43.753000,430.7369660243438,95
2024-09-20 14:41:44.211000,430.6981201463088,13
2024-09-20 14:41:45.022000,430.66716993262906,14
2024-09-20 14:41:45.110000,430.6959386093132,95
2024-09-20 14:41:45.159000,430.6963042523213,14
2024-09-20 14:41:45.241000,430.6748555138297,98
2024-09-20 14:41:45.335000,430.6858196473353,99
2024-09-20 14:41:45.436000,430.6857587212691,1005
2024-09-20 14:41:45.570000,430.6852424583514,14
2024-09-20 14:41:45.745000,430.693824381174,98
2024-09-20 14:41:45.770000,430.7022704269871,1002
2024-09-20 14:41:45.797000,430.6719263979875,9
2024-09-20 14:41:45.798000,430.6965952243942,14
2024-09-20 14:41:45.855000,430.6758898005043,996
2024-09-20 14:41:45.867000,430.68700943319055,6
2024-09-20 14:41:45.941000,430.69471157056654,1004
2024-09-20 14:41:46.020000,430.65632582117087,7
2024-09-20 14:41:46.043000,430.69158840692535,996
2024-09-20 14:41:46.053000,430.6937176676512,100
2024-09-20 14:41:46.205000,430.6912538399306,102
2024-09-20 14:41:46.379000,430.6828517946053,11
2024-09-20 14:41:46.381000,430.65283879488425,998
2024-09-20 14:41:46.431000,430.6696354593578,998
2024-09-20 14:41:46.457000,430.6829501671168,10
2024-09-20 14:41:46.471000,430.6421617539164,13
2024-09-20 14:41:46.551000,430.6435114767558,998
2024-09-20 14:41:46.602000,430.65349957190057,11
2024-09-20 14:41:46.704000,430.6989085916447,96
2024-09-20 14:41:46.887000,430.6892961786415,1001
2024-09-20 14:41:46.908000,430.7061284681756,13
2024-09-20 14:41:47.113000,430.62614989997456,995
2024-09-20 14:41:47.215000,430.6363078234209,103
2024-09-20 14:41:47.670000,430.63659787171775,996
2024-09-20 14:41:47.971000,430.6208522576388,1003
2024-09-20 14:41:48.013000,430.6626724082381,998
2024-09-20 14:41:48.198000,430.6422987581549,999
2024-09-20 14:41:48.295000,430.66235395298094,1004
2024-09-20 14:41:48.379000,430.6664635515744,1001
2024-09-20 14:41:48.381000,430.65351538297983,105
2024-09-20 14:41:48.422000,430.63814083965394,105
2024-09-20 14:41:48.463000,430.675695651723,995
2024-09-20 14:41:48.490000,430.6781919170471,1002
2024-09-20 14:41:48.595000,430.6373224278431,997
2024-09-20 14:41:48.603000,430.6778934798236,997
2024-09-20 14:41:48.660000,430.6468989892731,997
2024-09-20 14:41:48.713000,430.636373602978,1000
2024-09-20 14:41:48.792000,430.6531139017837,1003
2024-09-20 14:41:48.793000,430.6171063640897,11
2024-09-20 14:41:48.880000,430.663738620106,1003
2024-09-20 14:41:48.926000,430.6460635529745,102
2024-09-20 14:41:48.950000,430.6688374583648,98
2024-09-20 14:41:49.409000,430.6520328510039,105
2024-09-20 14:41:49.633000,430.6537126049663,7
2024-09-20 14:41:49.695000,430.64032310862615,1002
2024-09-20 14:41:49.769000,430.6366929332498,102
2024-09-20 14:41:49.833000,430.6631733932175,5
2024-09-20 14:41:49.958000,430.6373637549714,100
2024-09-20 14:41:49.974000,430.6571369319219,14
2024-09-20 14:41:50.079000,430.6332630141811,995
2024-09-20 14:41:50.249000,430.6521277095907,8
2024-09-20 14:41:50.281000,430.64662282132366,99
2024-09-20 14:41:50.328000,430.5820634747385,14
2024-09-20 14:41:50.411000,430.6415946129495,11
2024-09-20 14:41:50.496000,430.6754305080327,11
2024-09-20 14:41:50.616000,430.6390206688459,997
2024-09-20 14:41:50.626000,430.6351483558808,101
2024-09-20 14:41:50.639000,430.65047093949886,105
2024-09-20 14:41:50.765000,430.6612779612553,96
2024-09-20 14:41:50.815000,430.6494226704643,15
2024-09-20 14:41:50.837000,430.65868730355095,999
2024-09-20 14:41:50.875000,430.6628642292679,7
2024-09-20 14:41:50.957000,430.61862582943183,7
2024-09-20 14:41:51.012000,430.5924781223681,999
2024-09-20 14:41:51.047000,430.6040452408277,1000
2024-09-20 14:41:51.155000,430.6085984428848,1003
2024-09-20 14:41:51.187000,430.5873842546518,95
2024-09-20 14:41:51.259000,422.7652211408655,12
2024-09-20 14:41:51.300000,430.6137146061057,1003
2024-09-20 14:41:51.363000,430.6350998916966,103
2024-09-20 14:41:51.628000,430.59010481717337,97
2024-09-20 14:41:51.664000,430.5717745497141,8
2024-09-20 14:41:51.870000,430.60682207343774,100
2024-09-20 14:41:51.880000,430.5829313763549,6
2024-09-20 14:41:51.919000,430.5842419767621,10
2024-09-20 14:41:52.184000,430.5259861452837,996
2024-09-20 14:41:52.228000,430.5406088869969,996
2024-09-20 14:41:52.340000,430.5497258826054,8
2024-09-20 14:41:52.396000,430.5473980219831,12
2024-09-20 14:41:52.451000,430.550317091467,5
2024-09-20 14:41:52.457000,430.5447854405561,9
2024-09-20 14:41:52.526000,430.54804144551326,1001
2024-09-20 14:41:52.583000,430.5698908138448,996
2024-09-20 14:41:52.780000,430.58758195748953,996
2024-09-20 14:41:52.928000,430.568251363064,13
2024-09-20 14:41:52.932000,430.544784299786,6
2024-09-20 14:41:53.013000,430.5618673296544,1003
2024-09-20 14:41:53.121000,430.5969983002197,13
2024-09-20 14:41:53.132000,430.5485693664598,7
2024-09-20 14:41:53.260000,430.5598159943961,8
2024-09-20 14:41:53.265000,430.56605185764977,6
2024-09-20 14:41:53.270000,430.5566913115046,99
2024-09-20 14:41:53.330000,430.5687005286571,1001
2024-09-20 14:41:53.333000,430.597233218626,8
2024-09-20 14:41:53.371000,430.5664806471672,7
2024-09-20 14:41:53.402000,430.5922300466064,95
2024-09-20 14:41:53.482000,430.5767556247283,5
2024-09-20 14:41:53.490000,430.5559901228915,6
2024-09-20 14:41:53.521000,430.5759027804048,5
2024-09-20 14:41:53.590000,430.5514587514671,104
2024-09-20 14:41:53.630000,430.58754863816233,1000
2024-09-20 14:41:53.746000,430.5754618044401,100
2024-09-20 14:41:53.820000,430.5620100143651,104
2024-09-20 14:41:53.842000,430.569392391886,104
2024-09-20 14:41:53.994000,430.56064819002495,103
2024-09-20 14:41:54.123000,430.5930926961937,13
2024-09-20 14:41:54.166000,430.5895164438293,1000
2024-09-20 14:41:54.176000,430.5702516576735,5
2024-09-20 14:41:54.466000,430.5685279531854,999
2024-09-20 14:41:54.578000,430.6134401427128,102
2024-09-20 14:41:54.648000,430.6085648286863,10
2024-09-20 14:41:54.819000,430.5904101516642,1005
2024-09-20 14:41:54.820000,430.6120000556265,1000
2024-09-20 14:41:54.951000,430.6038089984031,1002
2024-09-20 14:41:54.952000,430.620083515068,1005
2024-09-20 14:41:54.980000,430.6104987197915,12
2024-09-20 14:41:55.136000,430.59401337958127,9
2024-09-20 14:41:55.425000,430.59633786785145,101
2024-09-20 14:41:55.505000,430.5859902575044,997
2024-09-20 14:41:55.658000,430.58684712407046,1000
2024-09-20 14:41:55.711000,430.61857001660303,997
2024-09-20 14:41:55.838000,430.5927520320703,6
2024-09-20 14:41:55.919000,430.6121661322963,997
2024-09-20 14:41:56.242000,430.5865352882035,1000
2024-09-20 14:41:56.445000,430.6063524245224,10
2024-09-20 14:41:56.621000,430.61120883628166,14
2024-09-20 14:41:56.695000,430.591556083211,96
2024-09-20 14:41:56.702000,430.5890063277115,1000
2024-09-20 14:41:56.863000,430.593680799134,103
2024-09-20 14:41:57.088000,430.6001732155517,1005
2024-09-20 14:41:57.117000,430.6234115997426,1004
2024-09-20 14:41:57.140000,430.6072940668945,103
2024-09-20 14:41:57.220000,430.62437602274537,5
2024-09-20 14:41:57.230000,430.5961367383416,996
2024-09-20 14:41:57.253000,430.59729680445815,7
2024-09-20 14:41:57.300000,430.6143030137637,15
2024-09-20 14:41:57.307000,430.6144301924346,99
2024-09-20 14:41:57.310000,430.6100002205599,9
2024-09-20 14:41:57.341000,430.59507469690806,13
2024-09-20 14:41:57.390000,430.6116187202656,97
2024-09-20 14:41:57.391000,430.6090114512008,14
2024-09-20 14:41:57.401000,430.61311971715367,8
2024-09-20 14:41:57.416000,430.59419588964056,1003
2024-09-20 14:41:57.550000,430.6132966428052,8
2024-09-20 14:41:57.660000,430.59634161678827,1002
2024-09-20 14:41:57.693000,430.627476355124,7
2024-09-20 14:41:57.710000,430.6205484204002,6
2024-09-20 14:41:57.731000,430.6055577915987,101
2024-09-20 14:41:57.798000,430.58448416030166,1005
2024-09-20 14:41:57.827000,430.6075015448623,105
2024-09-20 14:41:57.873000,430.5903658167527,98
2024-09-20 14:41:57.900000,430.6185758514149,15
2024-09-20 14:41:57.920000,430.5868264567174,1002
2024-09-20 14:41:57.978000,430.6270057488127,104
2024-09-20 14:41:58.011000,430.5585294193637,95
2024-09-20 14:41:58.053000,430.5814702497042,1002
2024-09-20 14:41:58.083000,430.55298475001774,10
2024-09-20 14:41:58.120000,430.5388570942565,15
2024-09-20 14:41:58.237000,430.54154684881496,99
2024-09-20 14:41:58.276000,430.5351867743247,15
2024-09-20 14:41:58.382000,430.5670463743429,96
2024-09-20 14:41:58.521000,430.54439963343617,6
2024-09-20 14:41:58.561000,430.5771239076319,14
2024-09-20 14:41:58.627000,430.5760301223328,10
2024-09-20 14:41:58.635000,430.55060216992746,6
2024-09-20 14:41:58.673000,430.57325239318936,14
2024-09-20 14:41:58.675000,430.5503756258258,9
2024-09-20 14:41:58.816000,430.5724978456528,104
2024-09-20 14:41:58.847000,430.5359998083471,99
2024-09-20 14:41:58.857000,430.5753471506431,8
2024-09-20 14:41:59.597000,430.5750248294658,996
