Timestamp,Price,Size
2024-09-16 10:07:00,419.0338842654251,1001
2024-09-16 10:07:00.027000,419.0523114356882,12
2024-09-16 10:07:00.066000,419.0453691717513,1004
2024-09-16 10:07:00.146000,419.10156630056815,14
2024-09-16 10:07:00.215000,419.0422669434255,11
2024-09-16 10:07:00.325000,419.0116752933462,7
2024-09-16 10:07:00.434000,419.00177702438816,96
2024-09-16 10:07:00.508000,419.0203586018077,999
2024-09-16 10:07:00.541000,419.06124130899263,14
2024-09-16 10:07:00.569000,419.0122420336084,15
2024-09-16 10:07:00.575000,419.02710243147607,997
2024-09-16 10:07:00.591000,419.0483754763612,105
2024-09-16 10:07:00.618000,419.0978945676137,96
2024-09-16 10:07:00.678000,419.09302713433294,10
2024-09-16 10:07:00.750000,419.0395092906072,13
2024-09-16 10:07:00.768000,419.0094945711422,997
2024-09-16 10:07:00.777000,419.00091442229217,7
2024-09-16 10:07:00.780000,419.0575468120405,11
2024-09-16 10:07:00.835000,419.0059170635661,104
2024-09-16 10:07:00.837000,419.0765526240271,1004
2024-09-16 10:07:00.902000,419.031028809937,7
2024-09-16 10:07:00.958000,419.0614486838937,1003
2024-09-16 10:07:00.994000,418.9967013027745,1000
2024-09-16 10:07:01.052000,418.9986303121181,996
2024-09-16 10:07:01.198000,418.9956309959183,1002
2024-09-16 10:07:01.271000,419.00890196767904,13
2024-09-16 10:07:01.369000,419.0197552937233,100
2024-09-16 10:07:01.392000,419.0019666608943,99
2024-09-16 10:07:01.514000,418.9884261338533,98
2024-09-16 10:07:01.514000,418.9754733168649,8
2024-09-16 10:07:01.515000,419.0058294550828,999
2024-09-16 10:07:01.536000,419.0231682493376,103
2024-09-16 10:07:01.550000,418.9859283360525,98
2024-09-16 10:07:01.642000,418.9843600454663,14
2024-09-16 10:07:01.710000,418.9750343882635,97
2024-09-16 10:07:01.710000,419.0251173597695,11
2024-09-16 10:07:01.778000,419.0055511915324,11
2024-09-16 10:07:01.895000,419.0283446163725,995
2024-09-16 10:07:01.907000,418.98929958983,10
2024-09-16 10:07:01.910000,419.0019283535939,6
2024-09-16 10:07:01.982000,418.9926597856059,1004
2024-09-16 10:07:02.022000,418.97688376835487,9
2024-09-16 10:07:02.040000,418.9214977753508,7
2024-09-16 10:07:02.041000,418.91890879520304,1004
2024-09-16 10:07:02.132000,418.914897650676,1002
2024-09-16 10:07:02.214000,418.9124706670071,10
2024-09-16 10:07:02.326000,419.0021430103273,10
2024-09-16 10:07:02.338000,418.91101632110224,13
2024-09-16 10:07:02.368000,418.9185009117418,6
2024-09-16 10:07:02.381000,418.9038407837599,95
2024-09-16 10:07:02.436000,418.89189530689663,995
2024-09-16 10:07:02.462000,418.9334886340887,8
2024-09-16 10:07:02.476000,418.91334724547977,995
2024-09-16 10:07:02.573000,418.9012600999228,101
2024-09-16 10:07:02.889000,418.9112082625269,99
2024-09-16 10:07:02.933000,418.9486860479768,12
2024-09-16 10:07:03.008000,418.8647440547812,99
2024-09-16 10:07:03.336000,418.8609627890923,1003
2024-09-16 10:07:03.407000,418.89988312719913,12
2024-09-16 10:07:03.436000,418.87823923724,15
2024-09-16 10:07:03.444000,418.8735322800934,1001
2024-09-16 10:07:03.539000,418.88170873903886,11
2024-09-16 10:07:03.982000,418.8922083173419,8
2024-09-16 10:07:04.022000,418.87632951449854,7
2024-09-16 10:07:04.026000,418.8728956565814,999
2024-09-16 10:07:04.064000,418.8675897480824,103
2024-09-16 10:07:04.113000,418.89212683116847,100
2024-09-16 10:07:04.221000,418.90876525718846,998
2024-09-16 10:07:04.261000,418.8331031964104,9
2024-09-16 10:07:04.270000,418.84376781080334,6
2024-09-16 10:07:04.347000,418.8820384666295,103
2024-09-16 10:07:04.372000,418.8424822259438,1002
2024-09-16 10:07:04.453000,418.8455201127294,999
2024-09-16 10:07:04.471000,418.8715727966333,7
2024-09-16 10:07:04.485000,418.8710590112207,10
2024-09-16 10:07:04.494000,418.8562396516821,103
2024-09-16 10:07:04.505000,418.8684353349458,5
2024-09-16 10:07:04.569000,418.8825210242301,1001
2024-09-16 10:07:04.622000,418.84079111265896,10
2024-09-16 10:07:04.625000,418.8757596512115,100
2024-09-16 10:07:04.656000,418.873471283979,104
2024-09-16 10:07:04.722000,418.8930498144855,11
2024-09-16 10:07:04.743000,418.85070016156567,7
2024-09-16 10:07:04.844000,418.8682077073849,9
2024-09-16 10:07:04.871000,418.8633753751545,996
2024-09-16 10:07:04.904000,418.8409336243611,996
2024-09-16 10:07:04.913000,418.8476728721976,7
2024-09-16 10:07:04.983000,418.8487264151439,15
2024-09-16 10:07:06.014000,418.86895374823314,996
2024-09-16 10:07:06.023000,418.8216202919087,11
2024-09-16 10:07:06.030000,418.8913815243743,12
2024-09-16 10:07:06.068000,418.8417902525613,5
2024-09-16 10:07:06.093000,418.8131584626459,103
2024-09-16 10:07:06.249000,418.7914989972381,11
2024-09-16 10:07:06.389000,418.8870271812305,8
2024-09-16 10:07:06.413000,418.86132470861145,996
2024-09-16 10:07:06.450000,418.8135869753812,1000
2024-09-16 10:07:06.559000,418.78154244523,5
2024-09-16 10:07:06.586000,418.8744382867745,99
2024-09-16 10:07:06.622000,418.8211166491432,96
2024-09-16 10:07:06.623000,418.7728036328553,10
2024-09-16 10:07:06.665000,418.8180269459762,6
2024-09-16 10:07:06.778000,418.8939294585223,15
2024-09-16 10:07:06.781000,418.84643377755856,5
2024-09-16 10:07:06.791000,418.85724404763926,97
2024-09-16 10:07:06.792000,418.8785218268358,999
2024-09-16 10:07:06.809000,418.80131234315286,996
2024-09-16 10:07:06.818000,418.8007691865637,105
2024-09-16 10:07:06.835000,418.8913964045714,1004
2024-09-16 10:07:06.854000,418.8343785102783,999
2024-09-16 10:07:06.879000,418.87353879748827,1002
2024-09-16 10:07:06.893000,418.8748062205161,1001
2024-09-16 10:07:06.974000,418.8886687839391,99
2024-09-16 10:07:07.001000,418.85040478641946,7
2024-09-16 10:07:07.027000,418.83251740029743,103
2024-09-16 10:07:07.027000,418.8472735283324,1000
2024-09-16 10:07:07.029000,418.8600145712989,102
2024-09-16 10:07:07.061000,418.8677405483789,1000
2024-09-16 10:07:07.085000,418.85141439724407,997
2024-09-16 10:07:07.124000,418.8702564125807,995
2024-09-16 10:07:07.150000,418.87530808660296,96
2024-09-16 10:07:07.185000,418.8412690689685,995
2024-09-16 10:07:07.287000,418.8452923769116,100
2024-09-16 10:07:07.401000,418.8338512863016,99
2024-09-16 10:07:07.447000,418.87481199002144,96
2024-09-16 10:07:07.448000,418.8852466512008,102
2024-09-16 10:07:07.456000,418.87419956662296,1001
2024-09-16 10:07:07.469000,418.8746687340189,10
2024-09-16 10:07:07.498000,418.8616326035609,8
2024-09-16 10:07:07.504000,418.8699315883625,6
2024-09-16 10:07:07.581000,418.8565267785112,1000
2024-09-16 10:07:07.627000,418.8067100297705,100
2024-09-16 10:07:07.670000,418.862413740196,999
2024-09-16 10:07:07.788000,418.8780653106397,98
2024-09-16 10:07:07.803000,418.8696324656772,101
2024-09-16 10:07:07.837000,418.89378342752536,6
2024-09-16 10:07:07.891000,418.8876265441596,97
2024-09-16 10:07:07.949000,418.8554580103441,102
2024-09-16 10:07:07.995000,418.8441776617456,105
2024-09-16 10:07:08.007000,418.8739142999151,998
2024-09-16 10:07:08.018000,418.8687174061498,999
2024-09-16 10:07:08.178000,419.00833030416766,1000
2024-09-16 10:07:08.204000,418.9581341378864,105
2024-09-16 10:07:08.254000,418.8986964495107,1004
2024-09-16 10:07:08.319000,418.9221778840861,102
2024-09-16 10:07:08.467000,418.87125600494375,998
2024-09-16 10:07:08.508000,418.9870602747434,105
2024-09-16 10:07:08.518000,419.0001232218413,102
2024-09-16 10:07:08.552000,419.0047267408341,99
2024-09-16 10:07:08.637000,418.9789427808397,9
2024-09-16 10:07:08.711000,418.86390175699074,1004
2024-09-16 10:07:08.727000,418.9425608847585,1000
2024-09-16 10:07:08.891000,418.9875710227779,96
2024-09-16 10:07:09.144000,419.0130319667143,103
2024-09-16 10:07:09.179000,418.9724745438076,1005
2024-09-16 10:07:09.258000,419.00924127749033,10
2024-09-16 10:07:09.730000,419.0034549955847,7
2024-09-16 10:07:09.746000,418.9952463849888,8
2024-09-16 10:07:09.772000,418.9920017876804,98
2024-09-16 10:07:09.997000,419.00547161664986,14
2024-09-16 10:07:10.057000,418.957562954135,6
2024-09-16 10:07:10.069000,418.9829972601969,1005
2024-09-16 10:07:10.072000,418.9895763509276,9
2024-09-16 10:07:10.083000,418.9834381047146,9
2024-09-16 10:07:10.135000,418.96366718683873,105
2024-09-16 10:07:10.175000,418.9884902396663,10
2024-09-16 10:07:10.281000,418.96777201138224,14
2024-09-16 10:07:10.370000,418.9827237634751,995
2024-09-16 10:07:10.921000,418.9835297808504,103
2024-09-16 10:07:10.955000,419.024495738495,1004
2024-09-16 10:07:11.005000,419.0463472247604,6
2024-09-16 10:07:11.373000,418.9758717163553,996
2024-09-16 10:07:11.441000,418.9925642572896,10
2024-09-16 10:07:11.607000,419.02158013396433,12
2024-09-16 10:07:11.735000,419.0396731119508,995
2024-09-16 10:07:11.778000,419.0071039365865,13
2024-09-16 10:07:11.782000,418.9826743742432,105
2024-09-16 10:07:11.792000,418.9900719892895,14
2024-09-16 10:07:11.962000,418.9954665462069,15
2024-09-16 10:07:12.029000,419.06385952254345,997
2024-09-16 10:07:12.204000,419.0435209368573,5
2024-09-16 10:07:12.256000,419.0193966166258,1005
2024-09-16 10:07:12.405000,419.011141644275,12
2024-09-16 10:07:12.445000,419.0575600609154,995
2024-09-16 10:07:12.512000,419.0549603176283,12
2024-09-16 10:07:12.518000,419.0536351877067,104
2024-09-16 10:07:12.534000,419.0418210199837,15
2024-09-16 10:07:12.591000,419.0491634069581,5
2024-09-16 10:07:12.604000,419.0539730712336,103
2024-09-16 10:07:12.868000,419.0138120967873,97
2024-09-16 10:07:12.931000,419.0090484946095,999
2024-09-16 10:07:13.008000,419.00630640225535,1005
2024-09-16 10:07:13.009000,419.0223045880741,99
2024-09-16 10:07:13.021000,419.0226313752481,101
2024-09-16 10:07:13.101000,419.0614495327866,1002
2024-09-16 10:07:13.128000,419.0006166624187,999
2024-09-16 10:07:13.177000,419.04229801061126,15
2024-09-16 10:07:13.242000,419.0050590425037,12
2024-09-16 10:07:13.257000,419.0127819707304,9
2024-09-16 10:07:13.430000,419.0404525406231,995
2024-09-16 10:07:13.549000,419.0157552488192,1001
2024-09-16 10:07:13.555000,419.0254014397911,100
2024-09-16 10:07:13.573000,419.0244960687156,14
2024-09-16 10:07:13.591000,419.025736471885,95
2024-09-16 10:07:13.599000,419.0391990399104,1000
2024-09-16 10:07:13.600000,418.99962919311406,1003
2024-09-16 10:07:13.610000,419.0294320554512,98
2024-09-16 10:07:13.627000,419.0513881484428,999
2024-09-16 10:07:13.680000,419.0099324502041,97
2024-09-16 10:07:13.685000,419.0389439664479,97
2024-09-16 10:07:13.713000,419.0428167547712,12
2024-09-16 10:07:13.747000,419.0397845993028,11
2024-09-16 10:07:13.919000,419.0385812305503,14
2024-09-16 10:07:13.988000,419.0198778947383,14
2024-09-16 10:07:14.042000,419.0947419519197,97
2024-09-16 10:07:14.131000,419.0498551373178,997
2024-09-16 10:07:14.154000,419.0625573320773,103
2024-09-16 10:07:14.187000,419.0365019376428,1004
2024-09-16 10:07:14.312000,419.0974572372176,7
2024-09-16 10:07:14.312000,419.0695796582573,10
2024-09-16 10:07:14.321000,419.09716954980274,998
2024-09-16 10:07:14.323000,419.0814586712507,102
2024-09-16 10:07:14.425000,419.1081033509675,9
2024-09-16 10:07:14.509000,419.09365979688096,999
2024-09-16 10:07:14.534000,419.04740166908863,6
2024-09-16 10:07:14.584000,419.0668821469484,95
2024-09-16 10:07:14.710000,419.0845971123085,1003
2024-09-16 10:07:14.715000,419.0518023256664,1000
2024-09-16 10:07:14.732000,419.05729047857466,14
2024-09-16 10:07:14.737000,419.09150846822376,97
2024-09-16 10:07:14.790000,419.0642297097991,997
2024-09-16 10:07:14.829000,419.0565691290961,103
2024-09-16 10:07:14.943000,419.10616067377794,1001
2024-09-16 10:07:14.988000,419.0651047485672,8
2024-09-16 10:07:15.085000,419.0868667641117,1003
2024-09-16 10:07:15.090000,419.0763719740727,13
2024-09-16 10:07:15.290000,419.0883516886024,12
2024-09-16 10:07:15.423000,419.0968320518575,98
2024-09-16 10:07:15.437000,419.0798394647932,9
2024-09-16 10:07:15.462000,419.10896019609584,9
2024-09-16 10:07:15.523000,419.0813492348423,1002
2024-09-16 10:07:15.585000,419.1009072275472,1000
2024-09-16 10:07:15.874000,419.0896035324605,1003
2024-09-16 10:07:16.287000,419.1134173519278,995
2024-09-16 10:07:16.851000,419.12520834896645,98
2024-09-16 10:07:16.948000,419.11219709395743,96
2024-09-16 10:07:17.028000,419.1065408655671,95
2024-09-16 10:07:17.042000,419.13911954446127,8
2024-09-16 10:07:17.135000,419.17276633040615,95
2024-09-16 10:07:17.168000,419.1592019665077,10
2024-09-16 10:07:17.172000,419.1811448472049,7
2024-09-16 10:07:17.189000,419.19424180137344,995
2024-09-16 10:07:17.193000,419.18230001930425,9
2024-09-16 10:07:17.211000,419.09967737416656,6
2024-09-16 10:07:17.218000,419.1303968543718,95
2024-09-16 10:07:17.345000,419.1145757436759,102
2024-09-16 10:07:17.366000,419.175721486936,12
2024-09-16 10:07:17.388000,419.1009478028747,1005
2024-09-16 10:07:17.421000,419.2347005617042,1003
2024-09-16 10:07:17.526000,419.1858683839026,10
2024-09-16 10:07:17.581000,419.1604753195924,12
2024-09-16 10:07:17.602000,419.1977835310432,97
2024-09-16 10:07:17.619000,419.1286179453308,99
2024-09-16 10:07:17.635000,419.1277540580159,104
2024-09-16 10:07:17.659000,419.1393458180356,96
2024-09-16 10:07:17.668000,419.111580332708,6
2024-09-16 10:07:17.694000,419.1832202546366,101
2024-09-16 10:07:17.778000,419.16111413238633,995
2024-09-16 10:07:17.800000,419.1729068570469,996
2024-09-16 10:07:17.833000,419.1664715730293,14
2024-09-16 10:07:17.855000,419.15089819418927,9
2024-09-16 10:07:17.860000,419.204641418451,1005
2024-09-16 10:07:17.935000,419.17215168470415,14
2024-09-16 10:07:17.979000,419.23565144942654,97
2024-09-16 10:07:17.989000,419.22128351321857,7
2024-09-16 10:07:18.012000,419.0758821924564,1002
2024-09-16 10:07:18.013000,419.0647786145914,11
2024-09-16 10:07:18.114000,419.0811634341848,102
2024-09-16 10:07:18.148000,419.0665374790124,997
2024-09-16 10:07:18.191000,419.0420096193099,97
2024-09-16 10:07:18.218000,419.1099389720736,1004
2024-09-16 10:07:18.249000,419.0382525695968,9
2024-09-16 10:07:18.266000,419.0695180475642,98
2024-09-16 10:07:18.276000,419.0576283873403,9
2024-09-16 10:07:18.352000,419.0376966573869,6
2024-09-16 10:07:18.396000,419.0209684479772,1002
2024-09-16 10:07:18.419000,419.0201435485632,102
2024-09-16 10:07:18.420000,419.0965858904282,8
2024-09-16 10:07:18.456000,419.12159586565446,100
2024-09-16 10:07:18.459000,419.0614547385011,103
2024-09-16 10:07:18.580000,419.04690803131433,8
2024-09-16 10:07:18.590000,419.150610052135,999
2024-09-16 10:07:18.698000,419.0428108607616,1000
2024-09-16 10:07:18.745000,419.0920274817792,6
2024-09-16 10:07:18.899000,419.1166749458133,15
2024-09-16 10:07:18.900000,419.1394618509581,996
2024-09-16 10:07:18.950000,419.0335131471912,101
2024-09-16 10:07:18.963000,419.08912115951966,1005
2024-09-16 10:07:18.968000,419.0546188529357,996
2024-09-16 10:07:19.080000,419.0338013129698,11
2024-09-16 10:07:19.196000,419.0079319588128,998
2024-09-16 10:07:19.434000,419.0240722518372,14
2024-09-16 10:07:19.448000,419.0414999590872,5
2024-09-16 10:07:19.858000,419.04196205611873,105
2024-09-16 10:07:20.010000,418.96791204600686,101
2024-09-16 10:07:20.024000,418.96732860189456,11
2024-09-16 10:07:20.139000,418.9594944077259,997
2024-09-16 10:07:20.176000,418.9125566837155,998
2024-09-16 10:07:20.225000,418.88886525827695,1004
2024-09-16 10:07:20.303000,418.9589933706519,104
2024-09-16 10:07:20.331000,419.0021790210826,1000
2024-09-16 10:07:20.336000,418.9512716651303,12
2024-09-16 10:07:20.386000,418.9300413228943,101
2024-09-16 10:07:20.512000,418.8702618358785,98
2024-09-16 10:07:20.514000,418.89151274017365,101
2024-09-16 10:07:20.558000,418.9037499918344,997
2024-09-16 10:07:20.581000,418.8729582723907,7
2024-09-16 10:07:20.601000,418.87929321521625,5
2024-09-16 10:07:20.605000,418.9699150376129,999
2024-09-16 10:07:20.644000,418.89880164221967,1002
2024-09-16 10:07:20.657000,418.8722319949898,1000
2024-09-16 10:07:20.743000,418.8684730352515,105
2024-09-16 10:07:20.778000,418.87973907046216,95
2024-09-16 10:07:20.792000,418.9612599205374,97
2024-09-16 10:07:20.840000,418.884550562916,102
2024-09-16 10:07:20.842000,418.92463883859824,98
2024-09-16 10:07:20.868000,418.8778371194108,97
2024-09-16 10:07:20.928000,418.8975452466105,1005
2024-09-16 10:07:20.986000,418.9585588120473,1002
2024-09-16 10:07:20.989000,418.9561849932522,97
2024-09-16 10:07:21.063000,418.8339188500669,99
2024-09-16 10:07:21.101000,418.8562399426762,1003
2024-09-16 10:07:21.295000,418.86244187569895,997
2024-09-16 10:07:21.591000,418.84269541215394,6
2024-09-16 10:07:21.842000,418.8682235867009,99
2024-09-16 10:07:21.874000,418.8561478198948,998
2024-09-16 10:07:22.083000,418.8673558180954,995
2024-09-16 10:07:22.313000,418.8616804033623,995
2024-09-16 10:07:22.473000,418.8580828428073,1000
2024-09-16 10:07:22.723000,418.8563194506858,1001
2024-09-16 10:07:23.009000,418.7685652221089,11
2024-09-16 10:07:23.226000,418.86363048686,1003
2024-09-16 10:07:23.236000,418.826292122409,12
2024-09-16 10:07:23.255000,418.8338526074077,95
2024-09-16 10:07:23.285000,418.80064041305394,1005
2024-09-16 10:07:23.489000,418.8019983774264,13
2024-09-16 10:07:23.536000,418.7815244886045,1005
2024-09-16 10:07:23.664000,418.8025163416922,8
2024-09-16 10:07:23.679000,418.78726174476304,102
2024-09-16 10:07:23.743000,418.8520080660514,5
2024-09-16 10:07:24.148000,418.774210567077,7
2024-09-16 10:07:24.168000,418.7873692370276,97
2024-09-16 10:07:24.251000,418.7646405187245,97
2024-09-16 10:07:24.282000,418.7759876015671,998
2024-09-16 10:07:24.312000,418.7786007004887,1001
2024-09-16 10:07:24.354000,418.7743271989086,1000
2024-09-16 10:07:24.364000,418.7600931172013,7
2024-09-16 10:07:24.573000,418.7545756961222,104
2024-09-16 10:07:24.674000,418.76088808493074,100
2024-09-16 10:07:24.719000,418.7549427051172,12
2024-09-16 10:07:24.963000,418.75823179554885,14
2024-09-16 10:07:25.003000,418.8492115023117,1004
2024-09-16 10:07:25.047000,418.83682879816746,15
2024-09-16 10:07:25.077000,418.8511390739172,1002
2024-09-16 10:07:25.103000,418.8281942917152,996
2024-09-16 10:07:25.115000,418.8410192234031,15
2024-09-16 10:07:25.146000,418.8175041927525,7
2024-09-16 10:07:25.176000,418.8191575005832,103
2024-09-16 10:07:25.263000,418.819806694103,1005
2024-09-16 10:07:25.293000,418.8254434157863,96
2024-09-16 10:07:25.308000,418.8558563116457,99
2024-09-16 10:07:25.414000,418.80706339606434,999
2024-09-16 10:07:25.415000,418.8556514579575,99
2024-09-16 10:07:25.444000,418.85888797155087,1000
2024-09-16 10:07:25.445000,418.862418552919,12
2024-09-16 10:07:25.491000,418.84146079463983,104
2024-09-16 10:07:25.571000,418.8695668993005,99
2024-09-16 10:07:25.576000,418.8321484103585,103
2024-09-16 10:07:25.594000,418.8287240498263,10
2024-09-16 10:07:25.610000,418.8329274083365,105
2024-09-16 10:07:25.644000,418.8199183936594,96
2024-09-16 10:07:25.709000,418.8240140463703,11
2024-09-16 10:07:25.711000,418.8352664924884,1000
2024-09-16 10:07:25.892000,418.8434765062679,996
2024-09-16 10:07:25.894000,418.83066752609807,13
2024-09-16 10:07:25.927000,418.8379889774628,999
2024-09-16 10:07:26.089000,418.85228650614965,97
2024-09-16 10:07:26.133000,418.8422565531987,105
2024-09-16 10:07:26.171000,418.856875265708,102
2024-09-16 10:07:26.230000,418.860871764339,13
2024-09-16 10:07:26.290000,418.8830421995001,12
2024-09-16 10:07:26.296000,418.8556745573304,998
2024-09-16 10:07:26.299000,418.8537305188017,996
2024-09-16 10:07:26.362000,418.8711316134381,9
2024-09-16 10:07:26.370000,418.8556422844275,1001
2024-09-16 10:07:26.396000,418.8798978647902,996
2024-09-16 10:07:26.412000,418.8514004227745,1004
2024-09-16 10:07:26.458000,418.8517795057924,996
2024-09-16 10:07:26.502000,418.8526597563471,97
2024-09-16 10:07:26.531000,418.858405620202,101
2024-09-16 10:07:26.595000,418.8431072893771,104
2024-09-16 10:07:26.656000,418.8475115198163,1001
2024-09-16 10:07:26.702000,418.8498855861916,95
2024-09-16 10:07:26.750000,418.8534654157008,1002
2024-09-16 10:07:26.818000,418.8576987510408,996
2024-09-16 10:07:26.856000,418.8590144708466,998
2024-09-16 10:07:26.887000,418.8636044099682,103
2024-09-16 10:07:27.030000,418.819352664309,97
2024-09-16 10:07:27.037000,418.8342687085568,1004
2024-09-16 10:07:27.068000,418.7929455728096,95
2024-09-16 10:07:27.079000,418.825797925618,100
2024-09-16 10:07:27.150000,418.8369124144896,8
2024-09-16 10:07:27.168000,418.8177093923744,1001
2024-09-16 10:07:27.181000,418.7810105463983,13
2024-09-16 10:07:27.219000,418.7643940232916,1001
2024-09-16 10:07:27.399000,418.8244089061527,7
2024-09-16 10:07:27.466000,418.8603080366271,97
2024-09-16 10:07:27.490000,418.8598272754786,1004
2024-09-16 10:07:27.490000,418.8527371260789,1001
2024-09-16 10:07:27.579000,418.8141516039602,97
2024-09-16 10:07:27.634000,418.8327081174433,5
2024-09-16 10:07:27.655000,418.80707711927255,95
2024-09-16 10:07:27.735000,418.86475564623294,1005
2024-09-16 10:07:27.882000,418.8112272944004,96
2024-09-16 10:07:27.898000,418.8407309005608,103
2024-09-16 10:07:28.011000,418.69442255159566,8
2024-09-16 10:07:28.067000,418.6596563285535,15
2024-09-16 10:07:28.087000,418.69999021253136,999
2024-09-16 10:07:28.097000,418.6877226691946,105
2024-09-16 10:07:28.125000,418.7838341286588,996
2024-09-16 10:07:28.184000,418.7092823059506,995
2024-09-16 10:07:28.191000,418.785607508158,102
2024-09-16 10:07:28.258000,418.8044865708141,105
2024-09-16 10:07:28.317000,418.83209579231385,1003
2024-09-16 10:07:28.320000,418.72832167924463,995
2024-09-16 10:07:28.392000,418.69443302862896,6
2024-09-16 10:07:28.407000,418.68273366160935,99
2024-09-16 10:07:28.414000,418.7751797070924,100
2024-09-16 10:07:28.530000,418.7948371371313,96
2024-09-16 10:07:28.570000,418.6905062330245,102
2024-09-16 10:07:28.594000,418.8127263543158,104
2024-09-16 10:07:28.600000,418.8141695113613,103
2024-09-16 10:07:28.630000,418.7534036574195,7
2024-09-16 10:07:28.687000,418.6766420414161,997
2024-09-16 10:07:28.720000,418.7396574005507,998
2024-09-16 10:07:28.729000,418.7943509721901,101
2024-09-16 10:07:28.735000,418.69359739743487,105
2024-09-16 10:07:28.775000,418.8003373015747,998
2024-09-16 10:07:28.780000,418.69851465625504,96
2024-09-16 10:07:28.786000,418.77921678928806,103
2024-09-16 10:07:28.809000,418.76453513689154,8
2024-09-16 10:07:28.820000,418.74134876684406,9
2024-09-16 10:07:28.854000,418.76023262145736,1001
2024-09-16 10:07:28.937000,418.6963757665449,104
2024-09-16 10:07:28.938000,418.6935824374864,96
2024-09-16 10:07:29.009000,418.717822114915,13
2024-09-16 10:07:29.078000,418.7179887267622,998
2024-09-16 10:07:29.119000,418.7348645216002,105
2024-09-16 10:07:29.243000,418.7217925570106,102
2024-09-16 10:07:29.265000,418.71149838706856,1003
2024-09-16 10:07:29.315000,418.6913724872314,998
2024-09-16 10:07:29.317000,418.7018901639117,999
2024-09-16 10:07:29.324000,418.7016590674936,101
2024-09-16 10:07:29.344000,418.6911048993561,996
2024-09-16 10:07:29.358000,418.6910774557569,96
2024-09-16 10:07:29.467000,418.71144383602416,998
2024-09-16 10:07:29.469000,418.7418942980916,998
2024-09-16 10:07:29.581000,418.7079933112136,102
2024-09-16 10:07:29.663000,418.7109729076861,102
2024-09-16 10:07:29.664000,418.667956923691,7
2024-09-16 10:07:29.700000,418.7249555824527,1002
2024-09-16 10:07:29.790000,418.7062704223321,11
2024-09-16 10:07:29.832000,418.7233838886987,996
2024-09-16 10:07:29.860000,418.7020658636756,10
2024-09-16 10:07:29.867000,418.6811999081679,7
2024-09-16 10:07:29.874000,418.72529499523097,100
2024-09-16 10:07:29.943000,418.6648107879338,15
2024-09-16 10:07:30.214000,418.7205988928949,105
2024-09-16 10:07:30.254000,418.7205288238195,1005
2024-09-16 10:07:30.255000,418.7200842135388,7
2024-09-16 10:07:30.317000,418.7191112995147,998
2024-09-16 10:07:30.473000,418.71948349221645,95
2024-09-16 10:07:30.525000,418.7282934806021,7
2024-09-16 10:07:30.622000,418.7229629851897,1001
2024-09-16 10:07:30.803000,418.7332121166038,9
2024-09-16 10:07:30.824000,418.73249703114345,998
2024-09-16 10:07:31.171000,418.7094111671653,97
2024-09-16 10:07:31.641000,418.7152013197487,1004
2024-09-16 10:07:31.816000,418.7075860392347,8
2024-09-16 10:07:31.843000,418.7054224037939,95
2024-09-16 10:07:31.845000,418.7143417700171,98
2024-09-16 10:07:31.847000,418.71504645013147,999
2024-09-16 10:07:31.910000,418.7049051751746,10
2024-09-16 10:07:31.967000,418.7049225124183,7
2024-09-16 10:07:32.279000,418.7557629868394,104
2024-09-16 10:07:32.374000,418.72222468943033,5
2024-09-16 10:07:32.459000,418.7338028626963,1000
2024-09-16 10:07:32.513000,418.72790225726993,996
2024-09-16 10:07:32.574000,418.7569302627781,1000
2024-09-16 10:07:32.593000,418.7429618731663,102
2024-09-16 10:07:32.603000,418.7265548188007,5
2024-09-16 10:07:32.728000,418.7413729198808,11
2024-09-16 10:07:32.767000,418.7560367686021,997
2024-09-16 10:07:32.899000,418.7314458064257,996
2024-09-16 10:07:33.044000,418.83889412497217,100
2024-09-16 10:07:33.108000,418.8138337364144,15
2024-09-16 10:07:33.129000,418.8334858584019,8
2024-09-16 10:07:33.200000,418.7925067167142,995
2024-09-16 10:07:33.250000,418.7925884260429,102
2024-09-16 10:07:33.360000,418.7561650988898,1003
2024-09-16 10:07:33.394000,418.83707119280496,1005
2024-09-16 10:07:33.423000,418.7834909825134,995
2024-09-16 10:07:33.427000,418.8224241315999,999
2024-09-16 10:07:33.451000,418.822927148007,11
2024-09-16 10:07:33.459000,418.8382775573872,12
2024-09-16 10:07:33.466000,418.8190143671133,9
2024-09-16 10:07:33.471000,418.82653075586745,103
2024-09-16 10:07:33.471000,418.8153650063799,9
2024-09-16 10:07:33.492000,418.7775453814976,9
2024-09-16 10:07:33.502000,418.82012322978943,14
2024-09-16 10:07:33.503000,418.8030474401337,9
2024-09-16 10:07:33.518000,418.7897451369829,97
2024-09-16 10:07:33.934000,418.77952452757165,101
2024-09-16 10:07:34.028000,418.8553227497763,997
2024-09-16 10:07:34.037000,418.9825927521352,1003
2024-09-16 10:07:34.122000,418.8117372576212,1005
2024-09-16 10:07:34.256000,418.8429747044357,13
2024-09-16 10:07:34.298000,418.87349847586125,999
2024-09-16 10:07:34.322000,418.8467046747657,105
2024-09-16 10:07:34.351000,418.97976448405456,7
2024-09-16 10:07:34.371000,418.8524746739069,99
2024-09-16 10:07:34.429000,418.8595770646102,9
2024-09-16 10:07:34.444000,418.9493943165773,100
2024-09-16 10:07:34.455000,418.9581368236487,1003
2024-09-16 10:07:34.482000,418.8413293873383,996
2024-09-16 10:07:34.509000,418.91393981767686,998
2024-09-16 10:07:34.566000,418.96617151770806,10
2024-09-16 10:07:34.590000,418.8940360473833,100
2024-09-16 10:07:34.608000,418.84802039116136,95
2024-09-16 10:07:34.659000,418.97640450525455,95
2024-09-16 10:07:34.663000,418.8452659913604,11
2024-09-16 10:07:34.737000,418.8537191542278,1004
2024-09-16 10:07:34.754000,418.9443131509052,99
2024-09-16 10:07:34.820000,418.9439583055295,9
2024-09-16 10:07:34.831000,418.83513900636456,1005
2024-09-16 10:07:34.895000,418.9384429166107,99
2024-09-16 10:07:34.905000,418.8895086312787,1004
2024-09-16 10:07:34.928000,418.9350454417264,1005
2024-09-16 10:07:34.991000,418.9621514063013,98
2024-09-16 10:07:34.999000,418.92612739544086,11
2024-09-16 10:07:35.016000,418.9512102652285,105
2024-09-16 10:07:35.385000,418.96430003969607,9
2024-09-16 10:07:35.495000,418.96229362939073,98
2024-09-16 10:07:35.499000,418.9489382559463,101
2024-09-16 10:07:35.611000,418.9512413215047,95
2024-09-16 10:07:35.941000,418.94359028691,12
2024-09-16 10:07:36.036000,419.0227645242373,12
2024-09-16 10:07:36.043000,419.0179967637309,100
2024-09-16 10:07:36.057000,418.992581122899,1001
2024-09-16 10:07:36.064000,418.99190589737526,97
2024-09-16 10:07:36.138000,418.994031552327,95
2024-09-16 10:07:36.175000,419.0283076843643,96
2024-09-16 10:07:36.239000,419.0008729611246,102
2024-09-16 10:07:36.246000,419.0362090189739,5
2024-09-16 10:07:36.278000,419.007321315766,11
2024-09-16 10:07:36.302000,418.9854587514864,998
2024-09-16 10:07:36.323000,418.9874653272244,99
2024-09-16 10:07:36.343000,419.012180221928,5
2024-09-16 10:07:36.381000,418.9952432625831,6
2024-09-16 10:07:36.439000,419.0342679096594,997
2024-09-16 10:07:36.465000,419.0026993151108,6
2024-09-16 10:07:36.494000,418.9947614393938,995
2024-09-16 10:07:36.556000,418.9816442298213,14
2024-09-16 10:07:36.575000,419.0089630942877,996
2024-09-16 10:07:36.589000,418.98391422641424,10
2024-09-16 10:07:36.609000,418.9555689910335,997
2024-09-16 10:07:36.714000,419.0276673395013,101
2024-09-16 10:07:36.777000,418.9973614119577,14
2024-09-16 10:07:36.794000,419.0289248626962,1000
2024-09-16 10:07:36.816000,419.0056506856162,99
2024-09-16 10:07:36.833000,418.9941553047735,11
2024-09-16 10:07:36.872000,419.0219860683407,8
2024-09-16 10:07:36.874000,418.9859671348954,996
2024-09-16 10:07:36.885000,419.0425609602413,7
2024-09-16 10:07:36.923000,419.02161312591664,996
2024-09-16 10:07:36.967000,419.0404050566555,13
2024-09-16 10:07:37.241000,418.99731963389945,1004
2024-09-16 10:07:37.243000,418.9349901563369,101
2024-09-16 10:07:37.258000,419.01310107125215,999
2024-09-16 10:07:37.265000,418.9636441965294,1005
2024-09-16 10:07:37.265000,418.9768061030199,997
2024-09-16 10:07:37.292000,418.94129810171376,96
2024-09-16 10:07:37.313000,418.9447047935356,1003
2024-09-16 10:07:37.326000,419.0059783215125,14
2024-09-16 10:07:37.330000,418.92674379287456,9
2024-09-16 10:07:37.368000,418.9468773544411,105
2024-09-16 10:07:37.576000,418.9593352561481,102
2024-09-16 10:07:37.601000,419.0108016993467,1005
2024-09-16 10:07:37.623000,419.0052416583212,6
2024-09-16 10:07:37.801000,418.9024406832716,1005
2024-09-16 10:07:37.806000,418.9586914494532,10
2024-09-16 10:07:37.853000,418.9814583945202,1005
2024-09-16 10:07:37.895000,418.9317911350803,1004
2024-09-16 10:07:38.077000,418.9196655023498,12
2024-09-16 10:07:38.890000,418.9106375054469,100
2024-09-16 10:07:38.905000,418.89865705909847,999
2024-09-16 10:07:39.293000,418.9095857283915,12
2024-09-16 10:07:40.028000,419.0389887041117,999
2024-09-16 10:07:40.102000,418.9594149982663,96
2024-09-16 10:07:40.248000,419.0330834644724,97
2024-09-16 10:07:40.253000,419.0312473619849,12
2024-09-16 10:07:40.316000,418.9409940391868,999
2024-09-16 10:07:40.320000,419.0196168370564,98
2024-09-16 10:07:40.363000,419.02905825919686,1001
2024-09-16 10:07:40.449000,418.94932780358727,12
2024-09-16 10:07:40.507000,418.9399505054613,1005
2024-09-16 10:07:40.585000,418.98265727928543,1000
2024-09-16 10:07:40.689000,419.0277962857256,103
2024-09-16 10:07:40.771000,419.0410738658073,995
2024-09-16 10:07:40.991000,418.998214699485,1001
2024-09-16 10:07:41.019000,419.0686453924049,999
2024-09-16 10:07:41.021000,419.0452508578966,11
2024-09-16 10:07:41.096000,419.0350127352672,7
2024-09-16 10:07:41.139000,419.0529220118117,101
2024-09-16 10:07:41.397000,419.06915040270985,14
2024-09-16 10:07:41.555000,419.0532146838571,102
2024-09-16 10:07:41.663000,419.056489971296,105
2024-09-16 10:07:41.680000,419.05071528734265,100
2024-09-16 10:07:41.699000,419.0590543320753,99
2024-09-16 10:07:41.749000,419.0411755422848,98
2024-09-16 10:07:42.022000,419.2115397070903,97
2024-09-16 10:07:42.116000,419.2432949553645,102
2024-09-16 10:07:42.135000,419.2395222988548,997
2024-09-16 10:07:42.142000,419.1951924668905,98
2024-09-16 10:07:42.213000,419.0519940938266,100
2024-09-16 10:07:42.214000,419.0671593617773,1000
2024-09-16 10:07:42.241000,419.1225142166344,1002
2024-09-16 10:07:42.278000,419.15830451005615,11
2024-09-16 10:07:42.290000,419.0419420005533,998
2024-09-16 10:07:42.355000,419.2224870741158,5
2024-09-16 10:07:42.364000,419.047118748151,997
2024-09-16 10:07:42.411000,419.0542409832297,11
2024-09-16 10:07:42.461000,419.24875624560224,1004
2024-09-16 10:07:42.481000,419.0548532425572,1002
2024-09-16 10:07:42.483000,419.15696718171927,6
2024-09-16 10:07:42.485000,419.0520999548893,12
2024-09-16 10:07:42.574000,419.0551138303917,8
2024-09-16 10:07:42.582000,419.2465152276393,15
2024-09-16 10:07:42.598000,419.1242819555426,1000
2024-09-16 10:07:42.656000,419.0553791605989,97
2024-09-16 10:07:42.734000,419.1737241451535,5
2024-09-16 10:07:42.834000,419.2363809993869,10
2024-09-16 10:07:42.847000,419.1070494365332,105
2024-09-16 10:07:42.904000,419.2172737548007,995
2024-09-16 10:07:42.908000,419.21129837027655,14
2024-09-16 10:07:42.909000,419.2197626375138,11
2024-09-16 10:07:42.932000,419.12842557395686,997
2024-09-16 10:07:42.981000,419.2277151153909,105
2024-09-16 10:07:43.080000,419.1976439122424,1000
2024-09-16 10:07:43.088000,419.1960221904443,102
2024-09-16 10:07:43.458000,419.2076150911899,1003
2024-09-16 10:07:43.538000,419.2368802943898,1005
2024-09-16 10:07:43.704000,419.2368452708829,15
2024-09-16 10:07:43.799000,419.2018730438141,96
2024-09-16 10:07:43.808000,419.19561246079394,999
2024-09-16 10:07:43.854000,419.2122754729956,98
2024-09-16 10:07:43.884000,419.2048061541937,995
2024-09-16 10:07:43.987000,419.23198201386754,97
2024-09-16 10:07:43.998000,419.2155229393261,99
2024-09-16 10:07:44.322000,419.2598746648178,11
2024-09-16 10:07:44.477000,419.2517887753665,103
2024-09-16 10:07:44.584000,419.2440265514232,1004
2024-09-16 10:07:44.729000,419.2297898362465,996
2024-09-16 10:07:44.831000,419.230517938319,995
2024-09-16 10:07:44.874000,419.2633192849647,1004
2024-09-16 10:07:45.478000,419.2376779060543,1001
2024-09-16 10:07:46.050000,419.2585186104616,98
2024-09-16 10:07:46.102000,419.252900275016,1002
2024-09-16 10:07:46.192000,419.2667876964372,102
2024-09-16 10:07:46.235000,419.25804457061713,102
2024-09-16 10:07:46.338000,419.27051441477926,105
2024-09-16 10:07:46.521000,419.2560987275916,99
2024-09-16 10:07:46.557000,419.2531485618973,103
2024-09-16 10:07:46.649000,419.26389057948927,1000
2024-09-16 10:07:46.671000,419.2617714269593,98
2024-09-16 10:07:46.692000,419.235770063008,6
2024-09-16 10:07:46.711000,419.2551769788872,997
2024-09-16 10:07:46.855000,419.25420651881774,8
2024-09-16 10:07:47.070000,419.25608998891056,6
2024-09-16 10:07:47.116000,419.27030898119375,997
2024-09-16 10:07:47.189000,419.2622090895198,1005
2024-09-16 10:07:47.230000,419.248567904131,1001
2024-09-16 10:07:47.271000,419.2473551969692,999
2024-09-16 10:07:47.450000,419.2400192183798,100
2024-09-16 10:07:47.722000,419.2481575418249,6
2024-09-16 10:07:47.796000,419.2402855226515,999
2024-09-16 10:07:47.821000,419.2543462972153,1004
2024-09-16 10:07:47.934000,419.24770307684776,1003
2024-09-16 10:07:47.939000,419.246752983547,99
2024-09-16 10:07:47.968000,419.2403458052859,1000
2024-09-16 10:07:47.991000,419.250138626104,1002
2024-09-16 10:07:48.011000,419.2248557991388,996
2024-09-16 10:07:48.057000,419.175708600131,1004
2024-09-16 10:07:48.059000,419.2186700911019,11
2024-09-16 10:07:48.095000,419.2501633426589,995
2024-09-16 10:07:48.269000,419.21823250781375,101
2024-09-16 10:07:48.295000,419.23397674319193,1002
2024-09-16 10:07:48.329000,419.1511400337422,15
2024-09-16 10:07:48.426000,419.2157841406403,1005
2024-09-16 10:07:48.453000,419.2478150140231,5
2024-09-16 10:07:48.460000,419.2168651189533,14
2024-09-16 10:07:48.502000,419.2584319318794,997
2024-09-16 10:07:48.553000,419.2701395335893,102
2024-09-16 10:07:48.597000,419.2050417930182,100
2024-09-16 10:07:48.628000,419.1961674444864,1005
2024-09-16 10:07:48.662000,419.2083300621986,1000
2024-09-16 10:07:48.671000,419.2264558750544,995
2024-09-16 10:07:48.703000,419.1557213780003,8
2024-09-16 10:07:48.708000,419.2465220569443,996
2024-09-16 10:07:48.720000,419.2701505547254,7
2024-09-16 10:07:48.758000,419.2439084207752,100
2024-09-16 10:07:48.784000,419.2626525642869,11
2024-09-16 10:07:48.789000,419.1673547016435,10
2024-09-16 10:07:48.942000,419.21950453811866,100
2024-09-16 10:07:48.989000,419.2101176509176,100
2024-09-16 10:07:48.995000,419.26474050173766,1001
2024-09-16 10:07:48.997000,419.207501586261,1002
2024-09-16 10:07:49.045000,419.2296325804253,101
2024-09-16 10:07:49.354000,419.1945149577247,8
2024-09-16 10:07:49.355000,419.13607586159935,11
2024-09-16 10:07:49.370000,419.2235059617662,6
2024-09-16 10:07:49.395000,419.1321498289233,1000
2024-09-16 10:07:49.442000,419.2177286736248,105
2024-09-16 10:07:49.455000,419.1543353356207,1002
2024-09-16 10:07:49.475000,419.1223197256087,101
2024-09-16 10:07:49.531000,419.1953346075391,9
2024-09-16 10:07:49.534000,419.2345796130602,102
2024-09-16 10:07:49.544000,419.19793356652536,105
2024-09-16 10:07:49.642000,419.2071636905553,99
2024-09-16 10:07:49.710000,419.2139530366833,6
2024-09-16 10:07:49.791000,419.1376138075085,997
2024-09-16 10:07:49.854000,419.12163107299386,15
2024-09-16 10:07:49.987000,419.1371218348916,104
2024-09-16 10:07:50.021000,419.2647401172351,997
2024-09-16 10:07:50.033000,419.27556113696494,11
2024-09-16 10:07:50.034000,419.2649197568441,14
2024-09-16 10:07:50.035000,419.2879980198391,95
2024-09-16 10:07:50.040000,419.27801057818033,1002
2024-09-16 10:07:50.100000,419.2763217217469,99
2024-09-16 10:07:50.153000,419.2680285629714,999
2024-09-16 10:07:50.485000,419.275641056664,104
2024-09-16 10:07:51.041000,419.3457832676468,97
2024-09-16 10:07:51.045000,419.3991352137278,1005
2024-09-16 10:07:51.071000,419.40163598700326,105
2024-09-16 10:07:51.071000,419.3493677179697,1003
2024-09-16 10:07:51.109000,419.36593901236506,995
2024-09-16 10:07:51.138000,419.344258294312,997
2024-09-16 10:07:51.356000,419.2966189133078,998
2024-09-16 10:07:51.390000,419.3503536520398,5
2024-09-16 10:07:51.464000,419.3599972633874,102
2024-09-16 10:07:51.521000,419.2939265742332,98
2024-09-16 10:07:51.582000,419.3531194350134,999
2024-09-16 10:07:51.618000,419.3826348019064,995
2024-09-16 10:07:51.625000,419.315379489564,97
2024-09-16 10:07:51.645000,419.4052010521081,6
2024-09-16 10:07:51.736000,419.4195368130861,1005
2024-09-16 10:07:51.764000,419.3840749650325,97
2024-09-16 10:07:52.033000,419.3573959322914,5
2024-09-16 10:07:52.111000,419.361515876992,101
2024-09-16 10:07:52.269000,419.3639102221026,12
2024-09-16 10:07:52.388000,419.3887430541298,95
2024-09-16 10:07:52.591000,419.3776366820159,996
2024-09-16 10:07:52.940000,419.3665740784929,99
2024-09-16 10:07:52.951000,419.3748819399967,96
2024-09-16 10:07:53.044000,419.3139065700832,11
2024-09-16 10:07:53.125000,419.32986006444446,13
2024-09-16 10:07:53.200000,419.3289451545523,102
2024-09-16 10:07:53.216000,419.3190711896002,997
2024-09-16 10:07:53.222000,419.3248521500739,1002
2024-09-16 10:07:53.233000,419.3301001486665,105
2024-09-16 10:07:53.257000,419.3494153307123,7
2024-09-16 10:07:53.268000,419.3143525097504,11
2024-09-16 10:07:53.403000,419.3022280990303,11
2024-09-16 10:07:53.439000,419.2951919270879,1005
2024-09-16 10:07:53.453000,419.3286117230479,102
2024-09-16 10:07:53.465000,419.3123677830403,104
2024-09-16 10:07:53.498000,419.3276630523523,1005
2024-09-16 10:07:53.557000,419.3506622482848,105
2024-09-16 10:07:53.569000,419.3522640500134,99
2024-09-16 10:07:53.596000,419.3172547621823,996
2024-09-16 10:07:53.615000,419.3443725662624,998
2024-09-16 10:07:53.616000,419.30873508516527,96
2024-09-16 10:07:53.635000,419.3437479638016,98
2024-09-16 10:07:53.670000,419.3251720817465,9
2024-09-16 10:07:53.680000,419.33464030285353,1005
2024-09-16 10:07:53.706000,419.3271220037049,101
2024-09-16 10:07:53.817000,419.3485857483051,13
2024-09-16 10:07:53.853000,419.3187955761816,998
2024-09-16 10:07:53.853000,419.32291667238223,15
2024-09-16 10:07:53.860000,419.324746425781,98
2024-09-16 10:07:53.894000,419.3045768103405,95
2024-09-16 10:07:53.902000,419.3725107540653,103
2024-09-16 10:07:53.993000,419.3192153082429,8
2024-09-16 10:07:53.993000,419.3389049074869,96
2024-09-16 10:07:54.139000,419.3770456912208,99
2024-09-16 10:07:55.030000,419.4044769465328,101
2024-09-16 10:07:55.040000,419.3938931430738,7
2024-09-16 10:07:55.042000,419.3594419131137,999
2024-09-16 10:07:55.050000,419.3617806743845,1004
2024-09-16 10:07:55.202000,419.4007788643103,1004
2024-09-16 10:07:55.208000,419.3873169370291,10
2024-09-16 10:07:55.224000,419.4299096454715,999
2024-09-16 10:07:55.228000,419.4329456984136,1003
2024-09-16 10:07:55.273000,419.3843677444403,95
2024-09-16 10:07:55.302000,419.4045111865519,15
2024-09-16 10:07:55.314000,419.4032074922752,995
2024-09-16 10:07:55.319000,419.3614348712037,12
2024-09-16 10:07:55.353000,419.3862495153441,101
2024-09-16 10:07:55.366000,419.36312488874967,999
2024-09-16 10:07:55.396000,419.3968389286237,97
2024-09-16 10:07:55.405000,419.4105587739688,100
2024-09-16 10:07:55.409000,419.41458734208027,995
2024-09-16 10:07:55.412000,419.3720219268116,99
2024-09-16 10:07:55.593000,419.4167728369554,14
2024-09-16 10:07:55.684000,419.40365072686495,104
2024-09-16 10:07:55.787000,419.3774440920147,998
2024-09-16 10:07:55.825000,419.42550465996993,98
2024-09-16 10:07:55.850000,419.3679093168501,8
2024-09-16 10:07:55.878000,419.3973794610119,11
2024-09-16 10:07:55.910000,419.4248279012554,1000
2024-09-16 10:07:55.942000,419.38871642971066,101
2024-09-16 10:07:55.980000,419.4086696309477,97
2024-09-16 10:07:56.009000,419.363627877401,7
2024-09-16 10:07:56.019000,419.3368555580441,9
2024-09-16 10:07:56.028000,419.3383291478087,95
2024-09-16 10:07:56.095000,419.38805113853016,104
2024-09-16 10:07:56.128000,419.30973988623646,13
2024-09-16 10:07:56.142000,419.3425153036303,5
2024-09-16 10:07:56.179000,419.3515966006329,1002
2024-09-16 10:07:56.214000,419.3334571002501,95
2024-09-16 10:07:56.248000,419.33141294383296,9
2024-09-16 10:07:56.314000,419.31521638413307,1000
2024-09-16 10:07:56.328000,419.3486213393095,10
2024-09-16 10:07:56.335000,419.3066906152585,5
2024-09-16 10:07:56.361000,419.31331553189824,14
2024-09-16 10:07:56.371000,419.3504010485021,9
2024-09-16 10:07:56.402000,419.3101354428184,97
2024-09-16 10:07:56.409000,419.32743150135,1001
2024-09-16 10:07:56.451000,419.3293025257314,99
2024-09-16 10:07:56.596000,419.3282505395003,99
2024-09-16 10:07:56.617000,419.3081783587885,10
2024-09-16 10:07:56.666000,419.35368417182127,1004
2024-09-16 10:07:56.776000,419.3554098695559,95
2024-09-16 10:07:56.793000,419.36013021613,96
2024-09-16 10:07:57.187000,419.3040005834459,1001
2024-09-16 10:07:57.219000,419.28851592456647,100
2024-09-16 10:07:57.290000,419.3159452315953,996
2024-09-16 10:07:57.363000,419.3243755740444,1000
2024-09-16 10:07:57.496000,419.27395922236633,6
2024-09-16 10:07:57.674000,419.3240417877704,5
2024-09-16 10:07:57.696000,419.2714129318414,995
2024-09-16 10:07:57.829000,419.29099216156266,14
2024-09-16 10:07:57.893000,419.2770736137459,99
2024-09-16 10:07:57.999000,419.30174432876015,6
2024-09-16 10:07:58.612000,419.321014168481,1002
2024-09-16 10:07:58.916000,419.328382712512,12
2024-09-16 10:07:59.154000,419.3294682506348,10
2024-09-16 10:07:59.160000,419.3784443666454,5
2024-09-16 10:07:59.174000,419.3456215452102,105
2024-09-16 10:07:59.185000,419.37482840690205,104
2024-09-16 10:07:59.261000,419.3866666990192,998
2024-09-16 10:07:59.309000,419.3752893483513,101
2024-09-16 10:07:59.503000,419.4052108923901,996
2024-09-16 10:07:59.598000,419.3687422505719,7
2024-09-16 10:07:59.648000,419.394792999549,101
2024-09-16 10:07:59.836000,419.3929104905675,103
2024-09-16 10:07:59.871000,419.3590107426581,997
2024-09-16 10:07:59.926000,419.35938698099966,97
2024-09-16 10:07:59.939000,419.3744958992734,96
