Timestamp,Price,Size
2024-09-17 14:52:00.040000,408.3494270208743,100
2024-09-17 14:52:00.045000,408.3017625963373,997
2024-09-17 14:52:00.082000,408.35517863825936,105
2024-09-17 14:52:00.106000,408.3065611305528,998
2024-09-17 14:52:00.173000,408.3115819490255,100
2024-09-17 14:52:00.448000,408.33432324902543,96
2024-09-17 14:52:00.535000,408.3263790587068,103
2024-09-17 14:52:00.548000,408.3274309639134,999
2024-09-17 14:52:00.575000,408.3482615585828,1004
2024-09-17 14:52:00.587000,408.3366786634227,104
2024-09-17 14:52:00.718000,408.316249161457,10
2024-09-17 14:52:00.754000,408.3390088295346,996
2024-09-17 14:52:00.801000,408.3398189433635,1000
2024-09-17 14:52:00.808000,408.2985932187757,995
2024-09-17 14:52:00.916000,408.36403718332775,5
2024-09-17 14:52:00.934000,408.31626172961177,997
2024-09-17 14:52:01.008000,408.445064772466,1000
2024-09-17 14:52:01.012000,408.38001512467775,1002
2024-09-17 14:52:01.051000,408.441354961931,9
2024-09-17 14:52:01.090000,408.49509427541113,7
2024-09-17 14:52:01.113000,408.3301735108933,998
2024-09-17 14:52:01.136000,408.3369651646466,10
2024-09-17 14:52:01.143000,408.41148535436383,1002
2024-09-17 14:52:01.249000,408.34808562928833,5
2024-09-17 14:52:01.299000,408.3955022475675,1004
2024-09-17 14:52:01.329000,408.3336748500224,1004
2024-09-17 14:52:01.345000,408.43980915883344,100
2024-09-17 14:52:01.415000,408.429098721752,996
2024-09-17 14:52:01.416000,408.3348118228313,5
2024-09-17 14:52:01.444000,408.3341756184197,15
2024-09-17 14:52:01.459000,408.4288315124723,99
2024-09-17 14:52:01.596000,408.4838309839235,8
2024-09-17 14:52:01.599000,408.4487899965447,995
2024-09-17 14:52:01.655000,408.3659612719124,1004
2024-09-17 14:52:01.656000,408.493153053516,8
2024-09-17 14:52:01.681000,408.3466074758537,997
2024-09-17 14:52:01.696000,408.39824418442765,999
2024-09-17 14:52:01.725000,408.456445205166,10
2024-09-17 14:52:01.753000,408.33786245427575,997
2024-09-17 14:52:01.858000,408.4540925032516,104
2024-09-17 14:52:01.905000,408.3284018197668,102
2024-09-17 14:52:01.929000,408.3540742374282,14
2024-09-17 14:52:01.934000,408.33206384865406,96
2024-09-17 14:52:01.997000,408.5066247668539,1002
2024-09-17 14:52:02.136000,408.4943009853241,104
2024-09-17 14:52:02.303000,408.4871507690674,1005
2024-09-17 14:52:02.328000,408.5115837574052,103
2024-09-17 14:52:02.433000,408.5381776835284,14
2024-09-17 14:52:02.469000,408.5323865065332,10
2024-09-17 14:52:02.476000,408.4886606607017,1003
2024-09-17 14:52:02.487000,408.5392090284983,5
2024-09-17 14:52:02.529000,408.531735573077,104
2024-09-17 14:52:02.557000,408.4813314563977,1000
2024-09-17 14:52:02.604000,408.5112759897589,11
2024-09-17 14:52:02.682000,408.4762283137065,98
2024-09-17 14:52:02.737000,408.4862321727799,99
2024-09-17 14:52:02.743000,408.5129398549656,105
2024-09-17 14:52:02.755000,408.5351156519446,6
2024-09-17 14:52:02.842000,408.5182886626405,999
2024-09-17 14:52:03,408.5153431736401,95
2024-09-17 14:52:03.039000,408.5145875082723,5
2024-09-17 14:52:03.313000,408.5252286059724,996
2024-09-17 14:52:03.840000,408.51977977140336,8
2024-09-17 14:52:04.020000,408.54224440918136,1005
2024-09-17 14:52:04.036000,408.5344787778682,15
2024-09-17 14:52:04.043000,408.46997411018566,98
2024-09-17 14:52:04.067000,408.4637132579783,14
2024-09-17 14:52:04.069000,408.53121553470015,1003
2024-09-17 14:52:04.106000,408.4880279889072,8
2024-09-17 14:52:04.336000,408.5187167631759,13
2024-09-17 14:52:04.344000,408.51596135115807,99
2024-09-17 14:52:04.347000,408.47619738638167,95
2024-09-17 14:52:04.380000,408.4677893248042,15
2024-09-17 14:52:04.390000,408.5044860465649,102
2024-09-17 14:52:04.425000,408.5312791619572,103
2024-09-17 14:52:04.440000,408.4605018192304,1001
2024-09-17 14:52:04.451000,408.493099624377,1001
2024-09-17 14:52:04.477000,408.4847272133148,96
2024-09-17 14:52:04.521000,408.5193918884678,995
2024-09-17 14:52:04.539000,408.4375190711116,8
2024-09-17 14:52:04.561000,408.4701050991158,105
2024-09-17 14:52:04.705000,408.4934482048446,103
2024-09-17 14:52:04.773000,408.49296406168105,103
2024-09-17 14:52:04.916000,408.47044237428616,102
2024-09-17 14:52:04.925000,408.4610046663717,1000
2024-09-17 14:52:04.950000,408.4800547433806,103
2024-09-17 14:52:04.950000,408.4873599598413,10
2024-09-17 14:52:04.974000,408.47059662900745,1001
2024-09-17 14:52:05,408.5982986192022,12
2024-09-17 14:52:05.023000,408.5657634949183,1003
2024-09-17 14:52:05.030000,408.6033186303992,15
2024-09-17 14:52:05.083000,408.5769510495578,97
2024-09-17 14:52:05.101000,408.5692912898432,8
2024-09-17 14:52:05.139000,408.5418927124096,1000
2024-09-17 14:52:05.145000,408.57869521485577,8
2024-09-17 14:52:05.193000,408.5886313914466,96
2024-09-17 14:52:05.243000,408.5902451828637,1004
2024-09-17 14:52:05.351000,408.5750497405728,8
2024-09-17 14:52:05.352000,408.6046791559253,102
2024-09-17 14:52:05.440000,408.5621688064589,103
2024-09-17 14:52:05.496000,408.623852063609,1005
2024-09-17 14:52:05.615000,408.5848809440433,10
2024-09-17 14:52:05.629000,408.53525581122506,8
2024-09-17 14:52:05.635000,408.5733259764637,99
2024-09-17 14:52:05.701000,408.5955936889291,997
2024-09-17 14:52:05.757000,408.60221275187325,98
2024-09-17 14:52:05.796000,408.5785841858079,13
2024-09-17 14:52:05.797000,408.5763015179298,102
2024-09-17 14:52:05.856000,408.59576802407736,8
2024-09-17 14:52:05.870000,408.58043516724746,95
2024-09-17 14:52:05.873000,415.7428716612903,6
2024-09-17 14:52:05.876000,408.5905063007868,5
2024-09-17 14:52:05.901000,408.5849988735788,12
2024-09-17 14:52:05.918000,408.6210999201244,998
2024-09-17 14:52:05.945000,408.6095465675388,1003
2024-09-17 14:52:05.955000,408.54962418913095,11
2024-09-17 14:52:05.961000,408.56075249832577,5
2024-09-17 14:52:05.977000,408.5599466104327,995
2024-09-17 14:52:06.081000,408.4788928245978,103
2024-09-17 14:52:06.090000,408.4886286583844,12
2024-09-17 14:52:06.099000,408.5149530007122,998
2024-09-17 14:52:06.135000,408.5656808585898,8
2024-09-17 14:52:06.145000,408.5567764163455,102
2024-09-17 14:52:06.151000,408.52504385945815,96
2024-09-17 14:52:06.193000,408.4937632055168,8
2024-09-17 14:52:06.220000,408.5638384181135,98
2024-09-17 14:52:06.260000,408.4967063970785,10
2024-09-17 14:52:06.281000,415.7163808792562,7
2024-09-17 14:52:06.436000,408.4470211300657,995
2024-09-17 14:52:06.539000,408.5218886305311,101
2024-09-17 14:52:06.539000,408.44348536808377,1005
2024-09-17 14:52:06.578000,408.516399713,14
2024-09-17 14:52:06.589000,408.5717219365752,104
2024-09-17 14:52:06.594000,408.4921718093299,1003
2024-09-17 14:52:06.617000,408.4567326925121,998
2024-09-17 14:52:06.687000,408.4756174070473,995
2024-09-17 14:52:06.738000,408.4615251017794,14
2024-09-17 14:52:06.803000,408.461383596873,97
2024-09-17 14:52:06.832000,408.4819605609282,99
2024-09-17 14:52:06.840000,408.4459624283206,8
2024-09-17 14:52:06.916000,408.47216556869336,102
2024-09-17 14:52:06.960000,408.4819176007745,998
2024-09-17 14:52:06.974000,408.4936456451612,7
2024-09-17 14:52:07.026000,408.4937301565397,98
2024-09-17 14:52:07.061000,408.5460299699896,999
2024-09-17 14:52:07.070000,408.4940363276777,100
2024-09-17 14:52:07.093000,408.5399670780992,98
2024-09-17 14:52:07.114000,408.57146483205446,6
2024-09-17 14:52:07.124000,408.48127139721976,999
2024-09-17 14:52:07.182000,408.49797229594816,13
2024-09-17 14:52:07.202000,408.544806792227,5
2024-09-17 14:52:07.207000,408.5249959851968,14
2024-09-17 14:52:07.270000,408.5357643672224,104
2024-09-17 14:52:07.306000,408.5524812569744,15
2024-09-17 14:52:07.326000,408.5179520904565,8
2024-09-17 14:52:07.334000,408.5639021874684,1004
2024-09-17 14:52:07.337000,408.50310699265816,104
2024-09-17 14:52:07.358000,408.5482155362951,101
2024-09-17 14:52:07.402000,408.55546094113527,13
2024-09-17 14:52:07.521000,408.5580771199151,1000
2024-09-17 14:52:07.562000,408.564253385298,1005
2024-09-17 14:52:07.562000,408.5535115120912,999
2024-09-17 14:52:07.617000,408.55918708563104,99
2024-09-17 14:52:07.624000,408.5402902777093,101
2024-09-17 14:52:07.636000,408.4740028678201,10
2024-09-17 14:52:07.651000,408.589344317625,996
2024-09-17 14:52:07.775000,408.5869477450112,998
2024-09-17 14:52:07.790000,408.4850773476626,996
2024-09-17 14:52:07.903000,408.5612002459062,15
2024-09-17 14:52:07.976000,408.5603623108444,97
2024-09-17 14:52:07.996000,408.56879157581767,996
2024-09-17 14:52:08.005000,408.6117892132168,13
2024-09-17 14:52:08.028000,408.56576763434464,15
2024-09-17 14:52:08.052000,408.6192416834205,104
2024-09-17 14:52:08.170000,408.5804055455391,95
2024-09-17 14:52:08.191000,408.609121508942,995
2024-09-17 14:52:08.272000,408.617451509034,15
2024-09-17 14:52:08.355000,408.5778619468082,1004
2024-09-17 14:52:08.369000,408.596130743113,1000
2024-09-17 14:52:08.394000,408.6031605048203,12
2024-09-17 14:52:08.440000,408.5987154953739,103
2024-09-17 14:52:08.522000,408.5858802012818,1005
2024-09-17 14:52:08.695000,408.58408771241375,997
2024-09-17 14:52:08.725000,408.5950174971345,1002
2024-09-17 14:52:08.799000,408.6075465735327,9
2024-09-17 14:52:10.006000,408.5829514265272,13
2024-09-17 14:52:10.038000,408.5685686478521,1000
2024-09-17 14:52:10.144000,408.5707954667318,98
2024-09-17 14:52:10.158000,408.5511591693561,97
2024-09-17 14:52:10.327000,408.5022212366432,6
2024-09-17 14:52:10.394000,408.5603089300349,103
2024-09-17 14:52:10.405000,408.5282527264048,101
2024-09-17 14:52:10.452000,408.59729718917856,5
2024-09-17 14:52:10.677000,408.551817495372,104
2024-09-17 14:52:10.708000,408.54616187858494,13
2024-09-17 14:52:10.751000,408.5859793227987,9
2024-09-17 14:52:10.870000,408.5604901344429,997
2024-09-17 14:52:11.039000,408.452570860765,104
2024-09-17 14:52:11.114000,408.43159288392746,1003
2024-09-17 14:52:11.120000,408.4410369833304,10
2024-09-17 14:52:11.163000,408.44240519911466,996
2024-09-17 14:52:11.179000,408.4371622204416,997
2024-09-17 14:52:11.241000,408.4461310503453,995
2024-09-17 14:52:11.260000,408.42726007617694,1003
2024-09-17 14:52:11.303000,408.47989647032256,15
2024-09-17 14:52:11.383000,408.4429157636316,1000
2024-09-17 14:52:11.488000,408.4300035156263,8
2024-09-17 14:52:11.519000,408.4335973985745,5
2024-09-17 14:52:11.550000,408.4766130263147,997
2024-09-17 14:52:11.559000,408.44176012585706,97
2024-09-17 14:52:11.649000,408.4340499316959,5
2024-09-17 14:52:11.788000,408.4284258447837,13
2024-09-17 14:52:12.420000,408.42791857677184,1001
2024-09-17 14:52:13.012000,408.4228682573623,95
2024-09-17 14:52:13.051000,408.422052346454,102
2024-09-17 14:52:13.071000,408.3763722005318,1000
2024-09-17 14:52:13.097000,408.410776577629,6
2024-09-17 14:52:13.133000,408.4177778877629,1002
2024-09-17 14:52:13.169000,408.4268407972966,1004
2024-09-17 14:52:13.276000,408.3628357040501,13
2024-09-17 14:52:13.325000,408.3642272195637,100
2024-09-17 14:52:13.352000,408.3609051381382,14
2024-09-17 14:52:13.431000,408.367315603564,96
2024-09-17 14:52:13.487000,408.3336518603196,1002
2024-09-17 14:52:13.495000,408.43217209369885,6
2024-09-17 14:52:13.571000,408.3546415267585,100
2024-09-17 14:52:13.613000,408.3659212921542,995
2024-09-17 14:52:13.631000,408.391227276525,102
2024-09-17 14:52:13.643000,408.4217751725717,1003
2024-09-17 14:52:13.679000,408.36721853607145,10
2024-09-17 14:52:13.736000,408.4006614802455,14
2024-09-17 14:52:13.742000,408.3585918639198,997
2024-09-17 14:52:13.816000,408.41850906499417,6
2024-09-17 14:52:13.824000,408.3639682001791,998
2024-09-17 14:52:13.835000,408.4038090787535,11
2024-09-17 14:52:13.851000,408.3809580781537,1002
2024-09-17 14:52:13.857000,408.3646852052824,13
2024-09-17 14:52:13.878000,408.4155372992587,15
2024-09-17 14:52:13.904000,408.3432355623532,997
2024-09-17 14:52:13.951000,408.3680528595898,998
2024-09-17 14:52:13.998000,408.3553098370608,98
2024-09-17 14:52:14.013000,408.4337059943463,998
2024-09-17 14:52:14.101000,408.43022414406136,105
2024-09-17 14:52:14.120000,408.48275394674624,15
2024-09-17 14:52:14.242000,408.3977756479756,1004
2024-09-17 14:52:14.270000,408.4910512885424,104
2024-09-17 14:52:14.283000,408.4071121170291,96
2024-09-17 14:52:14.287000,408.3882643737691,99
2024-09-17 14:52:14.321000,408.4294954982629,95
2024-09-17 14:52:14.419000,408.3542331421777,105
2024-09-17 14:52:14.420000,408.4025280567791,999
2024-09-17 14:52:14.434000,408.4482938908021,1002
2024-09-17 14:52:14.440000,408.40324145868175,104
2024-09-17 14:52:14.448000,408.4795956649127,997
2024-09-17 14:52:14.473000,408.43415330960914,101
2024-09-17 14:52:14.538000,408.4165111515888,1005
2024-09-17 14:52:14.549000,408.38912960145774,15
2024-09-17 14:52:14.611000,408.414229877053,97
2024-09-17 14:52:14.717000,408.3692480809127,1005
2024-09-17 14:52:14.733000,408.4268160661978,98
2024-09-17 14:52:14.780000,408.495468050593,98
2024-09-17 14:52:14.791000,408.3657867347534,97
2024-09-17 14:52:14.797000,408.4283450873157,95
2024-09-17 14:52:14.800000,408.35150734807473,11
2024-09-17 14:52:14.819000,408.3753522122214,103
2024-09-17 14:52:14.836000,408.46576669183554,14
2024-09-17 14:52:14.948000,408.4143699612203,102
2024-09-17 14:52:14.978000,408.4308593341233,995
2024-09-17 14:52:14.979000,408.46616065605104,1002
2024-09-17 14:52:15.013000,408.4484598430908,98
2024-09-17 14:52:15.062000,408.4228393711391,104
2024-09-17 14:52:15.192000,408.44321944215307,96
2024-09-17 14:52:15.237000,408.4277660346549,101
2024-09-17 14:52:15.270000,408.4339724001524,100
2024-09-17 14:52:15.308000,408.449378105479,997
2024-09-17 14:52:15.309000,408.4558209612986,1005
2024-09-17 14:52:15.357000,408.4255182956762,996
2024-09-17 14:52:15.465000,408.46318390430616,1004
2024-09-17 14:52:15.514000,408.46222238495216,1000
2024-09-17 14:52:15.576000,408.44580198568246,12
2024-09-17 14:52:15.639000,408.44134062783,1003
2024-09-17 14:52:15.651000,408.4629397751932,104
2024-09-17 14:52:15.701000,408.4645908801433,103
2024-09-17 14:52:15.793000,408.4345985496857,11
2024-09-17 14:52:15.874000,408.4323094215022,9
2024-09-17 14:52:15.996000,408.4498185060394,996
2024-09-17 14:52:16.038000,408.4752136679615,7
2024-09-17 14:52:16.060000,408.4549246664074,997
2024-09-17 14:52:16.064000,408.4513771402375,1004
2024-09-17 14:52:16.170000,408.5042382258766,98
2024-09-17 14:52:16.222000,408.5069828252478,98
2024-09-17 14:52:16.274000,408.46704300197024,1004
2024-09-17 14:52:16.301000,408.4656976372048,104
2024-09-17 14:52:16.318000,408.4626983734594,8
2024-09-17 14:52:16.382000,408.4753461786525,96
2024-09-17 14:52:16.431000,408.46962406662846,998
2024-09-17 14:52:16.434000,408.4773288099183,1002
2024-09-17 14:52:16.442000,408.4695141104392,96
2024-09-17 14:52:16.444000,408.4966728532066,104
2024-09-17 14:52:16.464000,408.4732182435709,1000
2024-09-17 14:52:16.677000,408.4552096027253,101
2024-09-17 14:52:16.867000,408.5250774439683,1000
2024-09-17 14:52:16.875000,408.48525620936,13
2024-09-17 14:52:16.883000,408.4709330846396,6
2024-09-17 14:52:16.899000,408.4604810969426,11
2024-09-17 14:52:16.989000,408.471973454579,105
2024-09-17 14:52:17.194000,415.8385417713214,997
2024-09-17 14:52:17.483000,408.5138615129698,105
2024-09-17 14:52:18.046000,408.5100981738056,1003
2024-09-17 14:52:18.074000,408.5201821830719,999
2024-09-17 14:52:18.099000,408.5177819550369,15
2024-09-17 14:52:18.194000,408.4908104619013,5
2024-09-17 14:52:18.194000,408.5320541177195,998
2024-09-17 14:52:18.248000,408.4984138669881,10
2024-09-17 14:52:18.327000,408.49224187170313,104
2024-09-17 14:52:18.352000,408.52956333718254,104
2024-09-17 14:52:18.474000,408.49263578645656,1005
2024-09-17 14:52:18.502000,408.4961791384387,996
2024-09-17 14:52:18.534000,408.5186287371889,999
2024-09-17 14:52:18.597000,408.5275391556544,105
2024-09-17 14:52:18.620000,408.5235620704957,99
2024-09-17 14:52:18.675000,408.5216051241917,995
2024-09-17 14:52:18.691000,408.5114806563315,101
2024-09-17 14:52:18.693000,408.5137171403079,96
2024-09-17 14:52:18.707000,408.4976704571435,997
2024-09-17 14:52:18.769000,408.4979707702469,7
2024-09-17 14:52:18.814000,408.50693590414966,997
2024-09-17 14:52:18.973000,408.50236642994366,96
2024-09-17 14:52:19.002000,408.4978235255203,996
2024-09-17 14:52:19.051000,408.5170418766908,995
2024-09-17 14:52:19.085000,408.5038166327178,10
2024-09-17 14:52:19.087000,408.5059053582204,100
2024-09-17 14:52:19.102000,408.5161041597714,104
2024-09-17 14:52:19.113000,408.513698183862,995
2024-09-17 14:52:19.245000,408.4691808525896,15
2024-09-17 14:52:19.277000,408.4517350292259,1002
2024-09-17 14:52:19.308000,408.4416203842777,100
2024-09-17 14:52:19.363000,408.4724870079893,102
2024-09-17 14:52:19.366000,408.50666041251776,5
2024-09-17 14:52:19.509000,408.5031418632608,6
2024-09-17 14:52:19.540000,408.4489879429596,8
2024-09-17 14:52:19.551000,408.5018379443716,998
2024-09-17 14:52:19.605000,408.468980602292,100
2024-09-17 14:52:19.721000,408.4665920661535,13
2024-09-17 14:52:19.729000,408.4455173595842,12
2024-09-17 14:52:19.787000,408.43073029645393,15
2024-09-17 14:52:19.796000,408.52618108102286,7
2024-09-17 14:52:19.836000,408.5254030404642,1004
2024-09-17 14:52:19.841000,408.4566589331245,1003
2024-09-17 14:52:19.912000,408.5249735110044,14
2024-09-17 14:52:20.049000,408.44501969672166,1004
2024-09-17 14:52:20.202000,408.4924732371209,14
2024-09-17 14:52:20.203000,408.4927227014692,1000
2024-09-17 14:52:20.230000,408.499448048704,99
2024-09-17 14:52:20.295000,408.4411956733712,14
2024-09-17 14:52:20.726000,408.4853201678236,96
2024-09-17 14:52:20.760000,408.5101864393857,1002
2024-09-17 14:52:20.795000,408.4501984153385,8
2024-09-17 14:52:20.804000,408.4953409889721,1002
2024-09-17 14:52:20.911000,408.4373274443321,99
2024-09-17 14:52:21.046000,408.4853011101401,96
2024-09-17 14:52:21.102000,408.4576403158492,95
2024-09-17 14:52:21.130000,408.4600195651216,1002
2024-09-17 14:52:21.250000,408.4628243958184,97
2024-09-17 14:52:21.396000,408.47030668825545,1004
2024-09-17 14:52:21.452000,408.4420025312784,999
2024-09-17 14:52:21.507000,408.4469744950824,99
2024-09-17 14:52:21.607000,408.47301440817193,996
2024-09-17 14:52:21.669000,408.4708373472152,100
2024-09-17 14:52:21.706000,408.4647085345879,1001
2024-09-17 14:52:21.962000,408.4797517140597,102
2024-09-17 14:52:22.024000,408.6202230678066,103
2024-09-17 14:52:22.042000,408.4926663752765,99
2024-09-17 14:52:22.116000,408.6660103784615,13
2024-09-17 14:52:22.137000,408.6731999061318,1001
2024-09-17 14:52:22.215000,408.5423395621719,1000
2024-09-17 14:52:22.256000,408.6013192691134,1004
2024-09-17 14:52:22.338000,408.5587905851757,97
2024-09-17 14:52:22.409000,408.61854081324566,15
2024-09-17 14:52:22.413000,408.591057501673,102
2024-09-17 14:52:22.434000,408.6208500095439,1002
2024-09-17 14:52:22.448000,408.502655501322,10
2024-09-17 14:52:22.521000,408.699016534513,103
2024-09-17 14:52:22.555000,408.6736067426691,95
2024-09-17 14:52:22.590000,408.6099584274325,1004
2024-09-17 14:52:22.627000,408.6575073000599,11
2024-09-17 14:52:22.750000,408.5682816627946,104
2024-09-17 14:52:22.828000,408.5141198685739,1005
2024-09-17 14:52:22.841000,415.7937843446664,102
2024-09-17 14:52:22.852000,408.594055215253,96
2024-09-17 14:52:22.875000,408.58546004665,11
2024-09-17 14:52:22.876000,408.6851182413239,997
2024-09-17 14:52:22.908000,408.5919203435556,999
2024-09-17 14:52:22.933000,408.5874127742577,5
2024-09-17 14:52:22.949000,408.6261575306291,13
2024-09-17 14:52:22.972000,408.6779334507353,100
2024-09-17 14:52:23.379000,408.7160454682,95
2024-09-17 14:52:23.606000,408.7377121491669,95
2024-09-17 14:52:23.612000,408.7086658494714,96
2024-09-17 14:52:23.696000,408.72238170143663,97
2024-09-17 14:52:23.774000,408.7411847816209,1004
2024-09-17 14:52:23.841000,408.7254627071695,14
2024-09-17 14:52:23.924000,408.7282554331301,11
2024-09-17 14:52:24.112000,408.7500740181871,11
2024-09-17 14:52:24.140000,408.7710424531915,9
2024-09-17 14:52:24.239000,408.7757956680922,1001
2024-09-17 14:52:24.278000,408.7469698435251,6
2024-09-17 14:52:24.330000,408.75414295709015,7
2024-09-17 14:52:24.448000,408.7844595732008,9
2024-09-17 14:52:24.620000,408.7463706817777,96
2024-09-17 14:52:24.868000,408.7648220542632,99
2024-09-17 14:52:24.897000,408.7681822543667,96
2024-09-17 14:52:24.975000,408.77662251755856,99
2024-09-17 14:52:25.003000,408.726923418892,1003
2024-09-17 14:52:25.005000,408.7665276250294,8
2024-09-17 14:52:25.079000,408.7290430797292,11
2024-09-17 14:52:25.138000,408.7799272921914,1001
2024-09-17 14:52:25.288000,408.74874678665134,1005
2024-09-17 14:52:25.367000,408.7377885428508,997
2024-09-17 14:52:25.460000,408.78696591518377,1001
2024-09-17 14:52:25.600000,408.7573852686312,996
2024-09-17 14:52:25.613000,408.7499795409232,14
2024-09-17 14:52:25.621000,408.7491968225535,1002
2024-09-17 14:52:25.633000,408.731187310044,13
2024-09-17 14:52:25.642000,408.78132782285365,996
2024-09-17 14:52:25.657000,408.7746645618672,12
2024-09-17 14:52:25.678000,408.79982123236255,103
2024-09-17 14:52:25.752000,408.7910489602114,10
2024-09-17 14:52:25.783000,408.7360980672406,6
2024-09-17 14:52:25.809000,408.79584111103054,999
2024-09-17 14:52:25.811000,408.774202873784,1004
2024-09-17 14:52:25.953000,408.74096970084304,1001
2024-09-17 14:52:25.954000,408.7941131995005,98
2024-09-17 14:52:25.969000,408.7894019032372,7
2024-09-17 14:52:25.988000,408.7672531581865,999
2024-09-17 14:52:25.991000,408.8074150485549,7
2024-09-17 14:52:26.043000,408.8338232042461,104
2024-09-17 14:52:26.124000,408.85535912836457,5
2024-09-17 14:52:26.237000,408.8409039111235,9
2024-09-17 14:52:26.604000,408.7889909805685,96
2024-09-17 14:52:26.676000,408.79814526936536,1003
2024-09-17 14:52:26.676000,408.8504469444719,102
2024-09-17 14:52:26.820000,408.8418026017577,998
2024-09-17 14:52:26.859000,408.81744452300495,99
2024-09-17 14:52:26.938000,408.8611151064073,11
2024-09-17 14:52:26.972000,408.81777355522337,98
2024-09-17 14:52:27.034000,408.8693374796492,97
2024-09-17 14:52:29.019000,408.8356150815443,98
2024-09-17 14:52:29.085000,408.87927098642297,6
2024-09-17 14:52:29.100000,408.85387044351216,11
2024-09-17 14:52:29.151000,408.8870764023853,11
2024-09-17 14:52:29.202000,408.85353391385615,95
2024-09-17 14:52:29.242000,408.8335615041357,1001
2024-09-17 14:52:29.303000,408.8819336535199,98
2024-09-17 14:52:29.325000,408.88988985716594,102
2024-09-17 14:52:29.452000,408.85560599641815,13
2024-09-17 14:52:29.458000,408.8434912439936,1003
2024-09-17 14:52:29.490000,408.8533661095792,99
2024-09-17 14:52:29.509000,408.88727895864224,998
2024-09-17 14:52:29.531000,408.88779183846447,998
2024-09-17 14:52:29.570000,408.8459847136255,10
2024-09-17 14:52:29.662000,408.8487660650517,105
2024-09-17 14:52:29.771000,408.84299929959934,95
2024-09-17 14:52:29.777000,408.8589074524841,997
2024-09-17 14:52:29.844000,408.8528736123564,6
2024-09-17 14:52:29.880000,408.84197201803175,104
2024-09-17 14:52:29.937000,408.8370190183945,1000
2024-09-17 14:52:29.951000,408.8264273958538,1003
2024-09-17 14:52:29.954000,408.8644004100885,999
2024-09-17 14:52:30.202000,408.8185061392184,9
2024-09-17 14:52:30.257000,408.85371758256537,100
2024-09-17 14:52:30.305000,408.8459355278068,14
2024-09-17 14:52:30.313000,408.8598119611913,100
2024-09-17 14:52:30.315000,408.85271863870696,14
2024-09-17 14:52:30.331000,408.8512348681626,1000
2024-09-17 14:52:30.332000,408.84431151571135,997
2024-09-17 14:52:30.333000,408.8334054411261,102
2024-09-17 14:52:30.466000,408.8485616504896,13
2024-09-17 14:52:30.537000,408.850540288996,13
2024-09-17 14:52:30.636000,408.8488473796809,13
2024-09-17 14:52:30.701000,408.8353990645636,998
2024-09-17 14:52:30.710000,408.8213553061499,5
2024-09-17 14:52:30.777000,408.83587431944585,11
2024-09-17 14:52:30.791000,408.8399453239666,1004
2024-09-17 14:52:30.830000,408.8582605554363,996
2024-09-17 14:52:30.844000,408.8386776717339,10
2024-09-17 14:52:30.866000,408.8551394148729,1003
2024-09-17 14:52:30.877000,408.8389523763719,1004
2024-09-17 14:52:30.901000,408.83725777400105,1004
2024-09-17 14:52:30.927000,408.8366173950415,95
2024-09-17 14:52:30.958000,408.827644271808,1005
2024-09-17 14:52:30.963000,408.8249201109792,999
2024-09-17 14:52:30.998000,408.8238949372281,1001
2024-09-17 14:52:31.027000,408.8987536252274,101
2024-09-17 14:52:31.063000,408.89832487160805,102
2024-09-17 14:52:31.094000,408.86483485407047,998
2024-09-17 14:52:31.138000,408.8577597585345,1001
2024-09-17 14:52:31.296000,408.8642901209314,95
2024-09-17 14:52:31.344000,408.8596167882556,102
2024-09-17 14:52:31.355000,408.87842311761256,99
2024-09-17 14:52:31.374000,408.85971983253694,98
2024-09-17 14:52:31.384000,408.8471867462058,96
2024-09-17 14:52:31.414000,408.8719194459429,998
2024-09-17 14:52:31.454000,408.85512931136265,15
2024-09-17 14:52:31.475000,408.8532778190939,998
2024-09-17 14:52:31.478000,408.87139724257867,6
2024-09-17 14:52:31.617000,408.8610366837712,102
2024-09-17 14:52:31.640000,408.8549484257689,15
2024-09-17 14:52:31.664000,408.88209153617447,104
2024-09-17 14:52:31.698000,408.8861040868,103
2024-09-17 14:52:31.757000,408.8476366138774,999
2024-09-17 14:52:31.779000,408.8999617273548,99
2024-09-17 14:52:31.818000,408.8453506020388,101
2024-09-17 14:52:31.856000,408.82750714622136,1001
2024-09-17 14:52:31.857000,408.87858199864144,95
2024-09-17 14:52:31.902000,408.83246869683865,13
2024-09-17 14:52:31.906000,408.8596567011127,1004
2024-09-17 14:52:31.925000,408.86534938101727,10
2024-09-17 14:52:31.977000,408.8864816273387,7
2024-09-17 14:52:31.992000,408.8643430187518,102
2024-09-17 14:52:32.469000,408.8848617797659,98
2024-09-17 14:52:32.501000,408.8821757155712,6
2024-09-17 14:52:32.540000,408.8804842049821,96
2024-09-17 14:52:33.339000,408.8983534736972,1005
2024-09-17 14:52:33.390000,408.8935836189673,1004
2024-09-17 14:52:33.395000,408.907473593079,105
2024-09-17 14:52:33.402000,408.9036554488677,1003
2024-09-17 14:52:33.572000,408.9175623619354,5
2024-09-17 14:52:33.654000,408.8932598071651,14
2024-09-17 14:52:33.868000,408.91873295472624,1001
2024-09-17 14:52:33.977000,408.9017824392822,9
2024-09-17 14:52:34.013000,408.9120349540698,997
2024-09-17 14:52:34.023000,408.9596275584793,5
2024-09-17 14:52:34.055000,408.95612357104,95
2024-09-17 14:52:34.194000,408.9613186465549,997
2024-09-17 14:52:34.202000,408.9592545651493,101
2024-09-17 14:52:34.300000,408.94139130918205,1001
2024-09-17 14:52:34.330000,408.95984309270335,7
2024-09-17 14:52:34.345000,408.9339001611778,6
2024-09-17 14:52:34.392000,408.9478284246112,96
2024-09-17 14:52:34.422000,408.9346016384922,5
2024-09-17 14:52:34.451000,408.95391016273686,97
2024-09-17 14:52:34.462000,408.9463539719141,999
2024-09-17 14:52:34.524000,408.93035939305366,12
2024-09-17 14:52:34.586000,408.9806889819207,7
2024-09-17 14:52:34.610000,408.9557612318277,997
2024-09-17 14:52:34.687000,408.93849488126006,1003
2024-09-17 14:52:34.706000,408.95430864214114,100
2024-09-17 14:52:34.721000,408.9320080331689,103
2024-09-17 14:52:34.725000,408.97210803561984,1003
2024-09-17 14:52:34.776000,408.95381738998657,1005
2024-09-17 14:52:34.777000,408.9505506210585,96
2024-09-17 14:52:34.813000,408.9238412702642,999
2024-09-17 14:52:34.877000,408.9568398251394,104
2024-09-17 14:52:34.922000,408.9473256216609,14
2024-09-17 14:52:34.942000,408.9422074598388,15
2024-09-17 14:52:34.991000,408.9347161100311,95
2024-09-17 14:52:35.062000,408.9329973678202,9
2024-09-17 14:52:35.067000,409.02541093299584,101
2024-09-17 14:52:35.149000,408.9524227483044,104
2024-09-17 14:52:35.238000,408.96899617204986,100
2024-09-17 14:52:35.258000,409.0097182639033,105
2024-09-17 14:52:35.310000,409.016540316643,96
2024-09-17 14:52:35.375000,409.01452302739057,1005
2024-09-17 14:52:35.412000,408.9436552019689,102
2024-09-17 14:52:35.443000,409.00363718605774,103
2024-09-17 14:52:35.456000,409.0027848036031,97
2024-09-17 14:52:35.516000,408.96089102347565,8
2024-09-17 14:52:35.520000,409.0263871304472,10
2024-09-17 14:52:35.581000,409.0171443176546,14
2024-09-17 14:52:35.650000,409.0070087028337,102
2024-09-17 14:52:35.685000,409.01083050574624,102
2024-09-17 14:52:35.787000,409.0158789053559,997
2024-09-17 14:52:35.790000,409.02048814608816,9
2024-09-17 14:52:35.808000,408.9690450757059,1004
2024-09-17 14:52:35.820000,409.0023332006633,96
2024-09-17 14:52:35.848000,408.93729700646014,1004
2024-09-17 14:52:35.849000,408.9367982008753,998
2024-09-17 14:52:35.853000,408.9831723736015,102
2024-09-17 14:52:35.870000,409.0124109287746,98
2024-09-17 14:52:35.873000,408.9851156940114,999
2024-09-17 14:52:35.874000,409.0007978915176,103
2024-09-17 14:52:35.890000,408.99319488841314,12
2024-09-17 14:52:35.900000,408.9293580562504,96
2024-09-17 14:52:35.960000,409.00147557946457,95
2024-09-17 14:52:35.987000,408.99593906370166,98
2024-09-17 14:52:36.025000,409.0701584136997,105
2024-09-17 14:52:36.027000,409.0120597035219,99
2024-09-17 14:52:36.181000,409.0500264593472,98
2024-09-17 14:52:36.186000,409.10365041243045,102
2024-09-17 14:52:36.201000,409.0966684512936,995
2024-09-17 14:52:36.210000,409.0321743608573,96
2024-09-17 14:52:36.219000,409.0225580927712,998
2024-09-17 14:52:36.275000,409.0919075010793,14
2024-09-17 14:52:36.318000,409.0720797345064,1000
2024-09-17 14:52:36.320000,409.08204040957565,14
2024-09-17 14:52:36.364000,409.0742050361002,9
2024-09-17 14:52:36.383000,409.0862614489648,10
2024-09-17 14:52:36.466000,409.0255988151434,1003
2024-09-17 14:52:36.507000,409.0507529715475,102
2024-09-17 14:52:36.510000,409.0908674066804,103
2024-09-17 14:52:36.566000,409.0061615242967,95
2024-09-17 14:52:36.574000,409.1045674931874,995
2024-09-17 14:52:36.723000,409.0672895252999,1001
2024-09-17 14:52:36.735000,409.0808915526351,97
2024-09-17 14:52:36.776000,409.0693835721018,13
2024-09-17 14:52:36.781000,409.08012697397976,8
2024-09-17 14:52:36.793000,409.0286524904665,97
2024-09-17 14:52:36.854000,409.0753284327619,999
2024-09-17 14:52:36.857000,409.092944243006,98
2024-09-17 14:52:36.875000,409.0576291517823,996
2024-09-17 14:52:36.879000,409.05861886717776,995
2024-09-17 14:52:36.985000,409.0554785044648,995
2024-09-17 14:52:37.018000,409.0824519902189,999
2024-09-17 14:52:37.088000,409.0413615366215,995
2024-09-17 14:52:37.123000,409.0727286414888,98
2024-09-17 14:52:37.140000,409.0646596399432,995
2024-09-17 14:52:37.160000,409.0855879785334,13
2024-09-17 14:52:37.185000,409.0824640339691,14
2024-09-17 14:52:37.217000,409.0613188535165,999
2024-09-17 14:52:37.271000,409.0574108449451,97
2024-09-17 14:52:37.365000,409.0691079022311,13
2024-09-17 14:52:37.403000,409.0449440849357,105
2024-09-17 14:52:37.476000,409.07721503833056,1003
2024-09-17 14:52:37.482000,409.0657299657209,101
2024-09-17 14:52:37.504000,409.0705563332223,1004
2024-09-17 14:52:37.508000,415.5571335370808,5
2024-09-17 14:52:37.517000,409.0724292851688,13
2024-09-17 14:52:37.574000,409.03894903761454,997
2024-09-17 14:52:37.674000,409.028024374421,101
2024-09-17 14:52:37.725000,409.0752025859265,11
2024-09-17 14:52:37.728000,409.034334626028,96
2024-09-17 14:52:37.738000,409.0672094712593,99
2024-09-17 14:52:37.807000,409.0399336027848,12
2024-09-17 14:52:37.869000,409.0279542589668,5
2024-09-17 14:52:37.885000,409.0267277349856,15
2024-09-17 14:52:37.963000,409.0200600657356,10
2024-09-17 14:52:37.975000,409.07016862552655,5
2024-09-17 14:52:37.975000,409.0390471681415,96
2024-09-17 14:52:37.982000,409.0845402565205,98
2024-09-17 14:52:38.008000,409.0802648329756,11
2024-09-17 14:52:38.282000,409.0729717741181,1001
2024-09-17 14:52:38.396000,409.0736132641459,100
2024-09-17 14:52:38.493000,409.06402350006647,9
2024-09-17 14:52:38.783000,409.0649990968506,996
2024-09-17 14:52:38.968000,409.0594539304016,995
2024-09-17 14:52:39.087000,409.1175061336768,12
2024-09-17 14:52:39.091000,409.1308588829028,9
2024-09-17 14:52:39.098000,409.1516144726944,105
2024-09-17 14:52:39.110000,409.1007718176248,1005
2024-09-17 14:52:39.137000,409.060610047511,104
2024-09-17 14:52:39.198000,409.06346937903714,97
2024-09-17 14:52:39.208000,409.061292719074,1000
2024-09-17 14:52:39.216000,409.0843472253877,104
2024-09-17 14:52:39.274000,409.11388346862856,100
2024-09-17 14:52:39.290000,409.1215374758057,7
2024-09-17 14:52:39.298000,409.12160934417545,996
2024-09-17 14:52:39.306000,409.1364081418132,8
2024-09-17 14:52:39.321000,409.0858726414686,1000
2024-09-17 14:52:39.325000,409.0652325426087,1002
2024-09-17 14:52:39.379000,409.14124409626606,97
2024-09-17 14:52:39.529000,409.0857261581742,103
2024-09-17 14:52:39.536000,409.1477660823307,98
2024-09-17 14:52:39.583000,409.1361610149666,1002
2024-09-17 14:52:39.595000,409.1361320739956,996
2024-09-17 14:52:39.673000,409.0621410667868,105
2024-09-17 14:52:39.816000,409.1190967358109,995
2024-09-17 14:52:39.894000,409.066119079809,7
2024-09-17 14:52:39.923000,409.1260242584143,103
2024-09-17 14:52:39.959000,409.0677060423839,101
2024-09-17 14:52:40.078000,409.1976097701616,997
2024-09-17 14:52:40.159000,409.1339838614472,103
2024-09-17 14:52:40.175000,409.176350308965,7
2024-09-17 14:52:40.190000,409.205009482896,104
2024-09-17 14:52:40.205000,409.2106476865416,96
2024-09-17 14:52:40.276000,409.1762893581459,999
2024-09-17 14:52:40.285000,409.1900196138735,998
2024-09-17 14:52:40.370000,409.2048478911301,104
2024-09-17 14:52:40.495000,409.13767809379993,1003
2024-09-17 14:52:40.512000,409.2237667380788,6
2024-09-17 14:52:40.598000,409.1304535614615,11
2024-09-17 14:52:40.634000,409.15550380871935,996
2024-09-17 14:52:40.697000,409.20972686056746,11
2024-09-17 14:52:40.755000,409.2275051835936,996
2024-09-17 14:52:40.788000,409.1722060230933,995
2024-09-17 14:52:40.793000,409.18614446635047,10
2024-09-17 14:52:40.862000,409.1687101857282,102
2024-09-17 14:52:40.911000,409.1668334469749,104
2024-09-17 14:52:40.962000,409.171830939264,5
2024-09-17 14:52:40.963000,409.16728112569217,101
2024-09-17 14:52:40.986000,409.1280470552963,1004
2024-09-17 14:52:41.030000,409.2033105284814,14
2024-09-17 14:52:41.031000,409.2287597826388,1005
2024-09-17 14:52:41.039000,409.1944260549813,1003
2024-09-17 14:52:41.068000,409.2026417680078,1005
2024-09-17 14:52:41.099000,409.20506507013766,8
2024-09-17 14:52:41.105000,409.2084016353677,95
2024-09-17 14:52:41.118000,409.21332352626354,102
2024-09-17 14:52:41.120000,409.2012167266453,6
2024-09-17 14:52:41.170000,409.2287400355109,102
2024-09-17 14:52:41.210000,409.2192042991479,100
2024-09-17 14:52:41.250000,409.2236049964748,100
2024-09-17 14:52:41.402000,409.2166320988344,997
2024-09-17 14:52:41.403000,409.2226230184366,1004
2024-09-17 14:52:41.641000,409.2090619464103,101
2024-09-17 14:52:41.690000,409.2094877373717,97
2024-09-17 14:52:41.726000,409.23611139496927,996
2024-09-17 14:52:41.780000,409.1991357057906,15
2024-09-17 14:52:41.787000,409.2219916404056,1004
2024-09-17 14:52:41.811000,409.2037288891573,12
2024-09-17 14:52:41.817000,409.2442763515623,998
2024-09-17 14:52:41.871000,409.1873798944168,100
2024-09-17 14:52:41.879000,409.1923280761284,96
2024-09-17 14:52:41.897000,409.238048974952,1001
2024-09-17 14:52:41.919000,409.2321486684768,101
2024-09-17 14:52:42.015000,409.27584164757593,101
2024-09-17 14:52:42.017000,409.29783004443885,13
2024-09-17 14:52:42.018000,409.2319994015663,12
2024-09-17 14:52:42.158000,409.2902179203912,95
2024-09-17 14:52:42.185000,409.29851385187584,14
2024-09-17 14:52:42.225000,409.2093985328296,11
2024-09-17 14:52:42.227000,409.2580119115716,1003
2024-09-17 14:52:42.307000,409.2786281637633,995
2024-09-17 14:52:42.310000,409.3090124610621,998
2024-09-17 14:52:42.359000,409.2238983486054,999
2024-09-17 14:52:42.383000,409.2959026178929,9
2024-09-17 14:52:42.572000,409.2966117274838,1003
2024-09-17 14:52:42.574000,409.2463090971291,1000
2024-09-17 14:52:42.580000,409.24484801913576,997
2024-09-17 14:52:42.580000,409.3050088208219,101
2024-09-17 14:52:42.587000,409.2888264162128,103
2024-09-17 14:52:42.621000,409.2964151531077,5
2024-09-17 14:52:42.671000,409.21579516802944,1002
2024-09-17 14:52:42.689000,409.2804198293533,102
2024-09-17 14:52:42.705000,409.278441778513,9
2024-09-17 14:52:42.783000,409.208812608707,99
2024-09-17 14:52:42.838000,409.2294029926944,12
2024-09-17 14:52:42.858000,409.2337587814211,5
2024-09-17 14:52:42.858000,409.2354797125347,96
2024-09-17 14:52:42.862000,409.2928017454754,99
2024-09-17 14:52:42.878000,409.2088836564124,97
2024-09-17 14:52:42.884000,409.2869284140728,11
2024-09-17 14:52:42.899000,409.2412412122263,1003
2024-09-17 14:52:43.038000,409.2915417001372,14
2024-09-17 14:52:43.066000,409.3225078988723,1005
2024-09-17 14:52:43.117000,409.30148015672233,996
2024-09-17 14:52:43.124000,409.2939530741868,98
2024-09-17 14:52:43.148000,409.2804861778392,15
2024-09-17 14:52:43.166000,409.3049533730445,101
2024-09-17 14:52:43.205000,409.2957176042213,8
2024-09-17 14:52:43.259000,409.305343223019,100
2024-09-17 14:52:43.290000,409.3216243680921,11
2024-09-17 14:52:43.332000,409.31047320920527,102
2024-09-17 14:52:43.425000,409.3022988867978,13
2024-09-17 14:52:43.508000,409.3109539875197,1003
2024-09-17 14:52:43.542000,409.307241766901,11
2024-09-17 14:52:43.622000,409.2830597182705,97
2024-09-17 14:52:43.691000,409.27495596821547,1002
2024-09-17 14:52:43.703000,409.2691846390608,97
2024-09-17 14:52:43.755000,409.3134475769714,1001
2024-09-17 14:52:43.797000,409.282317182908,5
2024-09-17 14:52:43.803000,409.2771195494451,12
2024-09-17 14:52:43.824000,409.3171129519936,6
2024-09-17 14:52:43.861000,409.3014704287784,97
2024-09-17 14:52:43.926000,409.3330151558473,1003
2024-09-17 14:52:43.933000,409.2820363395162,98
2024-09-17 14:52:43.939000,409.3155766020605,96
2024-09-17 14:52:44.023000,409.3332650507091,1005
2024-09-17 14:52:44.195000,409.2876440275982,12
2024-09-17 14:52:44.392000,409.3236963313982,102
2024-09-17 14:52:44.449000,409.32232818003706,13
2024-09-17 14:52:44.485000,409.3070934481466,997
2024-09-17 14:52:44.518000,409.3194583324529,103
2024-09-17 14:52:44.772000,409.342926063301,98
2024-09-17 14:52:44.889000,409.2947135444439,1001
2024-09-17 14:52:45.135000,409.3005169945184,1001
2024-09-17 14:52:45.148000,409.2579635625936,13
2024-09-17 14:52:45.164000,409.3128935048654,996
2024-09-17 14:52:45.216000,409.3379941219666,96
2024-09-17 14:52:45.308000,409.3027451977524,1003
2024-09-17 14:52:45.334000,409.3256081508566,999
2024-09-17 14:52:45.343000,409.27478227287526,998
2024-09-17 14:52:45.454000,409.2806362168748,15
2024-09-17 14:52:45.581000,409.28501900478574,12
2024-09-17 14:52:45.768000,409.3312492484541,5
2024-09-17 14:52:45.783000,409.2887635754527,6
2024-09-17 14:52:45.809000,409.31177490584827,1003
2024-09-17 14:52:45.842000,409.276262360428,100
2024-09-17 14:52:45.878000,409.2909484770848,1003
2024-09-17 14:52:45.931000,409.3124524720252,7
2024-09-17 14:52:45.961000,409.32277175135926,99
2024-09-17 14:52:45.961000,409.3018509815758,999
2024-09-17 14:52:45.994000,409.270723615836,998
2024-09-17 14:52:46.291000,409.2949564852359,1003
2024-09-17 14:52:46.457000,409.30224515770976,15
2024-09-17 14:52:46.507000,409.2750353272541,1004
2024-09-17 14:52:46.633000,409.3033322490596,103
2024-09-17 14:52:46.642000,409.263424508096,105
2024-09-17 14:52:46.716000,409.23311216938777,1005
2024-09-17 14:52:46.773000,409.2341595742292,105
2024-09-17 14:52:46.791000,409.2407863543958,13
2024-09-17 14:52:46.823000,409.2348968530865,998
2024-09-17 14:52:46.861000,409.2976152032784,995
2024-09-17 14:52:46.932000,409.29372980293584,6
2024-09-17 14:52:46.934000,409.2757744508031,1004
2024-09-17 14:52:46.965000,409.24841535352414,12
2024-09-17 14:52:47.849000,415.4219734082189,8
2024-09-17 14:52:47.866000,415.4128590399827,5
2024-09-17 14:52:48.130000,409.2212645859094,101
2024-09-17 14:52:48.147000,409.2458491487597,999
2024-09-17 14:52:48.189000,409.2165889762293,98
2024-09-17 14:52:48.346000,409.21111682817,103
2024-09-17 14:52:49.263000,409.1922077215144,1000
2024-09-17 14:52:49.281000,409.2095305096941,998
2024-09-17 14:52:49.332000,409.1925260181112,1000
2024-09-17 14:52:49.447000,409.1987019105403,12
2024-09-17 14:52:49.454000,409.2276612468767,98
2024-09-17 14:52:49.460000,409.1828539109924,11
2024-09-17 14:52:49.465000,409.183302413114,1002
2024-09-17 14:52:49.524000,409.1856266463341,996
2024-09-17 14:52:49.707000,409.2004945415663,105
2024-09-17 14:52:49.725000,409.19639425704463,97
2024-09-17 14:52:49.732000,409.216632794614,5
2024-09-17 14:52:49.893000,409.1996963873797,99
2024-09-17 14:52:50.066000,409.2062881867037,11
2024-09-17 14:52:50.118000,409.2078026661591,1000
2024-09-17 14:52:50.259000,415.4134883246507,1004
2024-09-17 14:52:50.326000,409.2074817265628,1000
2024-09-17 14:52:50.504000,409.2027091089874,996
2024-09-17 14:52:50.570000,409.207646741867,14
2024-09-17 14:52:50.855000,415.44618148855386,998
2024-09-17 14:52:51.026000,409.2408162732904,1004
2024-09-17 14:52:51.052000,409.19615598237465,1004
2024-09-17 14:52:51.126000,409.2129147980741,98
2024-09-17 14:52:51.200000,409.2061172025777,11
2024-09-17 14:52:51.208000,409.1802088361623,98
2024-09-17 14:52:51.276000,409.2004346246153,1002
2024-09-17 14:52:51.383000,409.2116981560434,999
2024-09-17 14:52:51.430000,409.2010806761062,6
2024-09-17 14:52:51.431000,409.1689920709078,103
2024-09-17 14:52:51.451000,409.20385208504126,101
2024-09-17 14:52:51.457000,409.18305599163887,7
2024-09-17 14:52:51.501000,409.1985618373326,97
2024-09-17 14:52:51.527000,409.1694380296606,999
2024-09-17 14:52:51.627000,409.2210263615838,996
2024-09-17 14:52:51.669000,409.2102537200171,6
2024-09-17 14:52:51.788000,409.207438717297,996
2024-09-17 14:52:51.807000,409.2293264708241,5
2024-09-17 14:52:51.811000,409.1891758614062,6
2024-09-17 14:52:51.846000,409.21283134878337,96
2024-09-17 14:52:51.907000,409.1746206819811,1004
2024-09-17 14:52:51.973000,409.2273043026216,995
2024-09-17 14:52:52.007000,409.2769507202885,96
2024-09-17 14:52:52.010000,409.2234693410518,105
2024-09-17 14:52:52.052000,409.2845816918441,7
2024-09-17 14:52:52.109000,409.25603026312393,999
2024-09-17 14:52:52.152000,409.2470179066266,99
2024-09-17 14:52:52.195000,409.1910840502674,1000
2024-09-17 14:52:52.262000,409.2687032278533,999
2024-09-17 14:52:52.284000,409.2316935496136,96
2024-09-17 14:52:52.312000,409.2685205837764,9
2024-09-17 14:52:52.400000,409.2691706506967,996
2024-09-17 14:52:52.408000,409.2473654815517,1002
2024-09-17 14:52:52.440000,409.263855095612,7
2024-09-17 14:52:52.446000,409.20231874746025,1003
2024-09-17 14:52:52.487000,409.24619586611504,100
2024-09-17 14:52:52.517000,409.2760775887352,5
2024-09-17 14:52:52.531000,409.2712611970466,8
2024-09-17 14:52:52.571000,409.26605019960215,7
2024-09-17 14:52:52.586000,409.26848628940047,100
2024-09-17 14:52:52.768000,409.16999762701,95
2024-09-17 14:52:52.777000,409.280072450386,995
2024-09-17 14:52:52.783000,409.2507456747321,101
2024-09-17 14:52:52.795000,409.236364023165,11
2024-09-17 14:52:52.800000,409.2804187586344,15
2024-09-17 14:52:52.816000,409.2638508186959,102
2024-09-17 14:52:52.894000,409.2759736486443,7
2024-09-17 14:52:52.943000,409.2834623183365,96
2024-09-17 14:52:53.055000,409.2995471527032,96
2024-09-17 14:52:53.284000,409.270382530427,96
2024-09-17 14:52:53.360000,409.2796494788777,96
2024-09-17 14:52:53.374000,409.2764631413847,996
2024-09-17 14:52:53.377000,409.26027235623445,95
2024-09-17 14:52:53.414000,409.2799988201232,15
2024-09-17 14:52:53.449000,409.2614501314538,6
2024-09-17 14:52:53.486000,409.2651203923057,105
2024-09-17 14:52:53.501000,409.272907308042,6
2024-09-17 14:52:53.592000,409.2983621025113,998
2024-09-17 14:52:53.719000,409.2576213698004,998
2024-09-17 14:52:53.820000,409.2589818735416,999
2024-09-17 14:52:53.868000,409.2897729580445,11
2024-09-17 14:52:53.870000,409.2606381719239,1001
2024-09-17 14:52:53.873000,409.2636165031088,10
2024-09-17 14:52:53.975000,409.27675204938765,1000
2024-09-17 14:52:54.003000,409.2633870354463,97
2024-09-17 14:52:54.072000,409.2561404258953,101
2024-09-17 14:52:54.134000,409.2425319257189,98
2024-09-17 14:52:54.326000,409.2585999558602,105
2024-09-17 14:52:54.373000,409.2291966039481,98
2024-09-17 14:52:54.388000,409.2405565795623,13
2024-09-17 14:52:54.394000,409.26705956850543,1001
2024-09-17 14:52:54.444000,409.23749746697655,8
2024-09-17 14:52:54.483000,409.27617983600607,13
2024-09-17 14:52:54.497000,409.2868516849276,95
2024-09-17 14:52:54.573000,409.2657230897099,97
2024-09-17 14:52:54.668000,409.2733853960025,999
2024-09-17 14:52:54.871000,409.2821845987695,9
2024-09-17 14:52:54.960000,409.241625045095,1003
2024-09-17 14:52:55.343000,409.2182063984682,98
2024-09-17 14:52:55.400000,409.2312849050437,15
2024-09-17 14:52:55.560000,409.2166472211284,999
2024-09-17 14:52:55.731000,409.2200745851397,1004
2024-09-17 14:52:55.932000,409.2286398419884,104
2024-09-17 14:52:55.960000,409.2165363226248,7
2024-09-17 14:52:56.248000,409.2194349870764,1005
2024-09-17 14:52:56.492000,409.1898542273207,1000
2024-09-17 14:52:56.620000,409.2031488626082,104
2024-09-17 14:52:56.650000,409.21735279842113,104
2024-09-17 14:52:56.786000,409.1940899268415,996
2024-09-17 14:52:56.896000,409.1969375858965,15
2024-09-17 14:52:56.986000,409.2157440983477,14
2024-09-17 14:52:57.058000,409.20468343347727,10
2024-09-17 14:52:57.097000,409.2190220729643,11
2024-09-17 14:52:57.167000,409.21816713674633,101
2024-09-17 14:52:57.177000,409.184260310636,1005
2024-09-17 14:52:57.177000,409.2132820031076,98
2024-09-17 14:52:57.207000,409.2154534989609,11
2024-09-17 14:52:57.292000,409.1916518219624,95
2024-09-17 14:52:57.311000,409.1507038276473,102
2024-09-17 14:52:57.325000,409.1308136635557,103
2024-09-17 14:52:57.464000,409.1428394415504,1001
2024-09-17 14:52:57.518000,409.2169879630474,8
2024-09-17 14:52:57.518000,409.1875329373777,11
2024-09-17 14:52:57.531000,409.2185667462956,95
2024-09-17 14:52:57.605000,409.1803664568664,8
2024-09-17 14:52:57.622000,409.2132542783524,103
2024-09-17 14:52:57.664000,409.2145724772256,101
2024-09-17 14:52:57.666000,409.1954406495445,100
2024-09-17 14:52:57.676000,409.158449837316,100
2024-09-17 14:52:57.767000,409.2040538748766,104
2024-09-17 14:52:57.825000,409.1899985138704,12
2024-09-17 14:52:57.890000,409.205205570478,11
2024-09-17 14:52:57.901000,409.1616193044095,100
2024-09-17 14:52:57.931000,409.16665999889807,998
2024-09-17 14:52:57.955000,409.1837591897197,103
2024-09-17 14:52:57.981000,409.1805157524874,9
2024-09-17 14:52:57.995000,409.204397529323,999
2024-09-17 14:52:58.053000,409.1038340269693,14
2024-09-17 14:52:58.065000,409.1679425561644,96
2024-09-17 14:52:58.140000,409.1739825790645,998
2024-09-17 14:52:58.165000,409.11837327322246,96
2024-09-17 14:52:58.233000,409.1443382826463,1004
2024-09-17 14:52:58.258000,409.1277229796653,9
2024-09-17 14:52:58.305000,415.6959706728609,1002
2024-09-17 14:52:58.362000,409.1390249921601,9
2024-09-17 14:52:58.462000,409.1685858047489,97
2024-09-17 14:52:58.507000,409.16000751739176,10
2024-09-17 14:52:58.516000,409.1316139160269,998
2024-09-17 14:52:58.577000,409.1367593043189,10
2024-09-17 14:52:58.647000,409.13087530363146,1001
2024-09-17 14:52:58.666000,409.153790715006,1002
2024-09-17 14:52:58.814000,409.146130309932,996
2024-09-17 14:52:58.826000,409.1572131798849,8
2024-09-17 14:52:58.862000,409.1514194584652,1005
2024-09-17 14:52:58.875000,409.1639453379942,1005
2024-09-17 14:52:58.897000,409.1582592097429,1002
2024-09-17 14:52:58.959000,409.1507107818723,15
2024-09-17 14:52:58.979000,409.14039648065113,11
2024-09-17 14:52:59.835000,409.1372193360162,995
