Timestamp,Price,Size
2024-09-16 11:36:00.009000,417.35968409508905,99
2024-09-16 11:36:00.055000,417.3405561552343,102
2024-09-16 11:36:00.084000,417.3775528544217,7
2024-09-16 11:36:00.117000,417.3806755032062,1001
2024-09-16 11:36:00.170000,417.3324822169576,1003
2024-09-16 11:36:00.287000,417.3974426589221,97
2024-09-16 11:36:00.366000,417.39565815080687,103
2024-09-16 11:36:00.419000,417.4084692561544,105
2024-09-16 11:36:00.455000,417.3671555729012,1005
2024-09-16 11:36:00.497000,417.3490823183672,104
2024-09-16 11:36:00.539000,417.3920728937493,7
2024-09-16 11:36:00.571000,417.4285054813722,14
2024-09-16 11:36:00.579000,417.3665794031188,104
2024-09-16 11:36:00.607000,417.3930182364492,11
2024-09-16 11:36:00.691000,417.3974461615051,14
2024-09-16 11:36:00.712000,417.3971715258175,10
2024-09-16 11:36:00.715000,417.3986811657276,6
2024-09-16 11:36:00.748000,417.4127558832638,1000
2024-09-16 11:36:00.784000,417.3715612124261,11
2024-09-16 11:36:00.845000,417.41212639624985,5
2024-09-16 11:36:00.847000,417.4031943932453,15
2024-09-16 11:36:00.911000,417.38586315209136,95
2024-09-16 11:36:00.968000,417.410951270144,6
2024-09-16 11:36:01.068000,417.3369696217869,100
2024-09-16 11:36:01.100000,417.38278197158,13
2024-09-16 11:36:01.130000,417.40159982639045,97
2024-09-16 11:36:01.241000,417.3814539705012,96
2024-09-16 11:36:01.315000,417.4002726142512,997
2024-09-16 11:36:01.320000,417.3759155696274,9
2024-09-16 11:36:01.341000,417.3568908438336,998
2024-09-16 11:36:01.377000,417.3380872112812,8
2024-09-16 11:36:01.428000,417.33718823755504,98
2024-09-16 11:36:01.432000,417.3983101210024,8
2024-09-16 11:36:01.480000,417.3732613666431,5
2024-09-16 11:36:01.519000,417.3313109024159,10
2024-09-16 11:36:01.574000,417.3363303270309,95
2024-09-16 11:36:01.583000,417.3614032771696,14
2024-09-16 11:36:01.646000,417.3667438692473,13
2024-09-16 11:36:01.664000,417.33623934147136,103
2024-09-16 11:36:01.666000,417.3262608689509,97
2024-09-16 11:36:01.734000,417.3555115294959,101
2024-09-16 11:36:01.747000,417.3956039301558,998
2024-09-16 11:36:01.749000,417.3868414844172,999
2024-09-16 11:36:01.810000,417.3121894404945,104
2024-09-16 11:36:01.859000,417.39648610121446,98
2024-09-16 11:36:01.951000,417.3878259715127,997
2024-09-16 11:36:01.988000,417.350334853136,7
2024-09-16 11:36:01.996000,417.35196913902087,1003
2024-09-16 11:36:02.023000,417.43378035258377,14
2024-09-16 11:36:02.060000,417.4387576501111,8
2024-09-16 11:36:02.096000,417.43672460267504,995
2024-09-16 11:36:02.162000,417.4427330430835,103
2024-09-16 11:36:02.225000,417.41677782435823,101
2024-09-16 11:36:02.246000,417.4841339952449,102
2024-09-16 11:36:02.253000,417.4876393146748,96
2024-09-16 11:36:02.284000,417.5025616836227,997
2024-09-16 11:36:02.341000,417.436995171526,7
2024-09-16 11:36:02.414000,417.4943122343566,997
2024-09-16 11:36:02.417000,417.48634315609456,1002
2024-09-16 11:36:02.481000,417.4557903106007,8
2024-09-16 11:36:02.534000,417.4264548603179,996
2024-09-16 11:36:02.588000,417.4990209084623,1002
2024-09-16 11:36:02.598000,417.4476554471658,6
2024-09-16 11:36:02.631000,417.45693008527616,7
2024-09-16 11:36:02.640000,417.489084928442,12
2024-09-16 11:36:02.671000,417.4399313521744,13
2024-09-16 11:36:02.696000,417.4253442970612,97
2024-09-16 11:36:02.698000,417.4496528935634,1003
2024-09-16 11:36:02.724000,417.485832067581,1005
2024-09-16 11:36:02.841000,417.4140354720136,997
2024-09-16 11:36:02.856000,417.4678526199569,6
2024-09-16 11:36:02.879000,417.4915871266349,103
2024-09-16 11:36:02.900000,417.4315210303095,102
2024-09-16 11:36:02.916000,417.4410312270557,97
2024-09-16 11:36:02.992000,417.5008868032488,103
2024-09-16 11:36:03.212000,417.5167933000342,10
2024-09-16 11:36:03.654000,417.5064774178842,10
2024-09-16 11:36:04.050000,417.5119713703053,1005
2024-09-16 11:36:04.170000,417.5339186555873,11
2024-09-16 11:36:04.241000,417.52250860177656,10
2024-09-16 11:36:04.362000,417.52779066812127,97
2024-09-16 11:36:04.646000,417.5236697904304,101
2024-09-16 11:36:04.733000,417.4900350594976,96
2024-09-16 11:36:04.873000,417.5193106634477,95
2024-09-16 11:36:04.899000,417.5139846619125,15
2024-09-16 11:36:05,417.4087745015398,99
2024-09-16 11:36:05.017000,417.4088459309652,6
2024-09-16 11:36:05.094000,417.40589285535606,997
2024-09-16 11:36:05.253000,417.398102347972,1003
2024-09-16 11:36:05.382000,417.4367386248554,8
2024-09-16 11:36:05.428000,417.4633555804028,97
2024-09-16 11:36:05.763000,417.4791790511768,100
2024-09-16 11:36:05.866000,417.4125704220911,997
2024-09-16 11:36:05.892000,417.4274714035002,13
2024-09-16 11:36:06.026000,417.4273095685252,995
2024-09-16 11:36:06.057000,417.4130610986742,1004
2024-09-16 11:36:06.138000,417.3821405393237,12
2024-09-16 11:36:06.290000,417.4263061887103,105
2024-09-16 11:36:06.294000,417.4028725019352,15
2024-09-16 11:36:06.321000,417.444805721986,11
2024-09-16 11:36:06.511000,417.3807943835823,100
2024-09-16 11:36:06.559000,417.4108355002372,999
2024-09-16 11:36:06.694000,417.3915841685071,98
2024-09-16 11:36:06.836000,417.3717868217298,12
2024-09-16 11:36:07.082000,417.4036772324435,12
2024-09-16 11:36:07.092000,417.3690095571421,997
2024-09-16 11:36:07.126000,417.4167063365624,998
2024-09-16 11:36:07.133000,417.3602897296368,14
2024-09-16 11:36:07.240000,417.43703951960606,100
2024-09-16 11:36:07.287000,417.36020608676,101
2024-09-16 11:36:07.341000,417.4186265954268,995
2024-09-16 11:36:07.569000,417.3679180113504,11
2024-09-16 11:36:07.594000,417.3950654939051,103
2024-09-16 11:36:07.616000,417.3627392816272,997
2024-09-16 11:36:07.624000,417.440958135553,96
2024-09-16 11:36:07.638000,417.3701760869983,1002
2024-09-16 11:36:07.733000,417.4238206729388,1005
2024-09-16 11:36:07.778000,417.4244316512994,6
2024-09-16 11:36:07.821000,417.4067357542481,1002
2024-09-16 11:36:07.996000,417.3523153985995,1002
2024-09-16 11:36:08.548000,417.3991425887804,105
2024-09-16 11:36:08.936000,417.37273305219605,996
2024-09-16 11:36:08.946000,417.3858275047811,997
2024-09-16 11:36:09.031000,417.5134795243619,1000
2024-09-16 11:36:09.039000,417.4418887025935,1002
2024-09-16 11:36:09.071000,417.4041627727492,14
2024-09-16 11:36:09.108000,417.41147017481546,999
2024-09-16 11:36:09.123000,417.4786499101128,10
2024-09-16 11:36:09.147000,417.4029013599476,100
2024-09-16 11:36:09.165000,417.4418648763182,998
2024-09-16 11:36:09.183000,417.52199146601487,101
2024-09-16 11:36:09.246000,417.4490748758279,999
2024-09-16 11:36:09.246000,417.4255331861524,995
2024-09-16 11:36:09.389000,417.4671285692001,13
2024-09-16 11:36:09.419000,417.4371122719888,1003
2024-09-16 11:36:09.423000,417.4426944850714,12
2024-09-16 11:36:09.451000,417.419547530973,8
2024-09-16 11:36:09.490000,417.4257083142939,102
2024-09-16 11:36:09.508000,417.4933144230661,100
2024-09-16 11:36:09.554000,417.4228145633202,100
2024-09-16 11:36:09.646000,417.413780809732,8
2024-09-16 11:36:09.666000,417.4329508579575,1002
2024-09-16 11:36:09.668000,417.4004857770939,95
2024-09-16 11:36:09.669000,417.4844819953795,104
2024-09-16 11:36:09.757000,417.4349355761974,1005
2024-09-16 11:36:09.793000,417.4170455049446,11
2024-09-16 11:36:09.820000,417.4350789925782,95
2024-09-16 11:36:09.825000,417.474348691811,997
2024-09-16 11:36:09.876000,417.4120553994025,8
2024-09-16 11:36:09.917000,417.4080935037896,999
2024-09-16 11:36:09.939000,417.3942192952261,12
2024-09-16 11:36:09.940000,417.4474018181956,1004
2024-09-16 11:36:09.969000,417.4129563219243,100
2024-09-16 11:36:10.489000,417.5478110215326,14
2024-09-16 11:36:10.649000,417.54269295588233,5
2024-09-16 11:36:10.866000,417.5484790350759,8
2024-09-16 11:36:11.292000,417.5438273868772,1001
2024-09-16 11:36:11.410000,417.5423551656032,13
2024-09-16 11:36:11.432000,417.59407002227147,1005
2024-09-16 11:36:11.451000,417.56364707771695,996
2024-09-16 11:36:11.454000,417.5551651293015,8
2024-09-16 11:36:11.558000,417.57724260187695,1003
2024-09-16 11:36:11.675000,417.5793389202936,14
2024-09-16 11:36:11.709000,417.5852861974708,998
2024-09-16 11:36:11.732000,417.5510932774234,1002
2024-09-16 11:36:11.753000,417.5854333682103,997
2024-09-16 11:36:11.890000,417.5965385469579,11
2024-09-16 11:36:11.940000,417.575842002336,1000
2024-09-16 11:36:11.955000,417.54739893279367,99
2024-09-16 11:36:11.973000,417.5306181991408,100
2024-09-16 11:36:11.984000,417.5507121785201,1002
2024-09-16 11:36:12.059000,417.6175393985928,6
2024-09-16 11:36:12.070000,417.6189343260062,6
2024-09-16 11:36:12.165000,417.6261780155666,98
2024-09-16 11:36:12.282000,417.6043900746867,100
2024-09-16 11:36:12.723000,417.5892973202675,7
2024-09-16 11:36:12.749000,417.593536143474,1002
2024-09-16 11:36:12.757000,417.5862615439674,10
2024-09-16 11:36:12.854000,417.60349891473305,6
2024-09-16 11:36:13.171000,417.6325430239947,996
2024-09-16 11:36:13.407000,417.6387597566917,102
2024-09-16 11:36:13.474000,417.6153202833196,999
2024-09-16 11:36:13.483000,417.62403472688015,999
2024-09-16 11:36:13.502000,417.6233503350934,1005
2024-09-16 11:36:13.530000,417.6449074681959,12
2024-09-16 11:36:13.541000,417.6423052471407,6
2024-09-16 11:36:13.545000,417.64964452457167,6
2024-09-16 11:36:13.589000,417.6315110700231,1004
2024-09-16 11:36:13.591000,417.6266036742421,104
2024-09-16 11:36:13.668000,417.6333390291559,997
2024-09-16 11:36:13.670000,417.6309726184848,102
2024-09-16 11:36:13.680000,417.6237902647066,13
2024-09-16 11:36:13.695000,417.64319279215727,6
2024-09-16 11:36:13.832000,417.640638432312,14
2024-09-16 11:36:13.874000,417.6406845047995,996
2024-09-16 11:36:13.926000,417.63697178132,14
2024-09-16 11:36:14.310000,417.6256459055074,97
2024-09-16 11:36:14.353000,417.61518549665,996
2024-09-16 11:36:14.838000,417.6232577077297,104
2024-09-16 11:36:15.038000,417.6233358136656,1004
2024-09-16 11:36:15.039000,417.613040912304,998
2024-09-16 11:36:15.095000,417.610886787849,8
2024-09-16 11:36:15.100000,417.5890226651538,13
2024-09-16 11:36:15.102000,417.6073079051205,12
2024-09-16 11:36:15.184000,417.5886938073732,105
2024-09-16 11:36:15.233000,417.6136530256688,12
2024-09-16 11:36:15.311000,417.5962146557122,11
2024-09-16 11:36:15.418000,417.6086587492352,8
2024-09-16 11:36:15.490000,417.6054717668606,999
2024-09-16 11:36:15.509000,417.5787524340397,7
2024-09-16 11:36:15.527000,417.61189568967984,9
2024-09-16 11:36:15.632000,417.5962775455277,9
2024-09-16 11:36:15.677000,417.5865438994306,99
2024-09-16 11:36:15.705000,417.5989329751458,98
2024-09-16 11:36:15.705000,417.6085021649944,1000
2024-09-16 11:36:15.775000,417.6184022710704,998
2024-09-16 11:36:15.857000,417.60436573410914,7
2024-09-16 11:36:15.926000,417.5947732383423,7
2024-09-16 11:36:15.947000,417.6008978226736,999
2024-09-16 11:36:15.996000,417.62074837949774,1000
2024-09-16 11:36:16.063000,417.6099825176311,100
2024-09-16 11:36:16.117000,417.5879794771683,1005
2024-09-16 11:36:16.127000,417.5893426242101,9
2024-09-16 11:36:16.134000,417.6232610679245,100
2024-09-16 11:36:16.202000,417.6089091094419,12
2024-09-16 11:36:16.281000,417.59190274038826,10
2024-09-16 11:36:16.356000,417.5944822055973,95
2024-09-16 11:36:16.379000,417.60438531549545,97
2024-09-16 11:36:16.419000,417.5927699092416,98
2024-09-16 11:36:16.496000,417.6100911427239,12
2024-09-16 11:36:16.586000,417.6156668333094,99
2024-09-16 11:36:16.711000,417.6110971570681,8
2024-09-16 11:36:16.714000,417.6046784139896,1004
2024-09-16 11:36:16.722000,417.5924026647813,7
2024-09-16 11:36:16.731000,417.5851362575671,105
2024-09-16 11:36:16.771000,417.5900231112459,1005
2024-09-16 11:36:16.850000,417.5912322469934,103
2024-09-16 11:36:16.901000,417.60000278948223,98
2024-09-16 11:36:16.906000,417.622889152835,100
2024-09-16 11:36:16.956000,417.6068012488577,1004
2024-09-16 11:36:16.961000,417.6032910847147,997
2024-09-16 11:36:16.987000,417.6238270478231,9
2024-09-16 11:36:17.031000,417.60181529871824,995
2024-09-16 11:36:17.236000,417.6176950358293,998
2024-09-16 11:36:17.290000,417.6423736540325,999
2024-09-16 11:36:17.874000,417.5892795709533,1001
2024-09-16 11:36:18.727000,417.6560498019011,999
2024-09-16 11:36:18.794000,417.6440902816177,12
2024-09-16 11:36:19.077000,417.70176904890826,102
2024-09-16 11:36:19.229000,417.6654156330732,99
2024-09-16 11:36:19.272000,417.716004571309,1003
2024-09-16 11:36:19.273000,417.7046204534862,999
2024-09-16 11:36:19.395000,417.67898116327393,102
2024-09-16 11:36:19.404000,417.7300279949623,5
2024-09-16 11:36:19.488000,417.7386956492427,996
2024-09-16 11:36:19.490000,417.6870283466262,100
2024-09-16 11:36:19.560000,417.66936564443137,995
2024-09-16 11:36:19.569000,417.6594311809311,12
2024-09-16 11:36:19.677000,417.72522852536224,5
2024-09-16 11:36:19.701000,417.7007298131904,100
2024-09-16 11:36:19.745000,417.6849971175452,1005
2024-09-16 11:36:19.781000,417.6876568010531,1004
2024-09-16 11:36:19.838000,417.684497374568,103
2024-09-16 11:36:19.867000,417.7429810384451,1001
2024-09-16 11:36:19.905000,417.6768584288024,96
2024-09-16 11:36:19.956000,417.6593035783664,103
2024-09-16 11:36:19.966000,417.65245394051897,8
2024-09-16 11:36:19.982000,417.67358166709454,11
2024-09-16 11:36:21.001000,417.7933387824661,1002
2024-09-16 11:36:21.050000,417.7298276394704,13
2024-09-16 11:36:21.059000,417.77731700721336,102
2024-09-16 11:36:21.276000,417.7833655164112,95
2024-09-16 11:36:21.295000,417.77450080912354,7
2024-09-16 11:36:21.364000,417.80700576553807,1002
2024-09-16 11:36:21.400000,417.8129750637212,995
2024-09-16 11:36:21.412000,417.8129601088983,12
2024-09-16 11:36:21.459000,417.7778617934722,996
2024-09-16 11:36:21.505000,417.7980511974636,100
2024-09-16 11:36:21.749000,417.787204697485,999
2024-09-16 11:36:21.767000,417.73146634386273,1001
2024-09-16 11:36:21.774000,417.7378353076937,1000
2024-09-16 11:36:21.775000,417.73718143112507,105
2024-09-16 11:36:21.780000,417.7497813340999,105
2024-09-16 11:36:21.892000,417.75513959498153,105
2024-09-16 11:36:21.945000,417.7776427632591,104
2024-09-16 11:36:21.953000,417.7528189412761,99
2024-09-16 11:36:21.992000,417.796264912765,999
2024-09-16 11:36:22.006000,417.7873398178717,9
2024-09-16 11:36:22.054000,417.7368977669107,1003
2024-09-16 11:36:22.098000,417.73665656955103,105
2024-09-16 11:36:22.138000,417.76065200709735,6
2024-09-16 11:36:22.163000,417.7495422304227,10
2024-09-16 11:36:22.202000,417.7924859922017,13
2024-09-16 11:36:22.243000,417.7380128062396,996
2024-09-16 11:36:22.255000,417.76944626957976,1000
2024-09-16 11:36:22.457000,417.7967867916737,9
2024-09-16 11:36:22.465000,417.7706484058176,7
2024-09-16 11:36:22.496000,417.7304476746168,96
2024-09-16 11:36:22.519000,417.79872163982174,14
2024-09-16 11:36:22.522000,417.757842259664,1001
2024-09-16 11:36:22.607000,417.7551676593533,7
2024-09-16 11:36:22.671000,417.75461334624896,995
2024-09-16 11:36:22.686000,417.75108625585983,6
2024-09-16 11:36:22.797000,417.78581479652615,102
2024-09-16 11:36:22.822000,417.7397983324488,102
2024-09-16 11:36:22.880000,417.7834094391007,105
2024-09-16 11:36:22.906000,417.7383884102155,102
2024-09-16 11:36:22.920000,417.71992219096654,998
2024-09-16 11:36:23.043000,417.7999248568307,101
2024-09-16 11:36:23.044000,417.8090558906748,10
2024-09-16 11:36:23.100000,417.8213173694208,5
2024-09-16 11:36:23.165000,417.825573079404,10
2024-09-16 11:36:23.412000,417.8239327896849,5
2024-09-16 11:36:23.435000,417.8348996224497,998
2024-09-16 11:36:23.516000,417.8194638335093,6
2024-09-16 11:36:23.519000,417.81630953535137,1002
2024-09-16 11:36:23.529000,417.82254642827513,1004
2024-09-16 11:36:23.566000,417.81392411237306,14
2024-09-16 11:36:23.588000,417.8137134022315,1001
2024-09-16 11:36:23.722000,417.8093755437321,995
2024-09-16 11:36:23.836000,417.8098400730335,103
2024-09-16 11:36:23.944000,417.7973386567647,998
2024-09-16 11:36:24.061000,417.79853169181166,98
2024-09-16 11:36:24.061000,417.8084242071227,5
2024-09-16 11:36:24.152000,417.8055625597988,104
2024-09-16 11:36:24.184000,417.82552223910346,13
2024-09-16 11:36:24.197000,417.8415201671135,101
2024-09-16 11:36:24.224000,417.8175152400112,8
2024-09-16 11:36:24.246000,417.8136854453345,95
2024-09-16 11:36:24.268000,417.8266896652035,1003
2024-09-16 11:36:24.301000,417.8304161178791,97
2024-09-16 11:36:24.339000,417.80629962798855,999
2024-09-16 11:36:24.417000,417.8346826130666,101
2024-09-16 11:36:24.451000,417.8160062985157,8
2024-09-16 11:36:24.493000,417.8205627113593,103
2024-09-16 11:36:24.527000,417.8414135107626,1005
2024-09-16 11:36:24.618000,417.8303072258769,15
2024-09-16 11:36:24.678000,417.81085515408535,95
2024-09-16 11:36:24.687000,417.80797134587095,97
2024-09-16 11:36:24.732000,417.7939797842951,105
2024-09-16 11:36:24.776000,417.8144614599357,96
2024-09-16 11:36:24.856000,417.8418313117823,10
2024-09-16 11:36:24.861000,417.7899105036492,1001
2024-09-16 11:36:24.990000,417.8275247270449,100
2024-09-16 11:36:25.012000,417.88792534731385,1005
2024-09-16 11:36:25.118000,417.9227328602059,13
2024-09-16 11:36:25.304000,417.9340725037464,13
2024-09-16 11:36:25.461000,417.9344808402349,998
2024-09-16 11:36:25.507000,417.9345286918714,9
2024-09-16 11:36:25.778000,417.8751255826925,12
2024-09-16 11:36:25.829000,417.87042828755966,1002
2024-09-16 11:36:25.831000,417.8492447361861,5
2024-09-16 11:36:25.946000,417.85582429128567,998
2024-09-16 11:36:25.965000,417.9064179705812,99
2024-09-16 11:36:26.117000,417.9483807349536,98
2024-09-16 11:36:26.395000,417.9380785634845,104
2024-09-16 11:36:26.485000,417.9023804305761,998
2024-09-16 11:36:26.488000,417.9089732709786,105
2024-09-16 11:36:26.531000,417.9248024178629,15
2024-09-16 11:36:26.662000,417.9499592157207,100
2024-09-16 11:36:26.664000,417.93618462439673,8
2024-09-16 11:36:26.667000,417.92192266315527,10
2024-09-16 11:36:26.671000,417.92959831053247,98
2024-09-16 11:36:26.699000,417.92612550288845,995
2024-09-16 11:36:26.753000,417.9551811177057,102
2024-09-16 11:36:26.796000,417.9172995229632,996
2024-09-16 11:36:27.011000,417.97882943828216,995
2024-09-16 11:36:27.019000,417.9824250419754,999
2024-09-16 11:36:27.171000,417.9638313533814,996
2024-09-16 11:36:27.214000,417.9783378260856,997
2024-09-16 11:36:27.284000,417.9840490675493,102
2024-09-16 11:36:27.288000,417.9860327974948,98
2024-09-16 11:36:27.321000,418.0205598651834,1005
2024-09-16 11:36:27.355000,418.0240993254728,105
2024-09-16 11:36:27.448000,417.9822027849231,995
2024-09-16 11:36:27.591000,417.9950958775961,998
2024-09-16 11:36:27.607000,418.0225102068633,11
2024-09-16 11:36:27.686000,417.9995882461029,998
2024-09-16 11:36:27.707000,418.0062398728345,7
2024-09-16 11:36:27.720000,418.0136377576382,15
2024-09-16 11:36:27.727000,417.98734248524704,999
2024-09-16 11:36:27.750000,418.026084746073,999
2024-09-16 11:36:27.754000,418.0206350775814,9
2024-09-16 11:36:27.763000,417.992008562355,997
2024-09-16 11:36:27.770000,418.00176669759645,1002
2024-09-16 11:36:27.776000,417.9854204661414,98
2024-09-16 11:36:27.854000,418.02944561644506,105
2024-09-16 11:36:27.858000,417.9671461407982,101
2024-09-16 11:36:27.861000,417.986489155914,99
2024-09-16 11:36:27.887000,417.99751269416936,1003
2024-09-16 11:36:27.919000,418.00590430934193,999
2024-09-16 11:36:27.948000,417.9791011969668,1003
2024-09-16 11:36:28.053000,418.03998399749673,100
2024-09-16 11:36:28.118000,418.0300757218896,14
2024-09-16 11:36:28.136000,418.0453329928925,10
2024-09-16 11:36:28.174000,418.0153425436289,99
2024-09-16 11:36:28.440000,418.0337489768495,5
2024-09-16 11:36:28.514000,418.033012627808,95
2024-09-16 11:36:28.568000,418.0534043678776,5
2024-09-16 11:36:28.598000,418.0205405459929,14
2024-09-16 11:36:28.708000,418.014352008658,12
2024-09-16 11:36:29.205000,418.0321848743381,103
2024-09-16 11:36:29.212000,418.04237375818366,1004
2024-09-16 11:36:30.166000,418.0270877480649,105
2024-09-16 11:36:30.167000,418.0208812777196,13
2024-09-16 11:36:30.431000,418.0390465340055,10
2024-09-16 11:36:30.461000,418.0237209300547,998
2024-09-16 11:36:30.532000,418.0352962402037,1004
2024-09-16 11:36:30.614000,418.03511301272096,95
2024-09-16 11:36:30.802000,418.0277326005501,11
2024-09-16 11:36:30.859000,418.0267188006268,998
2024-09-16 11:36:31.005000,418.10933834572666,104
2024-09-16 11:36:31.059000,418.1587881282253,6
2024-09-16 11:36:31.069000,418.14316279901175,105
2024-09-16 11:36:31.084000,418.1167616840374,99
2024-09-16 11:36:31.085000,418.16614725029433,96
2024-09-16 11:36:31.099000,418.0822351428862,12
2024-09-16 11:36:31.174000,418.0251031115391,997
2024-09-16 11:36:31.242000,418.11882335583823,997
2024-09-16 11:36:31.268000,418.0760142432025,10
2024-09-16 11:36:31.278000,418.0286219567295,98
2024-09-16 11:36:31.330000,418.0734711542147,1002
2024-09-16 11:36:31.355000,418.0379844812106,1000
2024-09-16 11:36:31.449000,418.0352815397539,996
2024-09-16 11:36:31.478000,418.1392048577561,8
2024-09-16 11:36:31.534000,418.0855315320413,102
2024-09-16 11:36:31.545000,418.1088998463466,999
2024-09-16 11:36:31.548000,418.15377159525553,11
2024-09-16 11:36:31.565000,418.1641634945539,5
2024-09-16 11:36:31.587000,418.1116833300197,1001
2024-09-16 11:36:31.653000,418.15546859886285,14
2024-09-16 11:36:31.675000,418.0659370629915,13
2024-09-16 11:36:31.679000,418.09672397564935,7
2024-09-16 11:36:31.691000,418.1041313742082,12
2024-09-16 11:36:31.768000,418.0814205480359,8
2024-09-16 11:36:31.806000,418.09559095457456,13
2024-09-16 11:36:31.919000,418.1369680877687,97
2024-09-16 11:36:31.963000,418.1280783424433,1000
2024-09-16 11:36:32.017000,418.16588960136056,996
2024-09-16 11:36:32.026000,418.14522214345953,99
2024-09-16 11:36:32.040000,418.15826474397807,8
2024-09-16 11:36:32.060000,418.16441097539024,98
2024-09-16 11:36:32.204000,418.1613196892774,1002
2024-09-16 11:36:32.217000,418.1523846796128,1004
2024-09-16 11:36:32.284000,418.12870287890297,10
2024-09-16 11:36:32.599000,418.1570665071395,102
2024-09-16 11:36:32.673000,418.14334249517646,105
2024-09-16 11:36:32.741000,418.1506135198158,103
2024-09-16 11:36:32.965000,418.1745167386812,1002
2024-09-16 11:36:33.005000,418.17686368058565,12
2024-09-16 11:36:33.018000,418.16861005022633,997
2024-09-16 11:36:33.064000,418.1449902652497,996
2024-09-16 11:36:33.075000,418.1556681031041,100
2024-09-16 11:36:33.077000,418.1617793584748,998
2024-09-16 11:36:33.133000,418.17169427826025,1003
2024-09-16 11:36:33.138000,418.1680959522623,1003
2024-09-16 11:36:33.165000,418.14825721691375,1001
2024-09-16 11:36:33.234000,418.13829761004666,8
2024-09-16 11:36:33.505000,418.1506522299955,7
2024-09-16 11:36:33.596000,418.1471083551214,9
2024-09-16 11:36:33.597000,418.1742138453884,97
2024-09-16 11:36:33.613000,418.1606611310582,6
2024-09-16 11:36:33.674000,418.1521758622884,11
2024-09-16 11:36:33.693000,418.16255978773887,11
2024-09-16 11:36:33.712000,418.1423662676636,10
2024-09-16 11:36:33.783000,418.15360378533165,103
2024-09-16 11:36:33.826000,418.1473560446644,1004
2024-09-16 11:36:33.843000,418.16751613377846,6
2024-09-16 11:36:33.924000,418.1522598542341,104
2024-09-16 11:36:33.931000,418.1468187574205,96
2024-09-16 11:36:33.996000,418.151783697975,13
2024-09-16 11:36:34.087000,418.1744790142387,1004
2024-09-16 11:36:34.121000,418.1759980947008,7
2024-09-16 11:36:34.210000,418.1792281448929,103
2024-09-16 11:36:34.724000,418.2072074672115,1005
2024-09-16 11:36:34.726000,418.1604453835543,97
2024-09-16 11:36:34.795000,418.1650355786471,101
2024-09-16 11:36:34.812000,418.17618469249857,7
2024-09-16 11:36:34.831000,418.1881240602414,1000
2024-09-16 11:36:34.886000,418.1779582436924,1005
2024-09-16 11:36:34.892000,418.1401053888521,95
2024-09-16 11:36:34.901000,418.19292740768446,97
2024-09-16 11:36:34.924000,418.15595617381496,9
2024-09-16 11:36:34.944000,418.1795565123669,98
2024-09-16 11:36:36.018000,418.2104450814193,5
2024-09-16 11:36:36.103000,418.2025890280619,1002
2024-09-16 11:36:36.163000,418.2060335281961,9
2024-09-16 11:36:36.178000,418.1809035537617,12
2024-09-16 11:36:36.189000,418.185512322319,8
2024-09-16 11:36:36.404000,418.19027579469343,1003
2024-09-16 11:36:36.486000,418.2033059682887,96
2024-09-16 11:36:36.491000,418.2060863087292,105
2024-09-16 11:36:36.536000,418.21663733322976,105
2024-09-16 11:36:36.551000,418.2003626998776,1000
2024-09-16 11:36:36.604000,418.21159226381366,997
2024-09-16 11:36:36.715000,418.1970907502594,8
2024-09-16 11:36:36.770000,418.2110721256722,15
2024-09-16 11:36:36.772000,418.209703981945,11
2024-09-16 11:36:36.854000,418.2046801568029,98
2024-09-16 11:36:36.897000,418.2071614302096,999
2024-09-16 11:36:36.979000,418.1843593548088,13
2024-09-16 11:36:37.131000,418.1921897850415,1004
2024-09-16 11:36:37.148000,418.2109559805272,104
2024-09-16 11:36:37.402000,418.2047855991948,1001
2024-09-16 11:36:37.406000,418.19489423053136,1004
2024-09-16 11:36:37.454000,418.1935050410477,15
2024-09-16 11:36:37.484000,418.2131638273143,13
2024-09-16 11:36:37.497000,418.207622044132,1002
2024-09-16 11:36:37.559000,418.1925487853297,5
2024-09-16 11:36:37.589000,418.209388572361,999
2024-09-16 11:36:37.646000,418.2238028432132,996
2024-09-16 11:36:37.708000,418.2012690537495,1005
2024-09-16 11:36:37.727000,418.2082084356844,101
2024-09-16 11:36:37.750000,418.1784818432736,997
2024-09-16 11:36:37.825000,418.2036915194541,100
2024-09-16 11:36:37.856000,418.2017105816848,97
2024-09-16 11:36:37.868000,418.2235847220846,5
2024-09-16 11:36:38.021000,418.1598408369578,11
2024-09-16 11:36:38.150000,418.04903008596966,6
2024-09-16 11:36:38.163000,418.0438466390634,98
2024-09-16 11:36:38.166000,418.1711974603583,98
2024-09-16 11:36:38.168000,418.13964912777146,14
2024-09-16 11:36:38.267000,418.15547355699306,5
2024-09-16 11:36:38.278000,418.13296391221655,103
2024-09-16 11:36:38.343000,418.1662888981016,12
2024-09-16 11:36:38.391000,418.0430757607093,1003
2024-09-16 11:36:38.422000,418.12873596708334,8
2024-09-16 11:36:38.428000,418.142684415901,7
2024-09-16 11:36:38.432000,418.1335686033341,1004
2024-09-16 11:36:38.434000,418.05513133409454,103
2024-09-16 11:36:38.475000,418.1744696196747,97
2024-09-16 11:36:38.500000,418.1306838853292,100
2024-09-16 11:36:38.513000,418.156871165116,101
2024-09-16 11:36:38.572000,418.1111169241913,97
2024-09-16 11:36:38.663000,418.1005377925877,6
2024-09-16 11:36:38.682000,418.1852504330129,995
2024-09-16 11:36:38.732000,418.1106382011399,1002
2024-09-16 11:36:38.816000,418.0644026039756,95
2024-09-16 11:36:38.842000,418.1752643100991,95
2024-09-16 11:36:38.891000,418.0519801731082,1001
2024-09-16 11:36:38.895000,418.16509361154505,8
2024-09-16 11:36:38.896000,418.1747857621305,97
2024-09-16 11:36:38.946000,418.1178855704417,12
2024-09-16 11:36:39.002000,418.0637109668597,100
2024-09-16 11:36:39.146000,418.0502188607752,96
2024-09-16 11:36:39.300000,418.0620066165192,102
2024-09-16 11:36:39.305000,418.0601938905687,104
2024-09-16 11:36:39.389000,418.0366432553661,14
2024-09-16 11:36:39.512000,418.0648868773829,998
2024-09-16 11:36:39.688000,418.0425813891038,96
2024-09-16 11:36:39.890000,418.0546725053735,7
2024-09-16 11:36:40.085000,418.0606866057824,11
2024-09-16 11:36:40.183000,418.0674504200968,1003
2024-09-16 11:36:40.185000,418.07738511415886,1005
2024-09-16 11:36:40.269000,418.0603657829272,998
2024-09-16 11:36:40.349000,418.0773254098803,1004
2024-09-16 11:36:40.835000,418.0496566241014,12
2024-09-16 11:36:40.868000,418.0628678026009,103
2024-09-16 11:36:40.946000,418.044426078525,996
2024-09-16 11:36:41.011000,418.0268826478798,98
2024-09-16 11:36:41.059000,418.0686243279538,996
2024-09-16 11:36:41.096000,418.04088847405455,1001
2024-09-16 11:36:41.134000,418.0779893629862,99
2024-09-16 11:36:41.194000,418.094995635389,102
2024-09-16 11:36:41.207000,418.036394085808,1000
2024-09-16 11:36:41.221000,418.0832053559892,1002
2024-09-16 11:36:41.227000,418.0398492518879,11
2024-09-16 11:36:41.409000,418.0460045154088,98
2024-09-16 11:36:41.441000,418.03409013688514,995
2024-09-16 11:36:41.512000,418.0610721998572,1000
2024-09-16 11:36:41.583000,418.0872146564332,97
2024-09-16 11:36:41.596000,418.0420649652384,99
2024-09-16 11:36:41.644000,418.0499292463051,999
2024-09-16 11:36:41.690000,418.0283011605894,14
2024-09-16 11:36:41.704000,418.0362793016686,99
2024-09-16 11:36:41.771000,418.0475307113354,1003
2024-09-16 11:36:41.850000,418.0854886248025,105
2024-09-16 11:36:41.897000,418.07425103488686,1003
2024-09-16 11:36:41.920000,418.09714123954,13
2024-09-16 11:36:41.961000,418.0609506754431,9
2024-09-16 11:36:42.027000,418.0413181154493,1004
2024-09-16 11:36:42.086000,418.0515277326706,995
2024-09-16 11:36:42.106000,418.05868510441593,98
2024-09-16 11:36:42.245000,418.0535500752016,996
2024-09-16 11:36:42.522000,418.0425327681116,97
2024-09-16 11:36:42.525000,418.04934376238856,101
2024-09-16 11:36:42.613000,418.03668819970494,1005
2024-09-16 11:36:42.614000,418.046600462902,105
2024-09-16 11:36:42.995000,418.0590392101971,97
2024-09-16 11:36:43.064000,418.0319303660992,105
2024-09-16 11:36:43.068000,418.0656197688495,105
2024-09-16 11:36:43.110000,418.0441911075321,12
2024-09-16 11:36:43.127000,418.0477802639919,104
2024-09-16 11:36:43.175000,418.0738879907695,11
2024-09-16 11:36:43.185000,418.03831850178943,105
2024-09-16 11:36:43.372000,418.1027532828074,96
2024-09-16 11:36:43.510000,418.0662945747687,8
2024-09-16 11:36:43.514000,418.0506189466178,1005
2024-09-16 11:36:43.534000,418.0262723592566,96
2024-09-16 11:36:43.535000,418.096991218896,998
2024-09-16 11:36:43.668000,418.0469835738709,1001
2024-09-16 11:36:43.763000,418.0541232570308,1001
2024-09-16 11:36:43.766000,418.04014098765776,96
2024-09-16 11:36:43.832000,418.0840488946493,13
2024-09-16 11:36:43.845000,418.0653808715863,997
2024-09-16 11:36:43.862000,418.0287053781612,8
2024-09-16 11:36:43.890000,418.0343860407274,5
2024-09-16 11:36:44.010000,418.03554743637375,11
2024-09-16 11:36:44.067000,418.0723623080664,1002
2024-09-16 11:36:44.072000,418.0939145720942,95
2024-09-16 11:36:44.122000,418.07721526246337,10
2024-09-16 11:36:44.187000,418.0743478709998,995
2024-09-16 11:36:44.191000,418.0485316384014,8
2024-09-16 11:36:44.202000,418.05591996865,101
2024-09-16 11:36:44.204000,418.0433356895173,95
2024-09-16 11:36:44.253000,418.07623349385153,97
2024-09-16 11:36:44.287000,418.0574320528183,97
2024-09-16 11:36:44.292000,418.065214301138,102
2024-09-16 11:36:44.309000,418.048959740656,8
2024-09-16 11:36:44.443000,418.0648364040764,1003
2024-09-16 11:36:44.506000,418.0279277143442,7
2024-09-16 11:36:44.519000,418.0545021742307,103
2024-09-16 11:36:44.519000,418.0323415672327,101
2024-09-16 11:36:44.571000,418.0716147851455,104
2024-09-16 11:36:44.653000,418.0805942403209,97
2024-09-16 11:36:44.708000,418.0586072132438,105
2024-09-16 11:36:44.724000,418.0890595216064,11
2024-09-16 11:36:44.757000,418.0449980496708,1001
2024-09-16 11:36:44.762000,418.0318623686061,104
2024-09-16 11:36:44.797000,418.06295366641285,999
2024-09-16 11:36:44.819000,418.07005590660646,105
2024-09-16 11:36:44.874000,418.0710849892589,1003
2024-09-16 11:36:44.925000,418.0781487337647,7
2024-09-16 11:36:44.952000,418.0461155191743,998
2024-09-16 11:36:45.082000,418.11744315738,1001
2024-09-16 11:36:45.093000,418.06709107949246,14
2024-09-16 11:36:45.116000,418.14108409186,96
2024-09-16 11:36:45.153000,418.1366946986639,6
2024-09-16 11:36:45.213000,418.0568065594944,8
2024-09-16 11:36:45.320000,418.126665738564,98
2024-09-16 11:36:45.408000,418.06337481448895,98
2024-09-16 11:36:45.539000,418.0419188182766,1000
2024-09-16 11:36:45.551000,418.1186744006366,100
2024-09-16 11:36:45.583000,418.0938955623258,9
2024-09-16 11:36:45.588000,418.1126348703974,997
2024-09-16 11:36:45.880000,418.1260495293711,6
2024-09-16 11:36:45.914000,418.1340571237105,996
2024-09-16 11:36:45.975000,418.1143099754616,999
2024-09-16 11:36:46.457000,418.1325560200219,10
2024-09-16 11:36:46.760000,418.1337393677823,96
2024-09-16 11:36:46.788000,418.1148231541296,11
2024-09-16 11:36:46.879000,418.12093153177415,105
2024-09-16 11:36:47.125000,418.09902374397774,10
2024-09-16 11:36:47.147000,418.1031491282472,103
2024-09-16 11:36:47.148000,418.0747040670856,101
2024-09-16 11:36:47.162000,418.0745811469498,11
2024-09-16 11:36:47.274000,418.09363428016246,98
2024-09-16 11:36:47.296000,418.0937702838551,96
2024-09-16 11:36:47.554000,418.10614338844914,7
2024-09-16 11:36:47.574000,418.102456164362,10
2024-09-16 11:36:47.576000,418.10093255365575,104
2024-09-16 11:36:47.617000,418.0561332815481,995
2024-09-16 11:36:47.723000,418.07505955306334,97
2024-09-16 11:36:47.760000,418.0708372674475,10
2024-09-16 11:36:47.864000,418.1049980755408,1000
2024-09-16 11:36:47.980000,418.0930065548248,15
2024-09-16 11:36:48.041000,418.1115915215497,11
2024-09-16 11:36:48.067000,418.0767156630607,15
2024-09-16 11:36:48.161000,418.1003094491392,5
2024-09-16 11:36:48.229000,418.0829059081706,1004
2024-09-16 11:36:48.237000,418.13281318609353,13
2024-09-16 11:36:48.246000,418.0557547813761,997
2024-09-16 11:36:48.339000,418.1229663666117,997
2024-09-16 11:36:48.378000,418.0766368206401,996
2024-09-16 11:36:48.412000,418.1311477623778,97
2024-09-16 11:36:48.452000,418.0722614192412,5
2024-09-16 11:36:48.485000,418.1198670521072,10
2024-09-16 11:36:48.680000,418.0620050316092,997
2024-09-16 11:36:48.725000,418.0817003407605,12
2024-09-16 11:36:48.734000,418.0706542718941,100
2024-09-16 11:36:48.813000,418.1281166257564,8
2024-09-16 11:36:48.866000,418.0458889895621,998
2024-09-16 11:36:48.926000,418.0925752362015,13
2024-09-16 11:36:48.933000,418.07813800824346,11
2024-09-16 11:36:49.072000,418.0248532825799,105
2024-09-16 11:36:49.149000,417.9901192861103,8
2024-09-16 11:36:49.174000,418.0156676739828,1005
2024-09-16 11:36:49.183000,418.0224993459635,7
2024-09-16 11:36:49.280000,418.0183996592714,996
2024-09-16 11:36:49.282000,418.0097855886816,100
2024-09-16 11:36:49.309000,418.0289284164713,995
2024-09-16 11:36:49.314000,418.0730261470028,1004
2024-09-16 11:36:49.347000,418.0063542663691,14
2024-09-16 11:36:49.467000,418.02067355453454,8
2024-09-16 11:36:49.483000,418.02468775348655,1003
2024-09-16 11:36:49.486000,418.0014720125336,102
2024-09-16 11:36:49.505000,418.0339226737702,1002
2024-09-16 11:36:49.594000,418.0059128580702,98
2024-09-16 11:36:49.605000,418.02711844289536,12
2024-09-16 11:36:49.619000,418.0455854109096,105
2024-09-16 11:36:49.737000,418.0244074170563,999
2024-09-16 11:36:49.749000,418.0110591365811,101
2024-09-16 11:36:49.805000,418.046149173281,10
2024-09-16 11:36:49.825000,418.02258944156944,14
2024-09-16 11:36:49.929000,418.0265635559764,8
2024-09-16 11:36:50.010000,417.96166798896354,97
2024-09-16 11:36:50.110000,418.01027895000703,6
2024-09-16 11:36:50.155000,418.0252751877007,15
2024-09-16 11:36:50.183000,417.9986595695212,102
2024-09-16 11:36:50.204000,418.0042257157914,99
2024-09-16 11:36:50.291000,418.0298252912378,1005
2024-09-16 11:36:50.299000,418.0097335652127,104
2024-09-16 11:36:50.324000,418.0111401567948,105
2024-09-16 11:36:50.335000,417.98374228668433,104
2024-09-16 11:36:50.343000,417.99909943205415,15
2024-09-16 11:36:50.344000,417.9924412804818,1001
2024-09-16 11:36:50.356000,417.9774857554288,997
2024-09-16 11:36:50.357000,418.025443469009,9
2024-09-16 11:36:50.362000,418.0237154051206,1000
2024-09-16 11:36:50.476000,417.99480883136016,1004
2024-09-16 11:36:50.508000,417.9995246127791,98
2024-09-16 11:36:50.542000,418.01927748163473,10
2024-09-16 11:36:50.592000,417.9743164185292,98
2024-09-16 11:36:50.593000,417.9773535472957,15
2024-09-16 11:36:50.642000,417.9806929930605,10
2024-09-16 11:36:50.740000,418.0011626672191,15
2024-09-16 11:36:50.784000,418.0138218737208,995
2024-09-16 11:36:50.796000,418.0160750523475,5
2024-09-16 11:36:50.814000,417.983107294621,996
2024-09-16 11:36:50.863000,417.9949077370984,15
2024-09-16 11:36:50.868000,417.9924363389068,101
2024-09-16 11:36:50.877000,418.0138853567566,105
2024-09-16 11:36:50.932000,417.9969384419611,9
2024-09-16 11:36:51.020000,418.0296599802663,12
2024-09-16 11:36:51.028000,418.0085630702229,997
2024-09-16 11:36:51.065000,417.990585452776,1003
2024-09-16 11:36:51.081000,418.02489396675344,996
2024-09-16 11:36:51.091000,417.98160456818687,1005
2024-09-16 11:36:51.136000,417.9980562885111,13
2024-09-16 11:36:51.151000,417.9538058165604,1000
2024-09-16 11:36:51.191000,418.0057275535274,97
2024-09-16 11:36:51.199000,418.0122120197236,103
2024-09-16 11:36:51.283000,417.9608789253248,10
2024-09-16 11:36:51.292000,418.00284973085553,13
2024-09-16 11:36:51.432000,417.9439519348632,995
2024-09-16 11:36:51.443000,417.9737710070336,12
2024-09-16 11:36:51.491000,417.9830995318767,100
2024-09-16 11:36:51.491000,417.972999881085,10
2024-09-16 11:36:51.621000,417.9524118047516,998
2024-09-16 11:36:51.644000,417.9947694578907,9
2024-09-16 11:36:51.714000,417.9422421610132,8
2024-09-16 11:36:51.798000,417.99956177853846,997
2024-09-16 11:36:51.823000,417.9593695065664,105
2024-09-16 11:36:51.842000,418.0334925477173,1000
2024-09-16 11:36:51.853000,417.9996755674653,1001
2024-09-16 11:36:51.856000,417.9530002077833,7
2024-09-16 11:36:51.944000,418.0153475576768,11
2024-09-16 11:36:52.098000,418.0630707853108,102
2024-09-16 11:36:52.107000,418.0309711536444,5
2024-09-16 11:36:52.230000,418.048534585718,6
2024-09-16 11:36:52.234000,418.055796511913,1004
2024-09-16 11:36:52.283000,418.0510195392066,14
2024-09-16 11:36:52.289000,418.03158857476456,15
2024-09-16 11:36:52.290000,418.0268351573892,99
2024-09-16 11:36:52.302000,418.0425875150882,996
2024-09-16 11:36:52.356000,418.0447466713084,7
2024-09-16 11:36:52.386000,418.0359074921175,995
2024-09-16 11:36:52.429000,418.0322115053419,105
2024-09-16 11:36:52.442000,418.0444898704899,996
2024-09-16 11:36:52.490000,418.0450736538573,103
2024-09-16 11:36:52.547000,418.0551429082044,9
2024-09-16 11:36:52.550000,418.0380940173496,1003
2024-09-16 11:36:52.568000,418.0333308962296,1004
2024-09-16 11:36:52.624000,418.0483854269253,996
2024-09-16 11:36:52.646000,418.035739681731,1003
2024-09-16 11:36:52.790000,418.04691854650673,105
2024-09-16 11:36:52.837000,418.0537609382269,101
2024-09-16 11:36:52.840000,418.0517210685709,99
2024-09-16 11:36:52.844000,418.0341093151039,1003
2024-09-16 11:36:52.854000,418.0274354110504,1000
2024-09-16 11:36:52.878000,418.0407913297735,96
2024-09-16 11:36:52.897000,418.0409348110114,10
2024-09-16 11:36:52.925000,418.0429448042312,13
2024-09-16 11:36:52.994000,418.0445386688076,997
2024-09-16 11:36:53.646000,418.0324693823761,997
2024-09-16 11:36:54.170000,418.08228976473794,102
2024-09-16 11:36:54.229000,418.092720270171,99
2024-09-16 11:36:54.287000,418.0690111905016,15
2024-09-16 11:36:54.293000,418.0475463211523,999
2024-09-16 11:36:54.425000,418.086259372352,99
2024-09-16 11:36:54.498000,418.0760841575452,1000
2024-09-16 11:36:54.546000,418.0590412601196,999
2024-09-16 11:36:54.577000,418.07981683290575,98
2024-09-16 11:36:54.587000,418.0901408546629,996
2024-09-16 11:36:54.786000,418.06857303352336,99
2024-09-16 11:36:54.849000,418.05975778440137,9
2024-09-16 11:36:55.017000,418.1243458984436,98
2024-09-16 11:36:55.046000,418.1256039794652,96
2024-09-16 11:36:55.080000,418.0573791488383,99
2024-09-16 11:36:55.136000,418.1200230566432,8
2024-09-16 11:36:55.191000,418.13989188383647,8
2024-09-16 11:36:55.199000,418.123294213748,995
2024-09-16 11:36:55.207000,418.0501397054813,13
2024-09-16 11:36:55.209000,418.1343429120999,11
2024-09-16 11:36:55.224000,418.1373075982518,100
2024-09-16 11:36:55.253000,418.1242319662451,996
2024-09-16 11:36:55.320000,418.1486299958207,99
2024-09-16 11:36:55.370000,418.1030240912476,995
2024-09-16 11:36:55.398000,418.1465119762788,996
2024-09-16 11:36:55.443000,418.1338760556527,1000
2024-09-16 11:36:55.467000,418.0748379086667,98
2024-09-16 11:36:55.564000,418.1404550359376,14
2024-09-16 11:36:55.571000,418.1268466126273,9
2024-09-16 11:36:55.588000,418.0682769023532,13
2024-09-16 11:36:55.726000,418.1660469781632,997
2024-09-16 11:36:55.759000,418.1523558214333,1001
2024-09-16 11:36:55.817000,418.1462403618571,101
2024-09-16 11:36:55.951000,418.1094119465491,97
2024-09-16 11:36:55.962000,418.0912712276406,11
2024-09-16 11:36:56.064000,418.150099217869,12
2024-09-16 11:36:56.079000,418.1331872961964,95
2024-09-16 11:36:56.108000,418.1638086973763,8
2024-09-16 11:36:56.239000,418.1795484771472,10
2024-09-16 11:36:56.428000,418.1876067953593,100
2024-09-16 11:36:56.538000,418.1692364704543,95
2024-09-16 11:36:56.595000,418.22107433680975,995
2024-09-16 11:36:56.670000,418.1569041559941,9
2024-09-16 11:36:56.708000,418.1956379545477,10
2024-09-16 11:36:56.759000,418.17570343382255,1001
2024-09-16 11:36:56.828000,418.1814162869461,12
2024-09-16 11:36:56.876000,418.1514245197336,1003
2024-09-16 11:36:56.908000,418.2143031986178,96
2024-09-16 11:36:56.927000,418.14436353898,98
2024-09-16 11:36:56.954000,418.16846023043,95
2024-09-16 11:36:57.018000,418.2309883026447,101
2024-09-16 11:36:57.096000,418.2582142414952,997
2024-09-16 11:36:57.204000,418.2696522632396,996
2024-09-16 11:36:57.291000,418.2476572977177,99
2024-09-16 11:36:57.293000,418.2666661919218,996
2024-09-16 11:36:57.324000,418.28098308739686,1005
2024-09-16 11:36:57.341000,418.2403108570397,12
2024-09-16 11:36:57.370000,418.223195318717,12
2024-09-16 11:36:57.550000,418.2581237996672,10
2024-09-16 11:36:57.629000,418.2513308006783,10
2024-09-16 11:36:57.659000,418.2437486945138,5
2024-09-16 11:36:57.664000,418.22550692458753,15
2024-09-16 11:36:57.684000,418.2218102656651,98
2024-09-16 11:36:58.030000,418.2663358681314,13
2024-09-16 11:36:58.032000,418.232807722978,1002
2024-09-16 11:36:58.115000,418.2855147727585,96
2024-09-16 11:36:58.141000,418.1662901559833,9
2024-09-16 11:36:58.234000,418.24689408364907,8
2024-09-16 11:36:58.238000,418.27017364384176,8
2024-09-16 11:36:58.276000,418.2366918922149,95
2024-09-16 11:36:58.277000,418.27126547167154,10
2024-09-16 11:36:58.283000,418.2287129841769,14
2024-09-16 11:36:58.405000,418.2306545775217,104
2024-09-16 11:36:58.487000,418.2630220847665,13
2024-09-16 11:36:58.509000,418.2633197130192,1002
2024-09-16 11:36:58.522000,418.2336873186772,104
2024-09-16 11:36:58.538000,418.25193922518537,9
2024-09-16 11:36:58.579000,418.2368066187655,105
2024-09-16 11:36:58.580000,418.200271316994,1004
2024-09-16 11:36:58.766000,418.2506559144259,1001
2024-09-16 11:36:58.770000,418.25727041197166,96
2024-09-16 11:36:58.790000,418.26368977459566,995
2024-09-16 11:36:58.841000,418.2516720179868,100
2024-09-16 11:36:58.844000,418.24410337353066,98
2024-09-16 11:36:58.854000,418.2486271124719,1004
2024-09-16 11:36:58.924000,418.2387723265586,14
2024-09-16 11:36:59.067000,418.1625098005393,1005
2024-09-16 11:36:59.082000,418.1560656562818,15
2024-09-16 11:36:59.216000,418.1582283331962,10
2024-09-16 11:36:59.536000,418.18424936244907,14
2024-09-16 11:36:59.555000,418.1639096593308,1005
2024-09-16 11:36:59.599000,418.18396098713646,1003
2024-09-16 11:36:59.694000,418.1611385354015,1002
2024-09-16 11:36:59.797000,418.1581127459883,6
2024-09-16 11:36:59.998000,418.1864397179111,9
