Timestamp,Price,Size
2024-09-17 10:34:00.140000,414.74114431525584,1005
2024-09-17 10:34:00.160000,414.74987554280295,1004
2024-09-17 10:34:00.182000,414.7559023505717,995
2024-09-17 10:34:00.211000,414.7360988308545,1004
2024-09-17 10:34:00.240000,414.7510848961801,12
2024-09-17 10:34:00.318000,414.7564517622548,14
2024-09-17 10:34:00.407000,414.7628800265692,1002
2024-09-17 10:34:00.408000,414.7448462305197,998
2024-09-17 10:34:00.472000,414.7676284090703,100
2024-09-17 10:34:00.505000,414.7388817726762,6
2024-09-17 10:34:00.533000,414.740943744809,7
2024-09-17 10:34:00.548000,414.73754513897353,10
2024-09-17 10:34:00.689000,414.7308923384629,97
2024-09-17 10:34:00.703000,414.7315473137708,997
2024-09-17 10:34:00.746000,414.74855486232656,11
2024-09-17 10:34:00.762000,414.74689929672434,995
2024-09-17 10:34:00.779000,414.7230973215436,1000
2024-09-17 10:34:00.818000,414.74568631683945,1003
2024-09-17 10:34:00.830000,414.7352648931409,1004
2024-09-17 10:34:00.873000,414.74412166539366,96
2024-09-17 10:34:00.884000,414.7395350898277,103
2024-09-17 10:34:00.965000,414.7430513911615,995
2024-09-17 10:34:00.980000,414.7458856134612,7
2024-09-17 10:34:01.177000,414.719458549144,15
2024-09-17 10:34:01.231000,414.69899601244754,97
2024-09-17 10:34:01.298000,414.6671533088167,105
2024-09-17 10:34:01.373000,414.696503996823,103
2024-09-17 10:34:01.483000,414.7078778992429,101
2024-09-17 10:34:01.552000,414.7123963189149,999
2024-09-17 10:34:01.556000,414.6860736754885,11
2024-09-17 10:34:01.572000,414.65193409369925,9
2024-09-17 10:34:01.789000,414.7478220636227,105
2024-09-17 10:34:01.822000,414.6845558085338,9
2024-09-17 10:34:01.867000,414.752113258452,14
2024-09-17 10:34:01.877000,414.6929239849263,103
2024-09-17 10:34:04.063000,414.72113289335545,1005
2024-09-17 10:34:04.342000,414.7239046139499,6
2024-09-17 10:34:04.358000,414.7270689040604,103
2024-09-17 10:34:04.436000,414.72711469401816,96
2024-09-17 10:34:04.604000,414.73441894130485,96
2024-09-17 10:34:04.880000,414.7387245381656,1005
2024-09-17 10:34:05.001000,414.7439592769928,10
2024-09-17 10:34:05.055000,414.7572887787033,104
2024-09-17 10:34:05.056000,414.7421516343391,5
2024-09-17 10:34:05.087000,414.758228181057,98
2024-09-17 10:34:05.181000,414.7734509178984,100
2024-09-17 10:34:05.258000,414.7621334914214,10
2024-09-17 10:34:05.313000,414.7626820448233,10
2024-09-17 10:34:05.336000,414.75871174481534,95
2024-09-17 10:34:05.350000,414.7853640183869,997
2024-09-17 10:34:05.391000,414.7783291189565,97
2024-09-17 10:34:05.392000,414.7413643760365,101
2024-09-17 10:34:05.393000,414.7411158478344,1000
2024-09-17 10:34:05.408000,414.7811314312767,104
2024-09-17 10:34:05.408000,414.7631932281079,1001
2024-09-17 10:34:05.448000,414.7759410425433,1005
2024-09-17 10:34:05.471000,414.7618044233305,14
2024-09-17 10:34:05.562000,414.7783353078807,12
2024-09-17 10:34:05.574000,414.7881844241953,97
2024-09-17 10:34:05.577000,414.7444472667189,1001
2024-09-17 10:34:05.638000,414.7547240062021,1001
2024-09-17 10:34:05.693000,414.7485268163233,103
2024-09-17 10:34:05.708000,414.76037500281626,6
2024-09-17 10:34:05.726000,414.7667421774692,11
2024-09-17 10:34:05.766000,414.7640785494533,995
2024-09-17 10:34:05.782000,414.7750127560748,98
2024-09-17 10:34:05.851000,414.7501361432064,1002
2024-09-17 10:34:05.851000,414.7741655244209,14
2024-09-17 10:34:05.875000,414.77943371714986,98
2024-09-17 10:34:05.905000,414.7432404201545,12
2024-09-17 10:34:05.978000,414.7516632059064,1003
2024-09-17 10:34:06.026000,414.7552971695013,1005
2024-09-17 10:34:06.030000,414.76859006342426,102
2024-09-17 10:34:06.098000,414.7529079592844,13
2024-09-17 10:34:06.139000,414.7598726769467,9
2024-09-17 10:34:06.199000,414.7501468897319,14
2024-09-17 10:34:06.202000,414.7574842646566,97
2024-09-17 10:34:06.225000,414.760811332495,97
2024-09-17 10:34:06.326000,414.759674113824,99
2024-09-17 10:34:06.337000,414.7475585446341,98
2024-09-17 10:34:06.356000,414.7513728261321,997
2024-09-17 10:34:06.357000,414.7353075464639,1002
2024-09-17 10:34:06.387000,414.7461026898529,98
2024-09-17 10:34:06.488000,414.7545071850453,103
2024-09-17 10:34:06.494000,414.7573627850146,999
2024-09-17 10:34:06.523000,414.7365074812594,102
2024-09-17 10:34:06.640000,414.7554327124744,14
2024-09-17 10:34:06.736000,414.7562194895382,8
2024-09-17 10:34:06.752000,414.7675161327342,996
2024-09-17 10:34:06.808000,414.73220221047166,1001
2024-09-17 10:34:06.852000,414.73599641752935,996
2024-09-17 10:34:07.037000,414.7575975973477,8
2024-09-17 10:34:07.178000,414.7665229017457,1000
2024-09-17 10:34:07.292000,414.75597295244086,1001
2024-09-17 10:34:07.811000,414.7445892340648,1002
2024-09-17 10:34:08.055000,414.8231792876082,996
2024-09-17 10:34:08.128000,414.8468587043516,996
2024-09-17 10:34:08.328000,414.7938717927136,97
2024-09-17 10:34:08.421000,414.76955417616,998
2024-09-17 10:34:08.437000,414.7905902551209,101
2024-09-17 10:34:08.465000,414.8547530666432,6
2024-09-17 10:34:08.511000,414.7564569705388,95
2024-09-17 10:34:08.590000,414.7775862863477,1001
2024-09-17 10:34:08.647000,414.7979933138353,12
2024-09-17 10:34:08.821000,414.81107215421457,13
2024-09-17 10:34:08.903000,414.8155474114533,1005
2024-09-17 10:34:08.954000,414.7607538546985,99
2024-09-17 10:34:08.988000,414.816025314943,998
2024-09-17 10:34:09.218000,414.8762433613346,103
2024-09-17 10:34:09.305000,414.874598851698,104
2024-09-17 10:34:09.423000,414.8900636758439,105
2024-09-17 10:34:09.425000,414.8648195122517,101
2024-09-17 10:34:09.453000,414.8697945135677,104
2024-09-17 10:34:09.583000,414.85073738399615,13
2024-09-17 10:34:09.663000,414.8619324122094,996
2024-09-17 10:34:09.699000,414.8858463169077,7
2024-09-17 10:34:09.762000,414.8704016035917,1003
2024-09-17 10:34:09.769000,414.85171646029823,96
2024-09-17 10:34:09.810000,414.83580376002885,1004
2024-09-17 10:34:09.825000,414.864816200991,97
2024-09-17 10:34:09.838000,414.8781117959859,102
2024-09-17 10:34:09.935000,414.879991539759,8
2024-09-17 10:34:10.016000,414.8580770871129,15
2024-09-17 10:34:10.030000,414.826547052213,15
2024-09-17 10:34:10.045000,414.83591707663567,1005
2024-09-17 10:34:10.099000,414.8611332586958,13
2024-09-17 10:34:10.102000,414.8663854261968,97
2024-09-17 10:34:10.267000,414.82626904239294,96
2024-09-17 10:34:10.291000,414.83503506314463,999
2024-09-17 10:34:10.372000,414.857381489785,996
2024-09-17 10:34:10.452000,414.8280959802879,14
2024-09-17 10:34:10.510000,414.8246442457697,99
2024-09-17 10:34:10.570000,414.8335878121856,1003
2024-09-17 10:34:10.577000,414.83945519169424,997
2024-09-17 10:34:10.649000,414.8445876227455,5
2024-09-17 10:34:10.743000,414.8607356420905,11
2024-09-17 10:34:10.770000,414.8549730647237,1000
2024-09-17 10:34:10.806000,414.8660520480531,105
2024-09-17 10:34:10.840000,414.87449114830366,999
2024-09-17 10:34:10.899000,414.8839617661321,102
2024-09-17 10:34:10.978000,414.8570946464189,95
2024-09-17 10:34:11.064000,414.8335037918137,6
2024-09-17 10:34:11.090000,414.8647784098966,103
2024-09-17 10:34:11.105000,414.84754345123145,6
2024-09-17 10:34:11.109000,414.8719984485227,97
2024-09-17 10:34:11.139000,414.828113454513,14
2024-09-17 10:34:11.174000,414.82607140687054,1001
2024-09-17 10:34:11.267000,414.84934401025663,1005
2024-09-17 10:34:11.292000,414.8303229953477,95
2024-09-17 10:34:11.303000,414.8370735298328,6
2024-09-17 10:34:11.323000,414.8330871503397,996
2024-09-17 10:34:11.324000,414.8409534845708,7
2024-09-17 10:34:11.352000,414.8527807822013,9
2024-09-17 10:34:11.371000,414.82350435873866,8
2024-09-17 10:34:11.442000,414.8466052717797,1003
2024-09-17 10:34:11.486000,414.8446538374979,996
2024-09-17 10:34:11.565000,414.8366441910277,11
2024-09-17 10:34:11.582000,414.8847487554567,101
2024-09-17 10:34:11.624000,414.8306335471868,96
2024-09-17 10:34:11.668000,414.8568518497329,995
2024-09-17 10:34:11.688000,414.8582504614721,15
2024-09-17 10:34:11.689000,414.8309592761608,995
2024-09-17 10:34:11.706000,414.8533157005397,8
2024-09-17 10:34:11.715000,414.866369861326,96
2024-09-17 10:34:11.726000,414.8497213509633,1005
2024-09-17 10:34:11.747000,414.85408191760376,103
2024-09-17 10:34:11.778000,414.8169450075351,15
2024-09-17 10:34:11.931000,414.8393600541872,95
2024-09-17 10:34:11.938000,414.85459971807137,1005
2024-09-17 10:34:11.966000,414.8413844708632,96
2024-09-17 10:34:12.063000,414.87285815128814,15
2024-09-17 10:34:12.077000,414.8759638635125,99
2024-09-17 10:34:12.158000,414.8626051586533,14
2024-09-17 10:34:12.163000,414.8502571154392,14
2024-09-17 10:34:12.207000,414.8818938664402,1001
2024-09-17 10:34:12.255000,414.8813512541837,8
2024-09-17 10:34:12.265000,414.859074862113,9
2024-09-17 10:34:12.295000,414.9018466551287,13
2024-09-17 10:34:12.319000,414.8624886306934,11
2024-09-17 10:34:12.348000,414.88024232951705,15
2024-09-17 10:34:12.364000,414.8434690018058,99
2024-09-17 10:34:12.377000,414.8788257693851,101
2024-09-17 10:34:12.380000,414.8907707019533,95
2024-09-17 10:34:12.439000,414.8921607641887,103
2024-09-17 10:34:12.536000,414.86331044975975,98
2024-09-17 10:34:12.540000,414.8769614414177,15
2024-09-17 10:34:12.546000,414.868347916146,95
2024-09-17 10:34:12.629000,414.8714592170346,6
2024-09-17 10:34:12.647000,414.87143931238296,12
2024-09-17 10:34:12.679000,414.8807306565802,1000
2024-09-17 10:34:12.750000,414.8730405241957,1004
2024-09-17 10:34:12.763000,414.8560912811137,9
2024-09-17 10:34:12.935000,414.868617000833,1005
2024-09-17 10:34:13.105000,414.8471537685555,15
2024-09-17 10:34:13.162000,414.84386117701706,10
2024-09-17 10:34:13.287000,414.8226056976831,99
2024-09-17 10:34:13.410000,414.86509339245725,1001
2024-09-17 10:34:13.431000,414.8719239972871,95
2024-09-17 10:34:13.462000,414.872335596087,997
2024-09-17 10:34:13.486000,414.833310591976,1001
2024-09-17 10:34:13.532000,414.8293318073704,1005
2024-09-17 10:34:13.566000,414.8236245323805,1000
2024-09-17 10:34:13.579000,414.8580063461112,101
2024-09-17 10:34:13.718000,414.8298002292921,103
2024-09-17 10:34:13.721000,414.8553678048717,96
2024-09-17 10:34:13.836000,414.85510167560943,97
2024-09-17 10:34:13.853000,414.83392012585045,98
2024-09-17 10:34:13.889000,414.85046675154047,999
2024-09-17 10:34:13.912000,414.8124068488704,9
2024-09-17 10:34:14.016000,414.9133027587209,7
2024-09-17 10:34:14.039000,414.9130609705462,10
2024-09-17 10:34:14.076000,414.9019365539761,9
2024-09-17 10:34:14.149000,414.9341532307653,7
2024-09-17 10:34:14.336000,414.9368660378598,8
2024-09-17 10:34:14.351000,414.868968712859,996
2024-09-17 10:34:14.352000,414.910435567276,1001
2024-09-17 10:34:14.400000,414.9366344764075,105
2024-09-17 10:34:14.577000,414.8971166378588,998
2024-09-17 10:34:14.599000,414.8641017900476,104
2024-09-17 10:34:14.622000,414.9137185205473,105
2024-09-17 10:34:14.642000,414.8698255071424,14
2024-09-17 10:34:14.681000,414.90607423897694,99
2024-09-17 10:34:14.681000,414.9159163993672,100
2024-09-17 10:34:14.702000,414.9367616335978,99
2024-09-17 10:34:14.764000,414.8845591613058,6
2024-09-17 10:34:14.772000,414.8737965034449,9
2024-09-17 10:34:14.794000,414.9232589092197,12
2024-09-17 10:34:14.819000,414.8989521276522,99
2024-09-17 10:34:14.850000,414.9099081607784,98
2024-09-17 10:34:14.919000,414.8593029801574,96
2024-09-17 10:34:14.983000,414.9238689011285,15
2024-09-17 10:34:15.121000,414.9203870808988,997
2024-09-17 10:34:15.141000,414.8893803414321,102
2024-09-17 10:34:15.217000,414.9156134700978,105
2024-09-17 10:34:15.331000,414.8902531808517,996
2024-09-17 10:34:15.375000,414.8819027769566,100
2024-09-17 10:34:15.397000,414.9329701048909,101
2024-09-17 10:34:15.521000,414.8957545509046,13
2024-09-17 10:34:15.540000,414.93346317805657,1003
2024-09-17 10:34:15.542000,414.9053306446176,95
2024-09-17 10:34:15.678000,414.9267683532816,100
2024-09-17 10:34:15.723000,414.90383042520426,100
2024-09-17 10:34:15.742000,414.9070689833642,8
2024-09-17 10:34:15.760000,414.9276371618192,12
2024-09-17 10:34:15.763000,414.8766608961611,98
2024-09-17 10:34:15.813000,414.93695817949015,8
2024-09-17 10:34:15.823000,414.8865977531259,103
2024-09-17 10:34:15.930000,414.8990616464192,1004
2024-09-17 10:34:16.159000,414.8304735340819,10
2024-09-17 10:34:16.234000,414.87970932771486,12
2024-09-17 10:34:16.442000,414.864316970702,103
2024-09-17 10:34:16.483000,414.8683747669008,11
2024-09-17 10:34:16.498000,414.8539558608732,1000
2024-09-17 10:34:16.859000,414.87151564982537,1002
2024-09-17 10:34:17.090000,414.9131269578423,6
2024-09-17 10:34:17.101000,414.8882678549889,100
2024-09-17 10:34:17.126000,414.8572951957012,999
2024-09-17 10:34:17.149000,414.8875712746811,97
2024-09-17 10:34:17.218000,414.93061209274526,6
2024-09-17 10:34:17.227000,414.9282524231518,104
2024-09-17 10:34:17.238000,414.8469662891978,1002
2024-09-17 10:34:17.257000,414.8450569325085,996
2024-09-17 10:34:17.302000,414.8664389497888,99
2024-09-17 10:34:17.343000,414.8699308987048,100
2024-09-17 10:34:17.355000,414.85287653472966,9
2024-09-17 10:34:17.367000,414.9017832276376,15
2024-09-17 10:34:17.377000,414.85103698589296,12
2024-09-17 10:34:17.405000,414.8518710574592,1003
2024-09-17 10:34:17.427000,414.9141108469833,999
2024-09-17 10:34:17.542000,414.89069115426025,102
2024-09-17 10:34:17.688000,414.8676697232525,97
2024-09-17 10:34:17.727000,414.8391929021235,1002
2024-09-17 10:34:17.790000,414.84904579054125,997
2024-09-17 10:34:17.798000,414.8641414802973,1004
2024-09-17 10:34:17.865000,414.8638788746993,98
2024-09-17 10:34:18.132000,414.9280888131999,95
2024-09-17 10:34:18.156000,414.9396684652221,13
2024-09-17 10:34:18.165000,414.9821496749272,1000
2024-09-17 10:34:18.194000,414.9305776707531,14
2024-09-17 10:34:18.204000,414.9614972094014,101
2024-09-17 10:34:18.269000,414.9485872805161,105
2024-09-17 10:34:18.295000,414.93443226975455,95
2024-09-17 10:34:18.327000,414.9420999945696,10
2024-09-17 10:34:18.337000,414.9468749882063,105
2024-09-17 10:34:18.377000,414.9384352838927,99
2024-09-17 10:34:18.386000,414.9458024437434,1005
2024-09-17 10:34:18.394000,414.9300855083516,99
2024-09-17 10:34:18.399000,414.94871971585695,11
2024-09-17 10:34:18.505000,414.97766927655147,15
2024-09-17 10:34:18.553000,414.9362191140087,14
2024-09-17 10:34:18.612000,414.9460336826985,100
2024-09-17 10:34:18.641000,414.9428449355646,6
2024-09-17 10:34:18.682000,414.9579619010224,1002
2024-09-17 10:34:18.720000,414.9322297979416,998
2024-09-17 10:34:18.818000,414.9415917431684,104
2024-09-17 10:34:18.839000,414.9572101617328,8
2024-09-17 10:34:18.885000,414.9436163283149,13
2024-09-17 10:34:18.922000,414.9510828394154,9
2024-09-17 10:34:18.933000,414.9350270612103,1003
2024-09-17 10:34:18.960000,414.9767970925869,997
2024-09-17 10:34:19.048000,414.9637136657252,11
2024-09-17 10:34:19.165000,414.97162179261227,99
2024-09-17 10:34:19.309000,414.980472248162,5
2024-09-17 10:34:19.313000,414.9408558127122,11
2024-09-17 10:34:19.349000,414.9475724990868,95
2024-09-17 10:34:19.468000,414.9564077519454,7
2024-09-17 10:34:19.495000,414.9611698140241,1005
2024-09-17 10:34:19.512000,414.9326574355997,1005
2024-09-17 10:34:19.513000,414.9837304526087,14
2024-09-17 10:34:19.626000,414.9497030423608,995
2024-09-17 10:34:19.633000,414.9377640722834,103
2024-09-17 10:34:19.659000,414.93195839696006,7
2024-09-17 10:34:19.675000,414.9545025434524,6
2024-09-17 10:34:19.774000,414.9368594556835,14
2024-09-17 10:34:19.838000,414.9267011204271,998
2024-09-17 10:34:19.854000,414.971899701322,100
2024-09-17 10:34:19.921000,414.9212823910864,998
2024-09-17 10:34:20.010000,415.0549589439884,9
2024-09-17 10:34:20.015000,415.0533219860158,97
2024-09-17 10:34:20.050000,415.0359934488485,101
2024-09-17 10:34:20.105000,415.06161804991336,997
2024-09-17 10:34:20.174000,415.0029588339055,98
2024-09-17 10:34:20.194000,414.9660856837625,104
2024-09-17 10:34:20.225000,415.02992344264527,8
2024-09-17 10:34:20.268000,415.07036630674816,1000
2024-09-17 10:34:20.334000,415.0128368337844,7
2024-09-17 10:34:20.353000,415.0580887563436,98
2024-09-17 10:34:20.440000,415.0486079407494,998
2024-09-17 10:34:20.446000,415.05366194210944,103
2024-09-17 10:34:20.471000,415.0573278799562,998
2024-09-17 10:34:20.509000,415.04118304612615,1004
2024-09-17 10:34:20.550000,414.9897570214797,995
2024-09-17 10:34:20.630000,415.0600099196251,1001
2024-09-17 10:34:20.686000,414.9416880151401,6
2024-09-17 10:34:20.715000,415.02678563473154,14
2024-09-17 10:34:20.762000,415.0207076071546,999
2024-09-17 10:34:20.771000,414.94371623453975,1000
2024-09-17 10:34:20.861000,415.03137119169776,1004
2024-09-17 10:34:20.873000,415.0296178801398,96
2024-09-17 10:34:20.883000,415.0517135253486,1000
2024-09-17 10:34:20.898000,414.9878224271625,97
2024-09-17 10:34:20.910000,414.96883103704977,1001
2024-09-17 10:34:20.929000,415.0695797372528,101
2024-09-17 10:34:20.978000,415.036600504939,1003
2024-09-17 10:34:21.005000,414.9942519011797,1004
2024-09-17 10:34:21.110000,415.00602452128265,8
2024-09-17 10:34:21.167000,414.9783448716715,105
2024-09-17 10:34:21.173000,415.00358299874097,105
2024-09-17 10:34:21.217000,414.9970276228983,10
2024-09-17 10:34:21.302000,415.0371655486973,105
2024-09-17 10:34:21.387000,414.9930833175303,98
2024-09-17 10:34:21.393000,414.9929947493702,6
2024-09-17 10:34:21.447000,414.9921978335688,1002
2024-09-17 10:34:21.490000,414.9704957352682,100
2024-09-17 10:34:21.510000,415.0090866485942,14
2024-09-17 10:34:21.521000,415.0134420767535,100
2024-09-17 10:34:21.617000,415.0047791126414,96
2024-09-17 10:34:21.640000,414.999346942343,15
2024-09-17 10:34:21.700000,415.0159692953561,105
2024-09-17 10:34:21.718000,415.0470916639129,5
2024-09-17 10:34:21.759000,414.99754925777,15
2024-09-17 10:34:21.775000,414.98649031532585,7
2024-09-17 10:34:21.786000,415.0331051097858,12
2024-09-17 10:34:21.831000,415.0081181897065,14
2024-09-17 10:34:21.842000,415.0049202507,997
2024-09-17 10:34:21.885000,415.0115708271432,103
2024-09-17 10:34:21.907000,415.0101285357881,997
2024-09-17 10:34:21.929000,415.00564331989614,14
2024-09-17 10:34:21.940000,415.02852285343744,1004
2024-09-17 10:34:21.964000,415.02143381467306,7
2024-09-17 10:34:21.984000,415.0114406499511,1003
2024-09-17 10:34:21.987000,415.0073613349553,996
2024-09-17 10:34:22.104000,415.0346703760405,997
2024-09-17 10:34:22.148000,415.0534188311489,11
2024-09-17 10:34:22.155000,415.0043084023506,99
2024-09-17 10:34:22.209000,415.0682690427851,997
2024-09-17 10:34:22.292000,415.0035994873512,998
2024-09-17 10:34:22.399000,415.0766174229488,101
2024-09-17 10:34:22.500000,415.0122816769045,6
2024-09-17 10:34:22.559000,415.09787655226455,8
2024-09-17 10:34:22.576000,415.0701765096461,10
2024-09-17 10:34:22.580000,415.0393077384121,98
2024-09-17 10:34:22.592000,415.076624982095,1001
2024-09-17 10:34:22.752000,415.0695883600661,9
2024-09-17 10:34:22.829000,415.038366463533,8
2024-09-17 10:34:22.858000,415.012362821724,1002
2024-09-17 10:34:22.912000,415.0458942913992,5
2024-09-17 10:34:22.926000,415.0962610112418,101
2024-09-17 10:34:22.937000,415.01560175857776,999
2024-09-17 10:34:22.950000,415.0898159656485,997
2024-09-17 10:34:23.033000,414.98706334009626,11
2024-09-17 10:34:23.086000,414.93436794607226,104
2024-09-17 10:34:23.241000,414.9147288077686,997
2024-09-17 10:34:23.271000,414.9747077599522,12
2024-09-17 10:34:23.272000,414.9828175676605,14
2024-09-17 10:34:23.385000,414.8947048615259,97
2024-09-17 10:34:23.438000,415.0002454430363,95
2024-09-17 10:34:23.449000,415.0032441426013,103
2024-09-17 10:34:23.470000,414.9707767804148,104
2024-09-17 10:34:23.482000,415.0029355066024,14
2024-09-17 10:34:23.533000,414.994219825076,103
2024-09-17 10:34:23.613000,414.97191384465214,997
2024-09-17 10:34:23.618000,414.99887245285777,1001
2024-09-17 10:34:23.689000,414.99107934402826,105
2024-09-17 10:34:23.796000,414.94597542693725,5
2024-09-17 10:34:23.808000,414.8888683727962,12
2024-09-17 10:34:23.851000,414.9843852931476,1004
2024-09-17 10:34:23.921000,414.9690818926285,103
2024-09-17 10:34:23.971000,414.9720249789268,996
2024-09-17 10:34:24.131000,414.8884877064871,100
2024-09-17 10:34:24.183000,414.87590123769,95
2024-09-17 10:34:24.307000,414.8824504704235,1005
2024-09-17 10:34:24.755000,414.87381259078,997
2024-09-17 10:34:24.762000,414.88774834235466,105
2024-09-17 10:34:24.900000,414.900815177168,14
2024-09-17 10:34:25.176000,414.8668857397022,12
2024-09-17 10:34:25.226000,414.8386286399936,8
2024-09-17 10:34:25.313000,414.8685992247955,13
2024-09-17 10:34:25.388000,414.8711595053837,96
2024-09-17 10:34:25.676000,414.8497756398097,998
2024-09-17 10:34:25.757000,414.85520747310727,100
2024-09-17 10:34:25.986000,414.83656717860646,996
2024-09-17 10:34:26.134000,414.8558676055383,1002
2024-09-17 10:34:26.271000,414.85341237859336,100
2024-09-17 10:34:26.282000,414.8528764047799,97
2024-09-17 10:34:26.390000,414.8470383495207,13
2024-09-17 10:34:26.506000,414.8472169603801,10
2024-09-17 10:34:26.542000,414.8531212001236,9
2024-09-17 10:34:26.568000,414.8638493519704,95
2024-09-17 10:34:26.705000,414.8669535754865,1004
2024-09-17 10:34:26.858000,414.8717365894202,999
2024-09-17 10:34:26.873000,414.8731684330195,5
2024-09-17 10:34:26.891000,414.8625973341944,8
2024-09-17 10:34:26.899000,414.86967524191664,105
2024-09-17 10:34:27.004000,414.88704395696095,1004
2024-09-17 10:34:27.123000,414.88518024244246,105
2024-09-17 10:34:27.137000,414.89775913474,995
2024-09-17 10:34:27.142000,414.84680529257406,999
2024-09-17 10:34:27.146000,414.8875003470461,1000
2024-09-17 10:34:27.169000,414.9247263553481,998
2024-09-17 10:34:27.183000,414.9067816618279,14
2024-09-17 10:34:27.218000,414.8788767888345,15
2024-09-17 10:34:27.330000,414.91713816491045,13
2024-09-17 10:34:27.366000,414.9162020526273,995
2024-09-17 10:34:27.386000,414.89977022084656,6
2024-09-17 10:34:27.402000,414.91075130232167,998
2024-09-17 10:34:27.410000,414.8531748525164,101
2024-09-17 10:34:27.427000,414.9309995452451,6
2024-09-17 10:34:27.452000,414.8482629216601,6
2024-09-17 10:34:27.558000,414.8792614128834,996
2024-09-17 10:34:27.766000,414.8435049392336,13
2024-09-17 10:34:27.806000,414.89244620969896,1000
2024-09-17 10:34:27.849000,414.8763038073315,997
2024-09-17 10:34:27.858000,414.9285872185528,1003
2024-09-17 10:34:27.877000,414.9135180098276,11
2024-09-17 10:34:27.916000,414.88939432203847,996
2024-09-17 10:34:27.917000,414.91786497853167,1003
2024-09-17 10:34:27.984000,414.9246378943101,95
2024-09-17 10:34:27.986000,414.8858808818145,999
2024-09-17 10:34:27.991000,414.84540239813447,1001
2024-09-17 10:34:28.018000,414.7547291829637,96
2024-09-17 10:34:28.038000,414.7855308263574,104
2024-09-17 10:34:28.118000,414.7700764692878,996
2024-09-17 10:34:28.140000,414.8355024735507,98
2024-09-17 10:34:28.235000,414.7994428287873,104
2024-09-17 10:34:28.259000,414.7996563482382,11
2024-09-17 10:34:28.388000,414.8308658012583,997
2024-09-17 10:34:28.484000,414.7878145531553,95
2024-09-17 10:34:28.549000,414.7388694437518,105
2024-09-17 10:34:28.571000,414.7532519970644,102
2024-09-17 10:34:28.681000,414.7325018260557,12
2024-09-17 10:34:28.732000,414.7341611767017,11
2024-09-17 10:34:28.744000,414.7706788032496,13
2024-09-17 10:34:28.841000,414.7276958170959,95
2024-09-17 10:34:28.853000,414.82140471530266,99
2024-09-17 10:34:28.928000,414.7456965036541,995
2024-09-17 10:34:29.005000,414.75544199721145,102
2024-09-17 10:34:29.009000,414.74651477977466,104
2024-09-17 10:34:29.058000,414.74117295705815,14
2024-09-17 10:34:29.131000,414.7501505317532,14
2024-09-17 10:34:29.162000,414.72350168689707,96
2024-09-17 10:34:29.184000,414.7511168944197,8
2024-09-17 10:34:29.193000,414.6993351026373,1001
2024-09-17 10:34:29.267000,414.7248331265795,997
2024-09-17 10:34:29.282000,414.7503621988707,6
2024-09-17 10:34:29.313000,414.7609132685763,1003
2024-09-17 10:34:29.327000,414.7506874674765,998
2024-09-17 10:34:29.419000,414.7236563080458,999
2024-09-17 10:34:29.466000,414.74568896366577,8
2024-09-17 10:34:29.667000,414.7469640794923,99
2024-09-17 10:34:29.676000,414.7536143066629,996
2024-09-17 10:34:29.691000,414.7331939197046,14
2024-09-17 10:34:29.757000,414.7513081386575,14
2024-09-17 10:34:29.784000,414.7517812199916,8
2024-09-17 10:34:29.804000,414.73641900271593,11
2024-09-17 10:34:29.845000,414.7595782329118,11
2024-09-17 10:34:29.944000,414.75835875623625,15
2024-09-17 10:34:30.288000,414.7042419657501,101
2024-09-17 10:34:30.291000,414.6956259034133,14
2024-09-17 10:34:30.322000,414.7107514437189,8
2024-09-17 10:34:30.356000,414.6933706015234,14
2024-09-17 10:34:30.499000,414.70430901251336,1003
2024-09-17 10:34:30.563000,414.6997243777868,96
2024-09-17 10:34:30.607000,414.6787505442624,100
2024-09-17 10:34:30.817000,414.6887326352069,102
2024-09-17 10:34:30.862000,414.6965527052855,1002
2024-09-17 10:34:30.877000,414.7144543467844,95
2024-09-17 10:34:31.167000,414.7033976550776,8
2024-09-17 10:34:31.277000,414.7151036269357,99
2024-09-17 10:34:31.582000,414.7114266978036,95
2024-09-17 10:34:31.622000,414.6888652286996,7
2024-09-17 10:34:31.715000,414.7220250438952,8
2024-09-17 10:34:31.721000,414.6957601432286,995
2024-09-17 10:34:31.726000,414.6990626896646,12
2024-09-17 10:34:31.747000,414.6856567072886,1005
2024-09-17 10:34:32.018000,414.75058585080535,101
2024-09-17 10:34:32.165000,414.7133681854673,9
2024-09-17 10:34:32.199000,414.7478654109213,1005
2024-09-17 10:34:32.214000,414.6976014712272,995
2024-09-17 10:34:32.215000,414.7438303483889,995
2024-09-17 10:34:32.273000,414.7408233300072,11
2024-09-17 10:34:32.293000,414.7159761053018,1002
2024-09-17 10:34:32.310000,414.73396266560974,998
2024-09-17 10:34:32.329000,414.6951062927935,99
2024-09-17 10:34:32.356000,414.7349665468048,104
2024-09-17 10:34:32.391000,414.7456413917871,8
2024-09-17 10:34:32.393000,414.7399939571793,15
2024-09-17 10:34:32.429000,414.7489911951146,104
2024-09-17 10:34:32.447000,414.73300421033167,995
2024-09-17 10:34:32.472000,414.7148639151448,15
2024-09-17 10:34:32.602000,414.71906015774886,1005
2024-09-17 10:34:32.615000,414.73727823978703,96
2024-09-17 10:34:32.652000,414.7120403115837,96
2024-09-17 10:34:32.750000,414.7221601516702,8
2024-09-17 10:34:32.896000,414.71371549121386,8
2024-09-17 10:34:32.956000,414.7308303394794,12
2024-09-17 10:34:34.020000,414.61744169058727,99
2024-09-17 10:34:34.021000,414.669890001717,101
2024-09-17 10:34:34.121000,414.57639181853,1001
2024-09-17 10:34:34.187000,414.6772982751359,104
2024-09-17 10:34:34.218000,414.6497409815998,104
2024-09-17 10:34:34.362000,414.7021432666549,15
2024-09-17 10:34:34.465000,414.6494154127689,6
2024-09-17 10:34:34.504000,414.6525549320979,100
2024-09-17 10:34:34.532000,414.6886940203239,1002
2024-09-17 10:34:34.540000,414.66130848171264,14
2024-09-17 10:34:34.619000,414.65338732186126,1001
2024-09-17 10:34:34.630000,414.6618724451623,1001
2024-09-17 10:34:34.641000,414.6812907089508,12
2024-09-17 10:34:34.683000,414.6879412539793,98
2024-09-17 10:34:34.685000,414.7032104697235,101
2024-09-17 10:34:34.717000,414.6650421550818,100
2024-09-17 10:34:34.750000,414.678895715598,105
2024-09-17 10:34:34.822000,414.6613059710891,9
2024-09-17 10:34:34.842000,414.6342133656717,14
2024-09-17 10:34:34.880000,414.6672346249216,103
2024-09-17 10:34:34.978000,414.6025639550778,6
2024-09-17 10:34:35.244000,414.6075685828723,104
2024-09-17 10:34:35.375000,414.5886418856332,5
2024-09-17 10:34:35.421000,414.6045995610385,999
2024-09-17 10:34:35.488000,414.6072993468103,5
2024-09-17 10:34:35.663000,414.5973376892368,1001
2024-09-17 10:34:35.667000,414.59621334611046,998
2024-09-17 10:34:35.808000,414.6291331815966,12
2024-09-17 10:34:36,414.61984420297296,99
2024-09-17 10:34:36.033000,414.5742941873165,104
2024-09-17 10:34:36.054000,414.5734788645721,7
2024-09-17 10:34:36.095000,414.59251880133166,7
2024-09-17 10:34:36.145000,414.6258380928928,97
2024-09-17 10:34:36.343000,414.5638875542789,100
2024-09-17 10:34:36.434000,414.5802250641133,7
2024-09-17 10:34:36.444000,414.5924931580247,11
2024-09-17 10:34:36.491000,414.5986005731002,8
2024-09-17 10:34:36.491000,414.5638349568893,998
2024-09-17 10:34:36.511000,414.599059027876,996
2024-09-17 10:34:36.515000,414.5962353560704,95
2024-09-17 10:34:36.521000,414.6011253801043,997
2024-09-17 10:34:36.576000,414.6050446230131,100
2024-09-17 10:34:36.628000,414.6091892123151,14
2024-09-17 10:34:36.660000,414.5934556947736,1001
2024-09-17 10:34:36.668000,414.6096148004195,10
2024-09-17 10:34:36.699000,414.6157840915466,1002
2024-09-17 10:34:36.955000,414.6139332128855,999
2024-09-17 10:34:36.997000,414.5834487079503,14
2024-09-17 10:34:37.118000,414.56567037191854,8
2024-09-17 10:34:37.203000,414.5614469290086,97
2024-09-17 10:34:37.221000,414.5766935496925,6
2024-09-17 10:34:37.269000,414.6072342872667,102
2024-09-17 10:34:37.454000,414.60712238440175,96
2024-09-17 10:34:37.462000,414.6065716821366,13
2024-09-17 10:34:37.566000,414.58667161519406,100
2024-09-17 10:34:37.578000,414.5928035810393,6
2024-09-17 10:34:37.899000,414.6130974111816,6
2024-09-17 10:34:37.938000,414.5950884183757,9
2024-09-17 10:34:37.972000,414.5980339246569,1000
2024-09-17 10:34:38.004000,414.66684888575975,98
2024-09-17 10:34:38.009000,414.6607795087304,998
2024-09-17 10:34:38.020000,414.6011615422484,102
2024-09-17 10:34:38.033000,414.6810876240887,96
2024-09-17 10:34:38.046000,414.567119460717,12
2024-09-17 10:34:38.166000,414.6327417419223,9
2024-09-17 10:34:38.214000,414.7329891835985,997
2024-09-17 10:34:38.239000,414.6561890112725,100
2024-09-17 10:34:38.259000,414.7344012642586,1000
2024-09-17 10:34:38.280000,414.6876840382651,99
2024-09-17 10:34:38.306000,414.63513166285423,996
2024-09-17 10:34:38.354000,414.6951352614191,12
2024-09-17 10:34:38.439000,414.618487268834,1003
2024-09-17 10:34:38.506000,414.7287696238696,7
2024-09-17 10:34:38.523000,414.5653733623025,998
2024-09-17 10:34:38.611000,414.71355036688976,97
2024-09-17 10:34:38.612000,414.67845685225615,996
2024-09-17 10:34:38.629000,414.68085136293337,1000
2024-09-17 10:34:38.654000,414.5857001695511,1001
2024-09-17 10:34:38.714000,414.62866448470254,96
2024-09-17 10:34:38.776000,414.7330182108171,1003
2024-09-17 10:34:38.787000,414.719330137231,998
2024-09-17 10:34:38.802000,414.55659935827225,99
2024-09-17 10:34:38.846000,414.6308739135315,1004
2024-09-17 10:34:38.890000,414.5873100228934,97
2024-09-17 10:34:38.945000,414.58966384777216,15
2024-09-17 10:34:38.947000,414.7300448038898,14
2024-09-17 10:34:38.948000,414.5686430132902,1005
2024-09-17 10:34:38.987000,414.6515593675248,997
2024-09-17 10:34:39.132000,414.6963222865258,5
2024-09-17 10:34:40.017000,414.6774929433981,1003
2024-09-17 10:34:40.157000,414.70194605988064,14
2024-09-17 10:34:40.265000,414.6955087254149,998
2024-09-17 10:34:40.269000,414.68639090150407,101
2024-09-17 10:34:40.291000,414.7533285884245,7
2024-09-17 10:34:40.315000,414.695696603487,103
2024-09-17 10:34:40.346000,414.7216874456688,1001
2024-09-17 10:34:40.460000,414.70388916808224,996
2024-09-17 10:34:40.467000,414.6913130339549,102
2024-09-17 10:34:40.473000,414.7057882560924,1005
2024-09-17 10:34:40.658000,414.6925020228256,1004
2024-09-17 10:34:40.712000,414.7183233603415,996
2024-09-17 10:34:40.733000,414.7421968168354,12
2024-09-17 10:34:40.877000,414.71779181707234,99
2024-09-17 10:34:41.012000,414.70123338542993,11
2024-09-17 10:34:41.022000,414.7354563004249,15
2024-09-17 10:34:41.156000,414.7342539641953,102
2024-09-17 10:34:41.172000,414.742827688364,13
2024-09-17 10:34:41.235000,414.75082867285374,1000
2024-09-17 10:34:41.297000,414.7455832424697,8
2024-09-17 10:34:41.320000,414.7412258853794,996
2024-09-17 10:34:41.410000,414.7385332117319,8
2024-09-17 10:34:41.439000,414.7418069279107,103
2024-09-17 10:34:41.483000,414.734500608256,1001
2024-09-17 10:34:41.524000,414.7472575577125,102
2024-09-17 10:34:41.565000,414.75697962551794,98
2024-09-17 10:34:41.565000,414.7460575342163,11
2024-09-17 10:34:41.728000,414.68873759041526,13
2024-09-17 10:34:41.777000,414.750852555836,98
2024-09-17 10:34:41.867000,414.75577807601553,97
2024-09-17 10:34:41.914000,414.7410218247311,996
2024-09-17 10:34:41.967000,414.7334903907863,102
2024-09-17 10:34:41.985000,414.733517827074,1004
2024-09-17 10:34:42.001000,414.7401428134256,99
2024-09-17 10:34:42.103000,414.7389966319636,11
2024-09-17 10:34:42.121000,414.7574037142553,100
2024-09-17 10:34:42.123000,414.68167452089966,6
2024-09-17 10:34:42.146000,414.7562364403433,14
2024-09-17 10:34:42.188000,414.69008704262734,1002
2024-09-17 10:34:42.227000,414.6645975027138,13
2024-09-17 10:34:42.236000,414.74465425169655,1003
2024-09-17 10:34:42.259000,414.6617708045849,998
2024-09-17 10:34:42.298000,414.7717704086017,10
2024-09-17 10:34:42.309000,414.7677117253642,998
2024-09-17 10:34:42.340000,414.703257818368,998
2024-09-17 10:34:42.348000,414.7135459753978,8
2024-09-17 10:34:42.503000,414.7032496404729,105
2024-09-17 10:34:42.593000,414.7559894531201,101
2024-09-17 10:34:42.604000,414.6766966248256,1000
2024-09-17 10:34:42.625000,414.7054499714872,999
2024-09-17 10:34:42.637000,414.7436660603457,15
2024-09-17 10:34:42.640000,414.7696883547674,100
2024-09-17 10:34:42.753000,414.6869383000012,104
2024-09-17 10:34:42.838000,414.7539001622189,100
2024-09-17 10:34:42.912000,414.7581098378256,7
2024-09-17 10:34:42.948000,414.6903483255533,999
2024-09-17 10:34:43.033000,414.71439924349136,1000
2024-09-17 10:34:43.069000,414.73462851755465,102
2024-09-17 10:34:43.094000,414.7136525316936,1003
2024-09-17 10:34:43.261000,414.6975407993701,997
2024-09-17 10:34:43.266000,414.74949471032505,7
2024-09-17 10:34:43.305000,414.74419673704966,1002
2024-09-17 10:34:43.495000,414.6925546537033,996
2024-09-17 10:34:43.602000,414.7504557432344,996
2024-09-17 10:34:43.683000,414.7186678136188,1004
2024-09-17 10:34:43.771000,414.7464699961051,101
2024-09-17 10:34:43.794000,414.7340298259261,1003
2024-09-17 10:34:43.824000,414.737964968331,95
2024-09-17 10:34:43.919000,414.7509848266348,997
2024-09-17 10:34:43.926000,414.7531730006751,1002
2024-09-17 10:34:43.940000,414.7312487350681,1001
2024-09-17 10:34:44.010000,414.69134824845344,96
2024-09-17 10:34:44.143000,414.6950514601721,1003
2024-09-17 10:34:44.207000,414.6963286166624,9
2024-09-17 10:34:44.218000,414.6719366100224,6
2024-09-17 10:34:44.225000,414.71630251182216,1004
2024-09-17 10:34:44.233000,414.70793277107725,100
2024-09-17 10:34:44.238000,414.7201452767736,105
2024-09-17 10:34:44.394000,414.70661583860914,13
2024-09-17 10:34:44.429000,414.7183391867468,5
2024-09-17 10:34:44.483000,414.7156005423051,1005
2024-09-17 10:34:44.495000,414.7091590633365,995
2024-09-17 10:34:44.517000,414.71141916385216,997
2024-09-17 10:34:44.542000,414.6901242621131,9
2024-09-17 10:34:44.902000,414.6882020304028,100
2024-09-17 10:34:44.953000,414.7144905218144,12
2024-09-17 10:34:44.966000,414.6811404407951,98
2024-09-17 10:34:45.137000,414.7140348553044,13
2024-09-17 10:34:45.156000,414.722526611774,9
2024-09-17 10:34:45.264000,414.7261165543956,998
2024-09-17 10:34:45.328000,414.7236384084948,96
2024-09-17 10:34:45.345000,414.734598452137,105
2024-09-17 10:34:45.371000,414.73333968571137,997
2024-09-17 10:34:45.546000,414.7341280656983,8
2024-09-17 10:34:45.663000,414.7152115689771,5
2024-09-17 10:34:45.744000,414.7277904310882,99
2024-09-17 10:34:45.775000,414.7007970704199,998
2024-09-17 10:34:45.846000,414.68817877844015,997
2024-09-17 10:34:45.864000,414.7307897279184,99
2024-09-17 10:34:45.901000,414.7271403122468,103
2024-09-17 10:34:45.961000,414.73046305913215,5
2024-09-17 10:34:46.009000,414.7632642965552,995
2024-09-17 10:34:46.079000,414.7643725221354,997
2024-09-17 10:34:46.196000,414.7704514460093,103
2024-09-17 10:34:46.246000,414.7665178538103,12
2024-09-17 10:34:46.300000,414.7524059306054,1003
2024-09-17 10:34:46.301000,414.7852518146458,9
2024-09-17 10:34:46.439000,414.7476948525818,95
2024-09-17 10:34:46.524000,414.76223856740313,102
2024-09-17 10:34:46.621000,414.7560954307069,105
2024-09-17 10:34:46.681000,414.7571140698464,99
2024-09-17 10:34:46.724000,414.8043242219344,102
2024-09-17 10:34:46.724000,414.77032924369234,99
2024-09-17 10:34:46.740000,414.7775619470895,97
2024-09-17 10:34:46.777000,414.7473381170122,999
2024-09-17 10:34:46.792000,414.77037527137503,1004
2024-09-17 10:34:46.796000,414.7561124038432,101
2024-09-17 10:34:46.820000,414.7464021781501,7
2024-09-17 10:34:46.845000,414.7701194123189,998
2024-09-17 10:34:46.928000,414.7925007322796,1003
2024-09-17 10:34:47.120000,414.7547080830578,998
2024-09-17 10:34:47.324000,414.71753971862944,99
2024-09-17 10:34:47.353000,414.6659751440511,7
2024-09-17 10:34:47.359000,414.7095984982367,14
2024-09-17 10:34:47.405000,414.7310808735084,103
2024-09-17 10:34:47.494000,414.6621684758755,97
2024-09-17 10:34:47.616000,414.6729897092952,105
2024-09-17 10:34:47.655000,414.6874801554827,997
2024-09-17 10:34:47.661000,414.722709866714,1003
2024-09-17 10:34:47.737000,414.6967708744498,997
2024-09-17 10:34:47.760000,414.67506992667467,104
2024-09-17 10:34:47.786000,414.66398493495313,998
2024-09-17 10:34:47.859000,414.6892161114832,7
2024-09-17 10:34:47.882000,414.688277773009,6
2024-09-17 10:34:47.895000,414.67172381106224,105
2024-09-17 10:34:47.948000,414.7149938431579,1005
2024-09-17 10:34:47.974000,414.6933135570508,101
2024-09-17 10:34:48.129000,414.6937105201119,97
2024-09-17 10:34:48.165000,414.6989838365489,15
2024-09-17 10:34:48.291000,414.6709955411915,10
2024-09-17 10:34:48.465000,414.6999496411698,96
2024-09-17 10:34:48.550000,414.6974234556453,13
2024-09-17 10:34:48.644000,414.6774926092884,99
2024-09-17 10:34:48.841000,414.6987469857822,5
2024-09-17 10:34:48.982000,414.7046782029464,5
2024-09-17 10:34:49.768000,414.7051928080252,997
2024-09-17 10:34:49.892000,414.6898824437977,105
2024-09-17 10:34:50.010000,414.6499748449575,5
2024-09-17 10:34:50.115000,414.6646145437023,105
2024-09-17 10:34:50.123000,414.69528298412615,13
2024-09-17 10:34:50.173000,414.704064185798,103
2024-09-17 10:34:50.270000,414.6513107688506,102
2024-09-17 10:34:50.362000,414.6648429264412,101
2024-09-17 10:34:50.407000,414.6656266811687,8
2024-09-17 10:34:50.460000,414.6611038150825,1000
2024-09-17 10:34:50.514000,414.6928770633949,98
2024-09-17 10:34:50.696000,414.7003836214759,1001
2024-09-17 10:34:50.707000,414.6548245063796,95
2024-09-17 10:34:50.787000,414.70978213998944,99
2024-09-17 10:34:50.792000,414.6595995592247,104
2024-09-17 10:34:50.800000,414.6910977315415,1000
2024-09-17 10:34:50.810000,414.70095923803353,1003
2024-09-17 10:34:50.839000,414.6566826494272,7
2024-09-17 10:34:50.841000,414.6730541826176,1001
2024-09-17 10:34:50.960000,414.6705871114877,14
2024-09-17 10:34:51.030000,414.6957279897695,104
2024-09-17 10:34:51.067000,414.6682424105389,103
2024-09-17 10:34:51.106000,414.68540157674425,996
2024-09-17 10:34:51.111000,414.65806653749735,105
2024-09-17 10:34:51.306000,414.6785018028723,96
2024-09-17 10:34:51.354000,414.61610106263225,11
2024-09-17 10:34:51.383000,414.6715154315589,995
2024-09-17 10:34:51.423000,414.66824322704,11
2024-09-17 10:34:51.426000,414.6429170856924,1003
2024-09-17 10:34:51.442000,414.68211913813377,1001
2024-09-17 10:34:51.453000,414.6163894998947,100
2024-09-17 10:34:51.562000,414.6512244002072,6
2024-09-17 10:34:51.606000,414.6755688202599,999
2024-09-17 10:34:51.749000,414.6652494660682,5
2024-09-17 10:34:51.795000,414.6892218027096,15
2024-09-17 10:34:51.821000,414.6090667367309,999
2024-09-17 10:34:51.932000,414.6726635562994,8
2024-09-17 10:34:52.066000,414.61869738169486,10
2024-09-17 10:34:52.238000,414.579158509733,1003
2024-09-17 10:34:52.294000,414.5559914988671,995
2024-09-17 10:34:52.391000,414.6119657924616,104
2024-09-17 10:34:52.412000,414.61116101420777,99
2024-09-17 10:34:52.523000,414.55392944919663,7
2024-09-17 10:34:52.531000,414.5844436158951,998
2024-09-17 10:34:52.537000,414.609842947332,998
2024-09-17 10:34:52.544000,414.6334297271295,6
2024-09-17 10:34:52.699000,414.5897508346778,98
2024-09-17 10:34:52.711000,414.62182849336887,15
2024-09-17 10:34:52.811000,414.5874566124572,102
2024-09-17 10:34:52.850000,414.6301632487738,95
2024-09-17 10:34:52.851000,414.6008095114725,12
2024-09-17 10:34:52.873000,414.60034611283663,5
2024-09-17 10:34:52.946000,414.591161049837,995
2024-09-17 10:34:53.119000,414.6740814585334,996
2024-09-17 10:34:53.178000,414.6401027796998,14
2024-09-17 10:34:53.197000,414.6326297005938,9
2024-09-17 10:34:53.226000,414.6579067209343,1004
2024-09-17 10:34:53.253000,414.6481589239792,98
2024-09-17 10:34:53.265000,414.6515763391354,11
2024-09-17 10:34:53.312000,414.6753926458378,103
2024-09-17 10:34:53.347000,414.6204294092369,104
2024-09-17 10:34:53.377000,414.6479229654583,13
2024-09-17 10:34:53.422000,414.61828525921135,11
2024-09-17 10:34:53.461000,414.6267948015764,7
2024-09-17 10:34:53.483000,414.6573289188352,103
2024-09-17 10:34:53.677000,414.66028917529866,12
2024-09-17 10:34:53.736000,414.65019914713,13
2024-09-17 10:34:53.838000,414.6028503539384,98
2024-09-17 10:34:53.895000,414.6497715557701,13
2024-09-17 10:34:53.952000,414.6631469586984,103
2024-09-17 10:34:54.004000,414.6739211078161,1001
2024-09-17 10:34:54.017000,414.6641309911902,1003
2024-09-17 10:34:54.083000,414.6161824666133,11
2024-09-17 10:34:54.100000,414.6882598619651,1001
2024-09-17 10:34:54.119000,414.6661640732589,7
2024-09-17 10:34:54.122000,414.6202938250474,103
2024-09-17 10:34:54.134000,414.6983726751493,104
2024-09-17 10:34:54.164000,414.6204350792969,101
2024-09-17 10:34:54.213000,414.6846429028855,999
2024-09-17 10:34:54.230000,414.6618807983492,1004
2024-09-17 10:34:54.291000,414.6323328910596,96
2024-09-17 10:34:54.292000,414.60669997556687,95
2024-09-17 10:34:54.295000,414.681937766244,104
2024-09-17 10:34:54.299000,414.6640344571163,1001
2024-09-17 10:34:54.361000,414.6840198220095,1005
2024-09-17 10:34:54.389000,414.6386942974245,997
2024-09-17 10:34:54.389000,414.6957811946293,8
2024-09-17 10:34:54.487000,414.68765862974766,1005
2024-09-17 10:34:54.540000,414.6552958120647,104
2024-09-17 10:34:54.642000,414.6485522613159,104
2024-09-17 10:34:54.713000,414.5996951220483,102
2024-09-17 10:34:54.726000,414.6335218855016,997
2024-09-17 10:34:54.768000,414.6381019524092,996
2024-09-17 10:34:54.797000,414.6162129881346,12
2024-09-17 10:34:54.819000,414.5979129609694,8
2024-09-17 10:34:54.963000,414.64662683515326,995
2024-09-17 10:34:54.987000,414.6039290073773,12
2024-09-17 10:34:54.987000,414.6678480007312,6
2024-09-17 10:34:55.364000,414.6913013504257,103
2024-09-17 10:34:55.394000,414.6976283937648,995
2024-09-17 10:34:55.414000,414.6879280476968,995
2024-09-17 10:34:55.732000,414.6936261361548,1001
2024-09-17 10:34:55.762000,414.7033939813736,1003
2024-09-17 10:34:55.946000,414.6929593485432,100
2024-09-17 10:34:57.029000,414.7286318271102,1002
2024-09-17 10:34:57.074000,414.7396185269207,1001
2024-09-17 10:34:57.106000,414.7527888930841,100
2024-09-17 10:34:57.125000,414.7191805305634,1002
2024-09-17 10:34:57.172000,414.7351620300979,996
2024-09-17 10:34:57.208000,414.7421726078895,1003
2024-09-17 10:34:57.266000,414.7113702058681,98
2024-09-17 10:34:57.300000,414.7660510551656,999
2024-09-17 10:34:57.355000,414.723340840992,1002
2024-09-17 10:34:57.411000,414.7202828589798,11
2024-09-17 10:34:57.449000,414.72632691367073,999
2024-09-17 10:34:57.482000,414.6926006296555,1003
2024-09-17 10:34:57.501000,414.6954449069128,105
2024-09-17 10:34:57.502000,414.763110995046,101
2024-09-17 10:34:57.521000,414.774623546415,104
2024-09-17 10:34:57.525000,414.77045986695146,1003
2024-09-17 10:34:57.566000,414.6897957108292,999
2024-09-17 10:34:57.573000,414.7529817664851,15
2024-09-17 10:34:57.698000,414.7190540124065,9
2024-09-17 10:34:57.752000,414.7515899169108,996
2024-09-17 10:34:57.788000,414.7305162469255,12
2024-09-17 10:34:57.972000,414.770342067146,104
2024-09-17 10:34:57.988000,414.7327132169475,99
2024-09-17 10:34:58.010000,414.814371749572,1000
2024-09-17 10:34:58.055000,414.7868961778878,996
2024-09-17 10:34:58.082000,414.7994050358664,15
2024-09-17 10:34:58.198000,414.8420343545114,998
2024-09-17 10:34:58.217000,414.8235471746856,96
2024-09-17 10:34:58.320000,414.8321883716087,105
2024-09-17 10:34:58.348000,414.8168273606368,103
2024-09-17 10:34:58.349000,414.8133378859851,12
2024-09-17 10:34:58.359000,414.81427485052046,100
2024-09-17 10:34:58.393000,414.778404747476,997
2024-09-17 10:34:58.433000,414.7962411635471,7
2024-09-17 10:34:58.447000,414.7911989046312,98
2024-09-17 10:34:58.459000,414.84694877700906,100
2024-09-17 10:34:58.484000,414.814173704682,102
2024-09-17 10:34:58.517000,414.80235924123787,998
2024-09-17 10:34:58.643000,414.8369226398444,95
2024-09-17 10:34:58.666000,414.7951260731772,1005
2024-09-17 10:34:58.669000,414.8127920325144,12
2024-09-17 10:34:58.696000,414.8163403804672,1005
2024-09-17 10:34:58.707000,414.8161727486444,1000
2024-09-17 10:34:58.713000,414.8024418499949,95
2024-09-17 10:34:59.088000,414.78652538262094,11
2024-09-17 10:34:59.104000,414.76730237917945,5
2024-09-17 10:34:59.124000,414.786283604197,6
2024-09-17 10:34:59.170000,414.8222356249155,5
2024-09-17 10:34:59.275000,414.7768525946077,1005
2024-09-17 10:34:59.443000,414.8316945787456,6
2024-09-17 10:34:59.530000,414.7978868349782,7
2024-09-17 10:34:59.551000,414.7948974713272,1004
2024-09-17 10:34:59.693000,414.78133418032814,1005
2024-09-17 10:34:59.737000,414.828939538795,9
2024-09-17 10:34:59.765000,414.8078672439498,1004
2024-09-17 10:34:59.851000,414.7640860962219,1001
2024-09-17 10:34:59.876000,414.7907933296052,11
2024-09-17 10:34:59.898000,414.77722263787166,995
