Timestamp,Price,Size
2024-09-19 14:25:00.068000,418.6506277805487,9
2024-09-19 14:25:00.080000,418.6237390053211,10
2024-09-19 14:25:00.641000,418.6267138925412,1003
2024-09-19 14:25:00.797000,418.6484689335984,7
2024-09-19 14:25:00.816000,418.64420481037206,11
2024-09-19 14:25:00.914000,418.63097954992656,1004
2024-09-19 14:25:00.999000,418.6403989713188,14
2024-09-19 14:25:01.002000,418.5956542477523,1005
2024-09-19 14:25:01.005000,418.6297392987349,102
2024-09-19 14:25:01.028000,418.65531057914205,98
2024-09-19 14:25:01.059000,418.6514488597344,1003
2024-09-19 14:25:01.079000,418.6577319897506,1003
2024-09-19 14:25:01.121000,418.6291991835725,105
2024-09-19 14:25:01.201000,418.64278178875696,9
2024-09-19 14:25:01.219000,418.5994484341723,97
2024-09-19 14:25:01.335000,418.6403701705959,1000
2024-09-19 14:25:01.448000,418.6201091464035,10
2024-09-19 14:25:01.477000,418.6101717045072,13
2024-09-19 14:25:01.626000,418.64665283229465,999
2024-09-19 14:25:01.643000,418.6471144146749,997
2024-09-19 14:25:01.652000,418.6380500530375,14
2024-09-19 14:25:01.686000,418.6307133149352,997
2024-09-19 14:25:01.708000,418.6382283070682,99
2024-09-19 14:25:01.933000,418.6097489871252,100
2024-09-19 14:25:01.955000,418.6410826721862,6
2024-09-19 14:25:02.067000,418.5946912943788,10
2024-09-19 14:25:02.310000,418.573925800569,99
2024-09-19 14:25:02.375000,418.5881084273435,1001
2024-09-19 14:25:02.376000,418.5765961496827,1001
2024-09-19 14:25:02.764000,418.58684581248247,13
2024-09-19 14:25:03.076000,418.6036928020033,95
2024-09-19 14:25:03.095000,418.5785921469885,996
2024-09-19 14:25:03.273000,418.6013787414327,105
2024-09-19 14:25:03.297000,418.6126762740165,8
2024-09-19 14:25:03.305000,418.6087033524663,996
2024-09-19 14:25:03.338000,418.6130786985252,105
2024-09-19 14:25:03.362000,418.626827965892,999
2024-09-19 14:25:03.368000,418.62393319103705,96
2024-09-19 14:25:03.377000,418.5818299552979,1004
2024-09-19 14:25:03.384000,418.5869942293322,997
2024-09-19 14:25:03.427000,418.6003211361424,9
2024-09-19 14:25:03.442000,418.6092794437269,1003
2024-09-19 14:25:03.531000,418.6195965988855,100
2024-09-19 14:25:03.553000,418.603062743311,1002
2024-09-19 14:25:03.553000,418.58776598534456,14
2024-09-19 14:25:03.562000,418.5920304213167,997
2024-09-19 14:25:03.623000,418.6376622568801,15
2024-09-19 14:25:03.623000,418.6276332782198,996
2024-09-19 14:25:03.635000,418.5768907307833,1001
2024-09-19 14:25:03.687000,418.61954041218536,13
2024-09-19 14:25:03.736000,418.6412230847123,6
2024-09-19 14:25:03.749000,418.5832860046206,97
2024-09-19 14:25:03.768000,418.6323556091703,99
2024-09-19 14:25:03.786000,418.66121836987287,999
2024-09-19 14:25:03.807000,418.5818013270131,1000
2024-09-19 14:25:03.833000,418.59366407022793,1003
2024-09-19 14:25:03.866000,418.60764808303526,6
2024-09-19 14:25:03.875000,418.61210593054807,1000
2024-09-19 14:25:03.932000,418.6137299957181,995
2024-09-19 14:25:03.944000,418.6060283489043,99
2024-09-19 14:25:04.007000,418.5974273352181,998
2024-09-19 14:25:04.010000,418.63844266413776,995
2024-09-19 14:25:04.020000,418.560558387789,1005
2024-09-19 14:25:04.021000,418.5547777150927,996
2024-09-19 14:25:04.030000,418.61640799629765,998
2024-09-19 14:25:04.062000,418.5962296996701,102
2024-09-19 14:25:04.078000,418.5801958497734,999
2024-09-19 14:25:04.125000,418.563321477945,1004
2024-09-19 14:25:04.261000,418.630208720017,1000
2024-09-19 14:25:04.430000,418.610116729628,999
2024-09-19 14:25:04.521000,418.5820022336416,103
2024-09-19 14:25:04.575000,418.5632985243945,1001
2024-09-19 14:25:04.747000,418.5761514664678,96
2024-09-19 14:25:04.762000,418.5679589142061,6
2024-09-19 14:25:04.827000,418.60096825828106,10
2024-09-19 14:25:04.906000,418.6141541067984,1002
2024-09-19 14:25:04.935000,418.6103415990625,103
2024-09-19 14:25:04.940000,418.6211517069066,12
2024-09-19 14:25:05.442000,418.59284791169495,100
2024-09-19 14:25:05.831000,418.58516300774,5
2024-09-19 14:25:06.112000,418.6357996605316,97
2024-09-19 14:25:06.244000,418.585879254101,15
2024-09-19 14:25:06.367000,418.59074999781177,1000
2024-09-19 14:25:06.367000,418.5792705216453,104
2024-09-19 14:25:06.595000,418.5903180113808,11
2024-09-19 14:25:06.697000,418.6225921691629,13
2024-09-19 14:25:06.822000,418.59918803944345,1002
2024-09-19 14:25:06.836000,418.6183331585349,5
2024-09-19 14:25:06.954000,418.5920614060875,7
2024-09-19 14:25:07.180000,418.63265100278153,98
2024-09-19 14:25:07.202000,418.66658156640943,995
2024-09-19 14:25:07.378000,418.6449925452648,997
2024-09-19 14:25:07.420000,418.64997532209657,1005
2024-09-19 14:25:07.472000,418.6529916155816,996
2024-09-19 14:25:07.517000,418.6458111769213,10
2024-09-19 14:25:07.712000,418.6352664368516,100
2024-09-19 14:25:07.778000,418.68756028845326,100
2024-09-19 14:25:08.038000,418.6661741498838,1003
2024-09-19 14:25:08.048000,418.6924685882335,105
2024-09-19 14:25:08.098000,418.688828267722,8
2024-09-19 14:25:08.122000,418.6899743823,10
2024-09-19 14:25:08.168000,418.7115405419699,13
2024-09-19 14:25:08.226000,418.6807198872996,999
2024-09-19 14:25:08.469000,418.6522085433067,999
2024-09-19 14:25:08.489000,418.6800107550206,10
2024-09-19 14:25:08.519000,418.6668595890121,996
2024-09-19 14:25:08.540000,418.682470074472,10
2024-09-19 14:25:08.541000,418.6643235441861,97
2024-09-19 14:25:08.546000,418.6810592831167,98
2024-09-19 14:25:08.613000,418.6813160384488,995
2024-09-19 14:25:08.629000,418.6742659555815,1000
2024-09-19 14:25:08.750000,418.6780781854261,1005
2024-09-19 14:25:08.769000,418.67916965357455,5
2024-09-19 14:25:08.865000,418.6842289386332,99
2024-09-19 14:25:08.918000,418.6748327932703,100
2024-09-19 14:25:08.925000,418.6922775843751,1003
2024-09-19 14:25:08.954000,418.6878707970853,98
2024-09-19 14:25:08.966000,418.6919728884628,103
2024-09-19 14:25:08.985000,418.6866919108979,105
2024-09-19 14:25:08.993000,418.69437820583033,1004
2024-09-19 14:25:09.129000,418.746402141358,999
2024-09-19 14:25:09.192000,418.6716626762279,98
2024-09-19 14:25:09.231000,418.7224197527883,995
2024-09-19 14:25:09.245000,418.6585137472339,5
2024-09-19 14:25:09.274000,418.6914903969725,15
2024-09-19 14:25:09.371000,418.6750449062831,11
2024-09-19 14:25:09.380000,418.6455417665924,98
2024-09-19 14:25:09.459000,418.6492284878416,97
2024-09-19 14:25:09.484000,418.6691088470395,1000
2024-09-19 14:25:09.504000,418.66411037982215,15
2024-09-19 14:25:09.514000,418.6661995134589,97
2024-09-19 14:25:09.589000,418.7207636385212,15
2024-09-19 14:25:09.639000,418.7351334560629,95
2024-09-19 14:25:09.673000,418.6778802647995,105
2024-09-19 14:25:09.676000,418.70110035249,8
2024-09-19 14:25:09.721000,418.6571516344716,996
2024-09-19 14:25:09.754000,418.67756556993294,97
2024-09-19 14:25:09.756000,418.7053495910236,105
2024-09-19 14:25:09.767000,418.6722316592037,104
2024-09-19 14:25:09.866000,418.6692249041875,998
2024-09-19 14:25:10.001000,418.7166574818219,995
2024-09-19 14:25:10.014000,418.69460279643954,15
2024-09-19 14:25:10.076000,418.69988005803697,100
2024-09-19 14:25:10.097000,418.6950554681971,5
2024-09-19 14:25:10.151000,418.7054985233344,6
2024-09-19 14:25:10.200000,418.725080854859,9
2024-09-19 14:25:10.314000,418.74024067513767,1003
2024-09-19 14:25:10.346000,418.7387788325936,6
2024-09-19 14:25:10.353000,418.674357684596,1005
2024-09-19 14:25:10.361000,418.73582962587926,100
2024-09-19 14:25:10.391000,418.72906679777145,996
2024-09-19 14:25:10.431000,418.68681099721226,8
2024-09-19 14:25:10.433000,418.7117640961994,1003
2024-09-19 14:25:10.451000,418.74077575020135,5
2024-09-19 14:25:10.479000,418.7032988305744,1004
2024-09-19 14:25:10.514000,418.6834474450105,1003
2024-09-19 14:25:10.543000,418.6613720519034,997
2024-09-19 14:25:10.607000,418.7380543470098,997
2024-09-19 14:25:10.622000,418.7204992301659,98
2024-09-19 14:25:10.654000,418.7251320661011,15
2024-09-19 14:25:10.656000,418.70594693465927,104
2024-09-19 14:25:10.778000,418.7175933343458,100
2024-09-19 14:25:10.798000,418.71780391958896,998
2024-09-19 14:25:10.850000,418.7110175280891,12
2024-09-19 14:25:10.854000,418.7325162652813,15
2024-09-19 14:25:10.870000,418.7236987561959,995
2024-09-19 14:25:10.894000,418.6846090616047,15
2024-09-19 14:25:10.929000,418.7055200462537,97
2024-09-19 14:25:10.931000,418.6922484086675,995
2024-09-19 14:25:11,418.6446385421333,1004
2024-09-19 14:25:11.009000,418.6326772772653,9
2024-09-19 14:25:11.332000,418.6381912421487,8
2024-09-19 14:25:11.359000,418.62451124272405,105
2024-09-19 14:25:11.375000,418.6382073006842,97
2024-09-19 14:25:11.375000,418.63963296315535,1000
2024-09-19 14:25:11.493000,418.65058371566414,10
2024-09-19 14:25:11.529000,418.6321007880277,998
2024-09-19 14:25:11.574000,418.6117757850048,1000
2024-09-19 14:25:11.580000,418.66245062749095,97
2024-09-19 14:25:11.609000,418.649881366888,1002
2024-09-19 14:25:11.610000,418.6805237589432,1002
2024-09-19 14:25:11.667000,418.6663886892688,997
2024-09-19 14:25:11.678000,418.67332463589145,97
2024-09-19 14:25:11.743000,418.6642437792652,996
2024-09-19 14:25:11.795000,418.6679097409438,101
2024-09-19 14:25:11.820000,418.6201530268874,13
2024-09-19 14:25:11.830000,418.6322025216379,995
2024-09-19 14:25:11.850000,418.6191861436975,103
2024-09-19 14:25:11.882000,418.6741114875652,102
2024-09-19 14:25:11.913000,418.6634684400699,9
2024-09-19 14:25:11.949000,418.65216328659926,998
2024-09-19 14:25:11.991000,418.6589732122013,999
2024-09-19 14:25:12.017000,418.608745729025,996
2024-09-19 14:25:12.018000,418.6215186535225,7
2024-09-19 14:25:12.044000,418.61269955575256,1004
2024-09-19 14:25:12.052000,418.6076649063655,1005
2024-09-19 14:25:12.058000,418.62145522458985,995
2024-09-19 14:25:12.229000,418.60604752358296,5
2024-09-19 14:25:12.234000,418.6277874696076,7
2024-09-19 14:25:12.280000,418.6253975825142,995
2024-09-19 14:25:12.345000,418.59373502087817,1003
2024-09-19 14:25:12.353000,418.6481122641061,97
2024-09-19 14:25:12.456000,418.6271581936701,1003
2024-09-19 14:25:12.488000,418.6184444576284,13
2024-09-19 14:25:12.542000,418.61914771486073,5
2024-09-19 14:25:12.550000,418.6171700766793,1002
2024-09-19 14:25:12.611000,418.6024959063577,12
2024-09-19 14:25:12.718000,418.64309541366094,101
2024-09-19 14:25:12.748000,418.5895871571344,998
2024-09-19 14:25:12.775000,418.5871846020271,99
2024-09-19 14:25:12.870000,418.5893485581388,100
2024-09-19 14:25:12.871000,418.6110045039679,95
2024-09-19 14:25:12.875000,418.5774275944005,104
2024-09-19 14:25:12.880000,418.5774643913,1001
2024-09-19 14:25:12.908000,418.5729780505295,95
2024-09-19 14:25:12.977000,418.621793866026,1002
2024-09-19 14:25:13.728000,418.6246922932403,14
2024-09-19 14:25:14.003000,418.6385459754897,999
2024-09-19 14:25:14.062000,418.6362679123996,15
2024-09-19 14:25:14.247000,418.6636077916155,1002
2024-09-19 14:25:14.316000,418.6308179338817,101
2024-09-19 14:25:14.373000,418.6531292554232,102
2024-09-19 14:25:14.400000,418.63650325493705,1000
2024-09-19 14:25:14.414000,418.6571917020769,999
2024-09-19 14:25:14.434000,418.6408060878173,1005
2024-09-19 14:25:14.500000,418.6343971463678,9
2024-09-19 14:25:14.582000,418.6517601893858,100
2024-09-19 14:25:14.686000,418.6311829427827,995
2024-09-19 14:25:14.819000,418.6354045846979,995
2024-09-19 14:25:15.297000,418.6547610777816,11
2024-09-19 14:25:15.346000,418.6613549022605,10
2024-09-19 14:25:15.499000,418.6688671725668,1002
2024-09-19 14:25:15.862000,418.6742833536023,97
2024-09-19 14:25:15.905000,418.6659818223854,1001
2024-09-19 14:25:15.939000,418.6670256565928,1003
2024-09-19 14:25:16.067000,418.6581250603506,104
2024-09-19 14:25:16.150000,418.6472484279541,12
2024-09-19 14:25:16.209000,418.6098945818937,1001
2024-09-19 14:25:16.211000,418.64181745976686,103
2024-09-19 14:25:16.249000,418.6060735007669,999
2024-09-19 14:25:16.269000,418.6611367010229,11
2024-09-19 14:25:16.273000,418.66389813370927,11
2024-09-19 14:25:16.364000,418.66215168632885,1000
2024-09-19 14:25:16.382000,418.6443504119555,15
2024-09-19 14:25:16.385000,418.6648017790743,14
2024-09-19 14:25:16.441000,418.629548256436,7
2024-09-19 14:25:16.443000,418.6389575708265,15
2024-09-19 14:25:16.511000,418.616449646976,1002
2024-09-19 14:25:16.524000,418.6334326364576,1001
2024-09-19 14:25:16.626000,418.6233601563917,104
2024-09-19 14:25:16.708000,418.6573547581903,6
2024-09-19 14:25:16.730000,418.6440477692281,101
2024-09-19 14:25:16.752000,418.6295099630581,15
2024-09-19 14:25:16.760000,418.6193540196521,103
2024-09-19 14:25:16.819000,418.62327651310585,15
2024-09-19 14:25:16.829000,418.6700318841745,999
2024-09-19 14:25:16.855000,418.6663480090494,8
2024-09-19 14:25:16.855000,418.61433931014176,95
2024-09-19 14:25:16.860000,418.6313885084826,102
2024-09-19 14:25:16.870000,418.6594210020708,998
2024-09-19 14:25:16.912000,418.6673353165112,1003
2024-09-19 14:25:16.969000,418.60302407496056,999
2024-09-19 14:25:16.988000,418.629925947146,995
2024-09-19 14:25:17.101000,418.69648859813526,1000
2024-09-19 14:25:17.182000,418.6816182209355,11
2024-09-19 14:25:17.315000,418.6802942550904,1002
2024-09-19 14:25:17.355000,418.7015844410694,1004
2024-09-19 14:25:17.445000,418.6822139078233,996
2024-09-19 14:25:17.478000,418.7194563450854,104
2024-09-19 14:25:17.559000,418.71054055120527,99
2024-09-19 14:25:17.564000,418.7143434008007,100
2024-09-19 14:25:17.601000,418.71051628204646,10
2024-09-19 14:25:17.797000,418.6876080896151,10
2024-09-19 14:25:17.866000,418.70747763866746,105
2024-09-19 14:25:17.971000,418.7202661996414,99
2024-09-19 14:25:18.017000,418.7115483737881,1001
2024-09-19 14:25:18.030000,418.6772326766869,1002
2024-09-19 14:25:18.094000,418.6869216107619,995
2024-09-19 14:25:18.155000,418.7009386654395,7
2024-09-19 14:25:18.181000,418.71708542068166,103
2024-09-19 14:25:18.196000,418.7143356394458,999
2024-09-19 14:25:18.197000,418.6843144917633,15
2024-09-19 14:25:18.211000,418.71815136650827,6
2024-09-19 14:25:18.221000,418.7086868661277,1005
2024-09-19 14:25:18.340000,418.7013375845172,96
2024-09-19 14:25:18.349000,418.7115634924264,7
2024-09-19 14:25:18.389000,418.6904010155412,104
2024-09-19 14:25:18.409000,418.7108379190886,1003
2024-09-19 14:25:18.472000,418.695924078815,10
2024-09-19 14:25:18.487000,418.7000869657243,96
2024-09-19 14:25:18.493000,418.6830494754222,102
2024-09-19 14:25:18.584000,418.6803771868308,101
2024-09-19 14:25:18.587000,418.7036090988397,98
2024-09-19 14:25:18.603000,418.6860351053613,999
2024-09-19 14:25:18.610000,418.7012504754608,999
2024-09-19 14:25:18.690000,418.7135024626487,98
2024-09-19 14:25:18.717000,418.6886968211711,102
2024-09-19 14:25:18.754000,418.7183066644365,6
2024-09-19 14:25:18.808000,418.710754591633,103
2024-09-19 14:25:18.824000,418.6841407232301,1000
2024-09-19 14:25:18.934000,418.70203603362734,1001
2024-09-19 14:25:18.979000,418.7146896851839,15
2024-09-19 14:25:18.983000,418.66063273961976,99
2024-09-19 14:25:18.991000,418.7057324011577,6
2024-09-19 14:25:19.006000,418.770065177215,99
2024-09-19 14:25:19.042000,418.7742494364277,999
2024-09-19 14:25:19.228000,418.7369353819048,10
2024-09-19 14:25:19.260000,418.7860848558946,103
2024-09-19 14:25:19.402000,418.76603906534376,97
2024-09-19 14:25:19.577000,418.7135256168321,105
2024-09-19 14:25:19.601000,418.7652124632865,96
2024-09-19 14:25:19.621000,418.7928678256504,5
2024-09-19 14:25:19.711000,418.7806305805988,9
2024-09-19 14:25:19.815000,418.7911500256103,8
2024-09-19 14:25:19.825000,418.7349431261733,104
2024-09-19 14:25:19.848000,418.7471759897264,99
2024-09-19 14:25:19.970000,418.7229506434847,995
2024-09-19 14:25:20.003000,418.7695447795148,103
2024-09-19 14:25:20.050000,418.7886415143296,7
2024-09-19 14:25:20.070000,418.7534023392626,104
2024-09-19 14:25:20.091000,418.80539274041206,9
2024-09-19 14:25:20.134000,418.77139577015305,6
2024-09-19 14:25:20.192000,418.76591552048336,104
2024-09-19 14:25:20.209000,418.7830863402909,95
2024-09-19 14:25:20.290000,418.7590990771016,1005
2024-09-19 14:25:20.359000,418.7811816636013,1000
2024-09-19 14:25:20.384000,418.7854199648595,12
2024-09-19 14:25:20.405000,418.7904387659789,996
2024-09-19 14:25:20.481000,418.7788469202544,7
2024-09-19 14:25:20.497000,418.804666166912,9
2024-09-19 14:25:20.511000,418.78702090851993,1003
2024-09-19 14:25:20.513000,418.8824520507589,103
2024-09-19 14:25:20.528000,418.8500578404728,96
2024-09-19 14:25:20.543000,418.8764407728808,1005
2024-09-19 14:25:20.658000,418.8042710576768,11
2024-09-19 14:25:20.666000,418.8042555456709,13
2024-09-19 14:25:20.673000,418.8342118519425,1004
2024-09-19 14:25:20.679000,418.7812040172616,14
2024-09-19 14:25:20.690000,418.78948542141393,99
2024-09-19 14:25:20.721000,418.7923834434471,10
2024-09-19 14:25:20.734000,418.76395864840777,998
2024-09-19 14:25:20.842000,418.8404613038668,98
2024-09-19 14:25:20.870000,418.88779981755016,6
2024-09-19 14:25:20.935000,418.7718510258112,999
2024-09-19 14:25:21.042000,418.9178098466584,100
2024-09-19 14:25:21.058000,418.9398425115174,1005
2024-09-19 14:25:21.099000,418.9767956639373,10
2024-09-19 14:25:21.126000,418.9158740855225,13
2024-09-19 14:25:21.158000,418.9284950395689,11
2024-09-19 14:25:21.171000,418.9269965876799,7
2024-09-19 14:25:21.174000,418.9349772995672,10
2024-09-19 14:25:21.233000,418.9386069778817,96
2024-09-19 14:25:21.275000,418.94153777139184,7
2024-09-19 14:25:21.369000,418.90355705446456,98
2024-09-19 14:25:21.386000,418.9518573677069,96
2024-09-19 14:25:21.409000,418.9231025162183,105
2024-09-19 14:25:21.445000,418.9666669280927,103
2024-09-19 14:25:21.509000,418.9558944045979,8
2024-09-19 14:25:21.587000,418.9682835622228,995
2024-09-19 14:25:21.597000,418.946710684763,1001
2024-09-19 14:25:21.889000,418.9557276102814,6
2024-09-19 14:25:22.033000,418.96928048437024,998
2024-09-19 14:25:22.107000,419.0026298796757,103
2024-09-19 14:25:22.377000,418.9764279310959,6
2024-09-19 14:25:22.448000,418.9940111103609,12
2024-09-19 14:25:22.484000,419.019169338946,13
2024-09-19 14:25:22.531000,418.96325474225097,5
2024-09-19 14:25:22.537000,419.0214699609454,13
2024-09-19 14:25:22.548000,418.9740512253033,103
2024-09-19 14:25:22.819000,419.0192765996032,8
2024-09-19 14:25:22.839000,418.9697419645938,98
2024-09-19 14:25:22.902000,419.0132807091453,12
2024-09-19 14:25:22.903000,419.0032625094646,5
2024-09-19 14:25:23.001000,419.05293765909926,95
2024-09-19 14:25:23.025000,418.9529271102192,13
2024-09-19 14:25:23.076000,419.0191806053826,97
2024-09-19 14:25:23.086000,418.9844650085171,6
2024-09-19 14:25:23.106000,418.9584980928115,1003
2024-09-19 14:25:23.114000,419.00297689252,13
2024-09-19 14:25:23.116000,419.003884471118,1004
2024-09-19 14:25:23.325000,418.9383020424115,997
2024-09-19 14:25:23.332000,418.9387529464367,1001
2024-09-19 14:25:23.371000,418.98315963092,997
2024-09-19 14:25:23.401000,418.9368862451015,96
2024-09-19 14:25:23.410000,419.020946590433,995
2024-09-19 14:25:23.429000,419.0416231970368,14
2024-09-19 14:25:23.436000,418.9486334580372,996
2024-09-19 14:25:23.486000,419.011173685366,5
2024-09-19 14:25:23.560000,418.9867634773239,999
2024-09-19 14:25:23.663000,419.0423938400135,14
2024-09-19 14:25:23.696000,418.9784581028554,998
2024-09-19 14:25:23.739000,418.96269829170336,8
2024-09-19 14:25:23.779000,418.95838943149306,999
2024-09-19 14:25:23.919000,419.0016589777034,105
2024-09-19 14:25:23.949000,419.0009240351639,102
2024-09-19 14:25:24.012000,419.00127580608415,99
2024-09-19 14:25:24.073000,418.9990090404741,102
2024-09-19 14:25:24.081000,419.00572840392016,101
2024-09-19 14:25:24.118000,419.0171023757733,101
2024-09-19 14:25:24.156000,418.9886785688877,1002
2024-09-19 14:25:24.164000,419.04202242528953,102
2024-09-19 14:25:24.178000,419.0319804129841,99
2024-09-19 14:25:24.186000,419.0527863183445,103
2024-09-19 14:25:24.236000,419.0394780479777,996
2024-09-19 14:25:24.239000,419.02122345482553,101
2024-09-19 14:25:24.245000,419.02945588984255,11
2024-09-19 14:25:24.291000,419.02748443162153,995
2024-09-19 14:25:24.549000,419.0486234246459,99
2024-09-19 14:25:24.598000,418.9952919286735,999
2024-09-19 14:25:24.607000,419.01369161534313,995
2024-09-19 14:25:24.612000,418.99520056033697,1004
2024-09-19 14:25:24.667000,419.0346155095946,999
2024-09-19 14:25:24.669000,419.01150910544754,995
2024-09-19 14:25:24.678000,419.04329775411753,96
2024-09-19 14:25:24.746000,419.029467971773,13
2024-09-19 14:25:24.880000,419.0381777448292,995
2024-09-19 14:25:24.895000,418.9847428954325,1003
2024-09-19 14:25:24.914000,419.00970664749286,995
2024-09-19 14:25:24.914000,419.059719536518,995
2024-09-19 14:25:24.934000,419.0281289207536,997
2024-09-19 14:25:25.064000,419.063847608722,10
2024-09-19 14:25:25.161000,419.06131567013085,104
2024-09-19 14:25:25.166000,419.0305650130815,99
2024-09-19 14:25:25.343000,419.03216417729465,1001
2024-09-19 14:25:25.354000,419.07219777247735,1004
2024-09-19 14:25:25.562000,419.0371789888528,103
2024-09-19 14:25:25.593000,419.0541654614035,11
2024-09-19 14:25:25.765000,419.065103370946,95
2024-09-19 14:25:25.837000,419.0355498696072,1002
2024-09-19 14:25:25.918000,419.06375758877175,1003
2024-09-19 14:25:25.920000,419.02878324184826,104
2024-09-19 14:25:25.961000,419.04860527482657,995
2024-09-19 14:25:26.116000,418.99730068695885,10
2024-09-19 14:25:26.123000,418.9956477182874,13
2024-09-19 14:25:26.201000,418.9874146443701,102
2024-09-19 14:25:26.338000,418.9739558997672,1005
2024-09-19 14:25:26.343000,418.99095368355165,1004
2024-09-19 14:25:26.402000,418.9744950999305,99
2024-09-19 14:25:26.426000,419.0356969813047,10
2024-09-19 14:25:26.493000,419.0266605233747,102
2024-09-19 14:25:26.537000,419.0379195921344,12
2024-09-19 14:25:26.613000,419.0080242000744,6
2024-09-19 14:25:26.623000,418.990436933868,97
2024-09-19 14:25:26.653000,419.00718608105535,8
2024-09-19 14:25:26.698000,418.9904793162971,9
2024-09-19 14:25:26.832000,418.97595207154,13
2024-09-19 14:25:26.869000,419.0129315454545,99
2024-09-19 14:25:26.925000,418.9800161259572,1001
2024-09-19 14:25:26.937000,419.02846569640656,100
2024-09-19 14:25:26.979000,419.0016830598974,101
2024-09-19 14:25:27.011000,419.00973544677447,95
2024-09-19 14:25:27.312000,418.99288222444017,6
2024-09-19 14:25:27.505000,418.9900500103288,96
2024-09-19 14:25:27.687000,418.99221064975495,1000
2024-09-19 14:25:27.771000,418.9870774422413,1001
2024-09-19 14:25:27.859000,419.00163742031566,1004
2024-09-19 14:25:28.086000,418.975470840281,996
2024-09-19 14:25:28.603000,418.9836902101216,6
2024-09-19 14:25:29.008000,418.96515212268696,998
2024-09-19 14:25:29.066000,418.95697804413874,100
2024-09-19 14:25:29.076000,418.96903491319046,101
2024-09-19 14:25:29.079000,418.9722719654346,999
2024-09-19 14:25:29.100000,418.9553780823206,96
2024-09-19 14:25:29.772000,418.9608303517651,99
2024-09-19 14:25:29.904000,418.9793861498618,103
2024-09-19 14:25:29.926000,418.969570583281,999
2024-09-19 14:25:30.231000,419.0197858871279,1005
2024-09-19 14:25:30.305000,418.9982324882352,998
2024-09-19 14:25:30.343000,418.9850267287756,996
2024-09-19 14:25:30.352000,418.97476437509,12
2024-09-19 14:25:30.427000,418.97111110190514,8
2024-09-19 14:25:30.589000,419.02075960829126,999
2024-09-19 14:25:30.646000,418.998787351644,98
2024-09-19 14:25:30.746000,419.0012538575925,1005
2024-09-19 14:25:30.916000,419.0026820052872,15
2024-09-19 14:25:30.968000,419.0066174505172,8
2024-09-19 14:25:30.986000,419.02734223128033,97
2024-09-19 14:25:31.027000,419.02894153731,996
2024-09-19 14:25:31.036000,419.017899169384,5
2024-09-19 14:25:31.073000,419.0338556224927,14
2024-09-19 14:25:31.094000,419.0383932697544,105
2024-09-19 14:25:31.166000,419.03867688865705,998
2024-09-19 14:25:31.218000,419.0362188762069,102
2024-09-19 14:25:31.385000,419.0503449410143,1004
2024-09-19 14:25:31.400000,419.0359819885591,6
2024-09-19 14:25:31.452000,419.0343097339141,10
2024-09-19 14:25:31.559000,419.0303578786345,1004
2024-09-19 14:25:31.582000,419.0495571061261,102
2024-09-19 14:25:31.713000,419.0485654998712,1003
2024-09-19 14:25:31.773000,419.0502633751482,105
2024-09-19 14:25:31.857000,419.0319144357612,95
2024-09-19 14:25:31.888000,419.0299228376672,999
2024-09-19 14:25:31.936000,419.0412055885727,11
2024-09-19 14:25:31.938000,419.0477017929806,14
2024-09-19 14:25:31.943000,419.0260287926596,11
2024-09-19 14:25:31.978000,419.0079160106806,1004
2024-09-19 14:25:32.570000,419.0133925580892,96
2024-09-19 14:25:33.019000,419.013155328448,6
2024-09-19 14:25:33.020000,419.0226939959383,105
2024-09-19 14:25:33.049000,419.02294146192816,15
2024-09-19 14:25:33.083000,419.00744251361016,5
2024-09-19 14:25:33.099000,419.0094997168427,995
2024-09-19 14:25:33.145000,419.0002550177984,1005
2024-09-19 14:25:33.159000,419.0209590395512,6
2024-09-19 14:25:33.168000,419.0464649769527,1004
2024-09-19 14:25:33.177000,419.0048114387012,105
2024-09-19 14:25:33.177000,419.0168771537723,12
2024-09-19 14:25:33.350000,419.0091639972448,11
2024-09-19 14:25:33.401000,418.98449199394105,99
2024-09-19 14:25:33.451000,419.0457826494317,5
2024-09-19 14:25:33.455000,419.01292862787113,9
2024-09-19 14:25:33.469000,419.0474597955768,9
2024-09-19 14:25:33.472000,418.98450556825424,1003
2024-09-19 14:25:33.478000,419.0174015306668,7
2024-09-19 14:25:33.526000,419.0365850028843,996
2024-09-19 14:25:33.660000,419.0538665681489,8
2024-09-19 14:25:33.783000,419.0158321262084,97
2024-09-19 14:25:33.784000,419.0211904549132,995
2024-09-19 14:25:33.828000,419.01411640113656,15
2024-09-19 14:25:33.864000,418.9738045428268,98
2024-09-19 14:25:33.904000,419.011923005191,103
2024-09-19 14:25:33.956000,419.0053412011506,1005
2024-09-19 14:25:33.961000,418.9680171356364,996
2024-09-19 14:25:34.344000,419.012748617138,996
2024-09-19 14:25:34.559000,418.99704470268296,99
2024-09-19 14:25:34.994000,419.0014119446303,6
2024-09-19 14:25:35.023000,418.9335759391477,9
2024-09-19 14:25:35.034000,418.9611395708771,13
2024-09-19 14:25:35.045000,418.9979964403424,95
2024-09-19 14:25:35.093000,418.9981153246087,7
2024-09-19 14:25:35.108000,418.95206137708567,13
2024-09-19 14:25:35.124000,418.95718631408937,15
2024-09-19 14:25:35.283000,418.9593565940425,1004
2024-09-19 14:25:35.293000,418.9700404840677,7
2024-09-19 14:25:35.392000,418.9520511594207,97
2024-09-19 14:25:35.423000,418.9434648960615,100
2024-09-19 14:25:35.500000,418.9766945486605,8
2024-09-19 14:25:35.623000,418.9524565789644,997
2024-09-19 14:25:35.624000,418.9898415423423,15
2024-09-19 14:25:35.625000,418.95900012030046,11
2024-09-19 14:25:35.656000,418.9554277416948,100
2024-09-19 14:25:35.679000,418.9543053419462,104
2024-09-19 14:25:35.893000,418.9509737201621,998
2024-09-19 14:25:35.900000,418.93738651500047,101
2024-09-19 14:25:35.969000,418.94609039538784,997
2024-09-19 14:25:36.018000,419.0049276570641,99
2024-09-19 14:25:36.114000,419.01594055393,100
2024-09-19 14:25:36.296000,419.0222162014947,1005
2024-09-19 14:25:36.298000,419.032121202252,102
2024-09-19 14:25:36.323000,419.0507985052844,12
2024-09-19 14:25:36.362000,419.06650582986055,98
2024-09-19 14:25:36.420000,419.0549489158663,9
2024-09-19 14:25:36.422000,418.964007634592,1002
2024-09-19 14:25:36.437000,418.980000292128,103
2024-09-19 14:25:36.670000,419.065978572533,11
2024-09-19 14:25:36.704000,419.02567164852695,15
2024-09-19 14:25:36.705000,419.0114351159158,1003
2024-09-19 14:25:36.727000,419.0223026375504,1001
2024-09-19 14:25:36.738000,419.0352038079814,13
2024-09-19 14:25:36.890000,419.0028896768626,7
2024-09-19 14:25:36.917000,419.0553780125233,99
2024-09-19 14:25:36.927000,419.016020163293,14
2024-09-19 14:25:36.933000,419.0031895356168,1002
2024-09-19 14:25:36.947000,418.974357328992,7
2024-09-19 14:25:36.956000,419.0019793574949,1005
2024-09-19 14:25:36.972000,419.0219110143988,12
2024-09-19 14:25:36.976000,419.0266469404465,105
2024-09-19 14:25:36.987000,419.0311344126379,995
2024-09-19 14:25:37.165000,419.0604255406749,15
2024-09-19 14:25:37.193000,419.0660746424369,998
2024-09-19 14:25:37.227000,419.07769929012807,1002
2024-09-19 14:25:37.242000,419.08440603713535,1003
2024-09-19 14:25:37.323000,419.0750816351506,95
2024-09-19 14:25:37.356000,419.06790965795807,13
2024-09-19 14:25:37.366000,419.0830015869647,1000
2024-09-19 14:25:37.384000,419.0608970067333,99
2024-09-19 14:25:37.440000,419.0833352801397,997
2024-09-19 14:25:37.473000,419.08001966332864,100
2024-09-19 14:25:37.485000,419.0634354784793,99
2024-09-19 14:25:37.577000,419.0616343978521,100
2024-09-19 14:25:37.653000,419.0865038889368,10
2024-09-19 14:25:37.740000,419.0992746806957,100
2024-09-19 14:25:37.752000,419.0667658632914,997
2024-09-19 14:25:37.861000,419.1050468163556,104
2024-09-19 14:25:37.901000,419.0534591051941,105
2024-09-19 14:25:37.963000,419.05494200957816,1003
2024-09-19 14:25:38.172000,419.0818269436217,98
2024-09-19 14:25:38.337000,419.0705265214296,100
2024-09-19 14:25:38.414000,419.0864732638164,96
2024-09-19 14:25:38.444000,419.0655799678535,102
2024-09-19 14:25:38.570000,419.06370560757927,104
2024-09-19 14:25:38.872000,419.1118413341384,1002
2024-09-19 14:25:38.991000,419.1096937572191,997
2024-09-19 14:25:39.019000,419.0891048944832,103
2024-09-19 14:25:39.022000,418.94180417060505,995
2024-09-19 14:25:39.043000,419.0548155813539,103
2024-09-19 14:25:39.044000,418.9381036939332,8
2024-09-19 14:25:39.054000,418.9444693323754,6
2024-09-19 14:25:39.078000,419.0867863968682,996
2024-09-19 14:25:39.102000,418.986227066218,7
2024-09-19 14:25:39.211000,419.0909520263664,999
2024-09-19 14:25:39.212000,419.0243149894308,1001
2024-09-19 14:25:39.220000,418.98362885336047,95
2024-09-19 14:25:39.289000,419.0613662677368,997
2024-09-19 14:25:39.335000,419.0836087397553,1003
2024-09-19 14:25:39.388000,419.0499685171045,995
2024-09-19 14:25:39.458000,419.0983032428425,102
2024-09-19 14:25:39.461000,419.10387024757625,5
2024-09-19 14:25:39.536000,419.0031712675672,1001
2024-09-19 14:25:39.545000,418.9520582770167,12
2024-09-19 14:25:39.565000,419.0994030139806,13
2024-09-19 14:25:39.583000,418.9519700237362,96
2024-09-19 14:25:39.589000,418.93604501239776,101
2024-09-19 14:25:39.632000,419.0863766781538,97
2024-09-19 14:25:39.671000,418.98913834984296,10
2024-09-19 14:25:39.702000,419.058628172453,98
2024-09-19 14:25:39.744000,418.9418967059786,96
2024-09-19 14:25:39.780000,419.0664135754976,98
2024-09-19 14:25:39.828000,419.052807003325,99
2024-09-19 14:25:39.841000,419.0333294704877,12
2024-09-19 14:25:39.907000,419.0258586560956,97
2024-09-19 14:25:39.976000,419.0540550548096,14
2024-09-19 14:25:39.995000,419.0519145069955,95
2024-09-19 14:25:40.006000,418.9569313346245,13
2024-09-19 14:25:40.052000,418.94402983201417,1005
2024-09-19 14:25:40.112000,418.92656335309,15
2024-09-19 14:25:40.175000,418.9520393932771,101
2024-09-19 14:25:40.264000,418.9424007939472,995
2024-09-19 14:25:40.699000,418.92748176673047,103
2024-09-19 14:25:40.854000,418.9454550604147,105
2024-09-19 14:25:41.306000,418.9347435213445,98
2024-09-19 14:25:41.364000,418.9504407190553,10
2024-09-19 14:25:41.380000,418.9635549277591,98
2024-09-19 14:25:41.439000,418.9743931917022,101
2024-09-19 14:25:41.507000,418.9641237362732,999
2024-09-19 14:25:41.679000,418.9573095289464,102
2024-09-19 14:25:41.717000,418.9589785289849,1001
2024-09-19 14:25:41.777000,418.9456754052784,99
2024-09-19 14:25:41.959000,418.9433003086723,999
2024-09-19 14:25:42.228000,418.9511476776734,1004
2024-09-19 14:25:42.367000,418.9310128344376,998
2024-09-19 14:25:42.443000,418.9432140954824,15
2024-09-19 14:25:42.482000,418.9447108755449,7
2024-09-19 14:25:42.795000,418.94359947391104,7
2024-09-19 14:25:42.830000,418.93919801817,104
2024-09-19 14:25:42.870000,418.9475712292245,11
2024-09-19 14:25:42.886000,418.9470884401494,995
2024-09-19 14:25:42.893000,418.9216015691086,10
2024-09-19 14:25:43.010000,418.93101343594407,996
2024-09-19 14:25:43.287000,418.9389987731961,105
2024-09-19 14:25:44.006000,418.9178106532276,104
2024-09-19 14:25:44.336000,418.93586540550086,1005
2024-09-19 14:25:44.579000,418.9271670938055,103
2024-09-19 14:25:44.755000,418.93615324207104,6
2024-09-19 14:25:44.820000,418.9235952306991,6
2024-09-19 14:25:45.006000,418.8636909164324,5
2024-09-19 14:25:45.095000,418.9268097023872,1001
2024-09-19 14:25:45.096000,418.8617666411434,1003
2024-09-19 14:25:45.144000,418.90415652411207,103
2024-09-19 14:25:45.145000,418.89298536030606,7
2024-09-19 14:25:45.359000,418.8728687730654,104
2024-09-19 14:25:45.366000,418.87574799673126,95
2024-09-19 14:25:45.369000,418.8610474409635,103
2024-09-19 14:25:45.420000,418.86651988196,1003
2024-09-19 14:25:45.428000,418.9286868720495,12
2024-09-19 14:25:45.449000,418.877634970057,10
2024-09-19 14:25:45.529000,418.920625034696,95
2024-09-19 14:25:45.559000,418.8787953257536,999
2024-09-19 14:25:45.586000,418.8805851363044,99
2024-09-19 14:25:45.627000,418.8941552649076,7
2024-09-19 14:25:45.747000,418.8731899797616,14
2024-09-19 14:25:45.761000,418.8703641362693,96
2024-09-19 14:25:45.797000,418.8973683917984,1005
2024-09-19 14:25:45.873000,418.94402967877903,104
2024-09-19 14:25:45.877000,418.89150897483694,1000
2024-09-19 14:25:45.959000,418.8905758530713,7
2024-09-19 14:25:46.020000,418.8467174772868,6
2024-09-19 14:25:46.073000,418.8518921732597,1002
2024-09-19 14:25:46.230000,418.8603911997842,998
2024-09-19 14:25:46.250000,418.8902119894204,12
2024-09-19 14:25:46.331000,418.88780240385927,96
2024-09-19 14:25:46.341000,418.8889747332684,101
2024-09-19 14:25:46.817000,418.8571867073231,997
2024-09-19 14:25:46.847000,418.8479951001734,13
2024-09-19 14:25:46.903000,418.8746610277362,104
2024-09-19 14:25:46.916000,418.8681628997719,105
2024-09-19 14:25:47.515000,418.8771916814847,95
2024-09-19 14:25:47.663000,418.9022748245575,10
2024-09-19 14:25:47.799000,418.8779502720846,1002
2024-09-19 14:25:47.846000,418.8873701619912,6
2024-09-19 14:25:48.081000,418.93819256478565,11
2024-09-19 14:25:48.117000,418.9611869873402,101
2024-09-19 14:25:48.158000,418.9579597567181,100
2024-09-19 14:25:48.178000,418.938588936998,103
2024-09-19 14:25:48.325000,418.91538150879927,1002
2024-09-19 14:25:48.366000,418.8895665088396,998
2024-09-19 14:25:48.439000,418.8993378848185,15
2024-09-19 14:25:48.492000,418.95967015087,996
2024-09-19 14:25:48.523000,418.9656762957408,13
2024-09-19 14:25:48.576000,418.96032221626,997
2024-09-19 14:25:48.584000,418.890201570096,97
2024-09-19 14:25:48.734000,418.8806601187924,5
2024-09-19 14:25:48.743000,418.8933748332586,997
2024-09-19 14:25:48.804000,418.9421031883701,101
2024-09-19 14:25:48.876000,418.9576236430218,99
2024-09-19 14:25:48.965000,418.9192817126467,997
2024-09-19 14:25:49.358000,418.96702357932855,996
2024-09-19 14:25:49.380000,418.9766107136386,100
2024-09-19 14:25:49.546000,418.9593997786585,7
2024-09-19 14:25:49.718000,418.9833334122756,98
2024-09-19 14:25:49.839000,418.9618977223399,999
2024-09-19 14:25:49.908000,418.96997269785726,11
2024-09-19 14:25:49.956000,418.97800805844696,105
2024-09-19 14:25:50.035000,418.9880599210136,1002
2024-09-19 14:25:50.046000,418.9961470624788,98
2024-09-19 14:25:50.062000,418.9989206884587,103
2024-09-19 14:25:50.088000,419.0139472534676,1000
2024-09-19 14:25:50.095000,419.0033881786752,10
2024-09-19 14:25:50.100000,418.9981645285462,100
2024-09-19 14:25:50.132000,419.016163061707,102
2024-09-19 14:25:50.167000,418.99750191684217,100
2024-09-19 14:25:50.189000,419.03329145287546,15
2024-09-19 14:25:50.196000,419.0008493040564,1001
2024-09-19 14:25:50.295000,419.0004183197444,97
2024-09-19 14:25:50.315000,419.00273619550495,1005
2024-09-19 14:25:50.318000,419.0194621547489,105
2024-09-19 14:25:50.331000,419.0150809036341,103
2024-09-19 14:25:50.407000,419.0032442008078,8
2024-09-19 14:25:50.421000,419.0023553254998,10
2024-09-19 14:25:50.511000,418.9938893939757,1004
2024-09-19 14:25:50.516000,419.0301184409503,99
2024-09-19 14:25:50.522000,419.0250335333287,1004
2024-09-19 14:25:50.597000,418.9930320136407,6
2024-09-19 14:25:50.657000,419.02647650099817,1000
2024-09-19 14:25:50.976000,419.0320830738505,99
2024-09-19 14:25:51.621000,419.03526188300657,14
2024-09-19 14:25:52.003000,419.1114307036264,8
2024-09-19 14:25:52.018000,419.09706488457823,104
2024-09-19 14:25:52.106000,419.07340210481055,996
2024-09-19 14:25:52.124000,419.10639164547786,995
2024-09-19 14:25:52.148000,419.09408354061776,101
2024-09-19 14:25:52.172000,419.0985366219752,7
2024-09-19 14:25:52.317000,419.1073329233181,10
2024-09-19 14:25:52.327000,419.0900413688221,7
2024-09-19 14:25:52.370000,419.0492727497885,13
2024-09-19 14:25:52.376000,419.0998975297251,103
2024-09-19 14:25:52.408000,419.096118932697,998
2024-09-19 14:25:52.587000,419.0911135908888,1003
2024-09-19 14:25:52.633000,419.1156816993642,101
2024-09-19 14:25:52.701000,419.11797018050135,95
2024-09-19 14:25:52.708000,419.06343269959433,6
2024-09-19 14:25:52.816000,419.11483991353,14
2024-09-19 14:25:52.841000,419.10703195311874,1003
2024-09-19 14:25:52.862000,419.0959108232926,11
2024-09-19 14:25:52.937000,419.07486131181287,11
2024-09-19 14:25:53.311000,419.0655118787739,996
2024-09-19 14:25:53.339000,419.0555198393982,98
2024-09-19 14:25:53.576000,419.0691835786647,15
2024-09-19 14:25:53.686000,419.0606665976509,11
2024-09-19 14:25:54.092000,419.07094091594047,1002
2024-09-19 14:25:54.092000,419.06785722176375,1004
2024-09-19 14:25:54.140000,419.04245176268114,1004
2024-09-19 14:25:54.165000,419.0838322525949,15
2024-09-19 14:25:54.232000,419.0313412356204,10
2024-09-19 14:25:54.236000,419.05916999957816,103
2024-09-19 14:25:54.241000,419.0896213919454,99
2024-09-19 14:25:54.251000,419.063084213152,1001
2024-09-19 14:25:54.306000,419.0827823485533,96
2024-09-19 14:25:54.341000,419.065352523471,9
2024-09-19 14:25:54.382000,419.0697963746858,11
2024-09-19 14:25:54.386000,419.0360170888194,8
2024-09-19 14:25:54.467000,419.0545683571593,13
2024-09-19 14:25:54.467000,419.0320276368456,10
2024-09-19 14:25:54.501000,419.0587116367049,95
2024-09-19 14:25:54.635000,419.08660133425576,999
2024-09-19 14:25:54.732000,419.0911482736012,99
2024-09-19 14:25:54.763000,419.0489198960412,99
2024-09-19 14:25:54.767000,419.0768428399917,1003
2024-09-19 14:25:54.783000,419.1051006508361,7
2024-09-19 14:25:54.800000,419.0940856771778,105
2024-09-19 14:25:54.810000,419.0657098075777,95
2024-09-19 14:25:54.908000,419.0863191639348,12
2024-09-19 14:25:54.994000,419.029687526935,14
2024-09-19 14:25:55.021000,419.0578982854717,1002
2024-09-19 14:25:55.075000,419.03934273963335,1004
2024-09-19 14:25:55.092000,419.03597362689896,1000
2024-09-19 14:25:55.143000,419.0936265170519,1001
2024-09-19 14:25:55.162000,419.0546930815449,1001
2024-09-19 14:25:55.214000,419.0863605996302,12
2024-09-19 14:25:55.280000,419.07553978122064,96
2024-09-19 14:25:55.744000,419.1078014252244,97
2024-09-19 14:25:56.032000,419.1054169153185,100
2024-09-19 14:25:56.052000,419.0717572854204,101
2024-09-19 14:25:56.100000,419.08578879511447,102
2024-09-19 14:25:56.116000,419.10817395913466,1003
2024-09-19 14:25:56.192000,419.092044845495,8
2024-09-19 14:25:56.303000,419.0801822188441,101
2024-09-19 14:25:56.304000,419.08115323593705,100
2024-09-19 14:25:56.305000,419.0768110225088,1001
2024-09-19 14:25:56.394000,419.0985124374404,95
2024-09-19 14:25:56.397000,419.1075256218722,1005
2024-09-19 14:25:56.397000,419.0682521193956,100
2024-09-19 14:25:56.411000,419.103380100783,97
2024-09-19 14:25:56.508000,419.11117712148354,997
2024-09-19 14:25:56.519000,419.10989172689705,100
2024-09-19 14:25:56.561000,419.0988294338364,102
2024-09-19 14:25:56.632000,419.09507432375966,995
2024-09-19 14:25:56.634000,419.0803244914036,1003
2024-09-19 14:25:56.651000,419.099124086231,1002
2024-09-19 14:25:56.690000,419.0900455102482,995
2024-09-19 14:25:56.716000,419.1040165775516,5
2024-09-19 14:25:56.739000,419.1040916277665,104
2024-09-19 14:25:56.823000,419.111710923494,13
2024-09-19 14:25:56.849000,419.0949802348436,13
2024-09-19 14:25:56.868000,419.10114508867815,98
2024-09-19 14:25:56.904000,419.1290973994225,96
2024-09-19 14:25:56.928000,419.0762402202733,996
2024-09-19 14:25:56.937000,419.102492181156,100
2024-09-19 14:25:56.975000,419.063409308651,1005
2024-09-19 14:25:56.995000,419.078509855256,998
2024-09-19 14:25:57.033000,419.1529045480584,6
2024-09-19 14:25:57.057000,419.08632167142633,12
2024-09-19 14:25:57.092000,419.1339280259913,5
2024-09-19 14:25:57.185000,419.15222159501945,996
2024-09-19 14:25:57.199000,419.1444858539931,1004
2024-09-19 14:25:57.288000,419.0984264821285,11
2024-09-19 14:25:57.428000,419.1380429516541,997
2024-09-19 14:25:57.553000,419.104212101328,1000
2024-09-19 14:25:57.643000,419.08904530375,99
2024-09-19 14:25:57.691000,419.1035548199185,996
2024-09-19 14:25:57.776000,419.11700984177537,96
2024-09-19 14:25:57.852000,419.060417116117,996
2024-09-19 14:25:57.898000,419.0983680569848,8
2024-09-19 14:25:57.922000,419.09283721976345,1003
2024-09-19 14:25:57.999000,419.10874690064776,998
2024-09-19 14:25:58.030000,419.079245838488,12
2024-09-19 14:25:58.134000,419.0760302229583,999
2024-09-19 14:25:58.151000,419.1212162190434,99
2024-09-19 14:25:58.264000,419.1222023612078,1004
2024-09-19 14:25:58.323000,419.0680124955996,9
2024-09-19 14:25:58.407000,419.0810086037754,99
2024-09-19 14:25:58.500000,419.0677904158412,1002
2024-09-19 14:25:58.566000,419.0695461345568,1005
2024-09-19 14:25:58.813000,419.1218652579751,9
2024-09-19 14:25:58.858000,419.1164424784064,1004
2024-09-19 14:25:58.899000,419.0839236698704,1004
2024-09-19 14:25:59.002000,418.9722470485458,100
2024-09-19 14:25:59.016000,419.03310569489264,15
2024-09-19 14:25:59.023000,419.0503999641084,12
2024-09-19 14:25:59.071000,419.09831520984113,999
2024-09-19 14:25:59.074000,419.0695414042727,8
2024-09-19 14:25:59.085000,419.1009987565052,9
2024-09-19 14:25:59.095000,419.0916241535596,100
2024-09-19 14:25:59.231000,419.0660166178166,6
2024-09-19 14:25:59.302000,419.0425173479797,95
2024-09-19 14:25:59.386000,419.0785812190645,95
2024-09-19 14:25:59.457000,419.010230401986,103
2024-09-19 14:25:59.528000,419.1028182321965,1001
2024-09-19 14:25:59.584000,419.08151165477113,95
2024-09-19 14:25:59.595000,419.097898795394,8
2024-09-19 14:25:59.635000,418.9976401424449,997
2024-09-19 14:25:59.695000,418.9982188592119,105
2024-09-19 14:25:59.713000,418.95341362055166,1004
2024-09-19 14:25:59.787000,419.0691422585836,102
2024-09-19 14:25:59.801000,419.0769847222031,13
2024-09-19 14:25:59.878000,419.1049128008229,97
2024-09-19 14:25:59.918000,419.1005067076524,12
2024-09-19 14:25:59.927000,419.063098304766,5
2024-09-19 14:25:59.927000,419.0710623138377,7
2024-09-19 14:25:59.979000,419.07559305081406,15
