Timestamp,Price,Size
2024-09-17 13:10:00.018000,404.8294857658589,99
2024-09-17 13:10:00.032000,404.8087782379824,100
2024-09-17 13:10:00.090000,404.8343048565085,15
2024-09-17 13:10:00.211000,404.8688878732859,98
2024-09-17 13:10:00.344000,404.7901030986466,100
2024-09-17 13:10:00.362000,404.8148759595691,998
2024-09-17 13:10:00.366000,404.8447924640234,1004
2024-09-17 13:10:00.400000,404.87813917457487,104
2024-09-17 13:10:00.476000,404.8188783087173,97
2024-09-17 13:10:00.525000,404.8204053571973,15
2024-09-17 13:10:00.569000,404.8806405892888,96
2024-09-17 13:10:00.670000,404.8030721911237,11
2024-09-17 13:10:00.698000,404.81359494133454,8
2024-09-17 13:10:00.791000,404.8882355723808,105
2024-09-17 13:10:00.797000,404.8059993953295,15
2024-09-17 13:10:00.836000,404.8149090904904,12
2024-09-17 13:10:00.918000,404.8417561908244,999
2024-09-17 13:10:01.270000,404.9547109619664,9
2024-09-17 13:10:01.292000,404.9146158882649,14
2024-09-17 13:10:01.417000,404.9510013906084,105
2024-09-17 13:10:01.462000,404.90843825999417,97
2024-09-17 13:10:01.474000,404.9284244455121,104
2024-09-17 13:10:01.563000,404.9768641727567,5
2024-09-17 13:10:01.648000,404.9385040415647,999
2024-09-17 13:10:01.663000,405.0231124317941,99
2024-09-17 13:10:01.723000,404.9149797591976,998
2024-09-17 13:10:01.756000,404.98725085271167,11
2024-09-17 13:10:01.776000,405.0164198880799,1000
2024-09-17 13:10:01.783000,404.90096172570776,100
2024-09-17 13:10:01.868000,404.9198600710847,7
2024-09-17 13:10:01.887000,405.0047107269745,104
2024-09-17 13:10:01.889000,404.97685440292497,12
2024-09-17 13:10:01.896000,404.99934819623775,999
2024-09-17 13:10:01.899000,404.9203393114769,95
2024-09-17 13:10:02.208000,404.9834382391243,998
2024-09-17 13:10:02.417000,404.9742354546742,99
2024-09-17 13:10:02.541000,404.9807746784626,1005
2024-09-17 13:10:02.556000,404.95787607291857,103
2024-09-17 13:10:02.850000,404.9645503928559,999
2024-09-17 13:10:03.128000,404.9335213751991,1002
2024-09-17 13:10:03.152000,404.9580425420395,9
2024-09-17 13:10:03.208000,404.9067972036068,997
2024-09-17 13:10:03.236000,404.910697976924,99
2024-09-17 13:10:03.319000,404.95741351116914,997
2024-09-17 13:10:03.323000,404.9406490020651,95
2024-09-17 13:10:03.324000,404.95833974892406,10
2024-09-17 13:10:03.470000,404.9200144041955,1003
2024-09-17 13:10:03.521000,404.9086491094384,997
2024-09-17 13:10:03.598000,404.9524759727543,104
2024-09-17 13:10:03.625000,404.9603825028717,15
2024-09-17 13:10:03.656000,404.9323966713168,6
2024-09-17 13:10:03.783000,404.96718142478966,998
2024-09-17 13:10:03.808000,404.95708988568526,15
2024-09-17 13:10:03.904000,404.9150195275269,10
2024-09-17 13:10:03.911000,404.9208618281472,100
2024-09-17 13:10:04.125000,404.9207500692107,99
2024-09-17 13:10:04.358000,404.9269203175382,8
2024-09-17 13:10:04.391000,404.9169154298852,105
2024-09-17 13:10:04.512000,404.91462509464327,12
2024-09-17 13:10:04.559000,404.9008175232688,997
2024-09-17 13:10:04.570000,404.906020497612,96
2024-09-17 13:10:04.581000,404.9102525754153,98
2024-09-17 13:10:04.736000,404.9243101573082,1000
2024-09-17 13:10:04.793000,404.9294502776571,8
2024-09-17 13:10:04.900000,404.92878657701,96
2024-09-17 13:10:05.107000,404.92906711129166,103
2024-09-17 13:10:05.161000,404.91905319352463,999
2024-09-17 13:10:05.161000,404.9451557079104,105
2024-09-17 13:10:05.350000,404.9340771426839,1000
2024-09-17 13:10:05.484000,404.91750640637207,99
2024-09-17 13:10:05.552000,404.90348886861824,95
2024-09-17 13:10:06.075000,404.9124072284396,1004
2024-09-17 13:10:06.082000,404.91429003308383,104
2024-09-17 13:10:06.084000,404.91899789246736,100
2024-09-17 13:10:06.091000,404.9130129503328,998
2024-09-17 13:10:06.208000,404.9332130747607,9
2024-09-17 13:10:06.210000,404.9176761621868,11
2024-09-17 13:10:06.289000,404.91571959000026,11
2024-09-17 13:10:06.310000,404.9377257693248,13
2024-09-17 13:10:06.372000,404.92908351762856,101
2024-09-17 13:10:06.410000,404.913466193215,5
2024-09-17 13:10:06.483000,404.9162778036587,1002
2024-09-17 13:10:06.533000,404.9044397293623,104
2024-09-17 13:10:06.622000,404.91688764297805,95
2024-09-17 13:10:06.625000,404.93799888633663,103
2024-09-17 13:10:06.697000,404.9285092248939,10
2024-09-17 13:10:06.747000,404.9328886605347,104
2024-09-17 13:10:06.764000,404.9269507458558,14
2024-09-17 13:10:06.857000,404.8892861575932,102
2024-09-17 13:10:06.882000,404.8915538517143,11
2024-09-17 13:10:06.934000,404.909369764554,999
2024-09-17 13:10:06.940000,404.8782768717461,5
2024-09-17 13:10:06.979000,404.9162242582671,1000
2024-09-17 13:10:07.005000,404.8311586674532,98
2024-09-17 13:10:07.060000,404.8061169097725,13
2024-09-17 13:10:07.080000,404.81661563669513,96
2024-09-17 13:10:07.136000,404.8150207280826,996
2024-09-17 13:10:07.198000,404.79867401633686,7
2024-09-17 13:10:07.315000,404.7982645450929,102
2024-09-17 13:10:07.408000,404.7789817067954,1005
2024-09-17 13:10:07.410000,404.8400182534317,1003
2024-09-17 13:10:07.513000,404.79435690637706,103
2024-09-17 13:10:07.547000,404.7907962027274,1004
2024-09-17 13:10:07.548000,404.8101149838056,998
2024-09-17 13:10:07.604000,404.82009905546175,6
2024-09-17 13:10:07.607000,404.8123681732525,102
2024-09-17 13:10:07.608000,404.7892418356783,14
2024-09-17 13:10:07.627000,404.80260588444537,1000
2024-09-17 13:10:07.750000,404.8361470293816,9
2024-09-17 13:10:07.808000,404.7732137258748,15
2024-09-17 13:10:07.876000,404.80786482813966,10
2024-09-17 13:10:07.906000,404.8857680437941,5
2024-09-17 13:10:07.916000,404.8070772281692,1005
2024-09-17 13:10:07.973000,404.807731340148,995
2024-09-17 13:10:08.022000,404.7550798146512,11
2024-09-17 13:10:08.099000,404.7576175653853,105
2024-09-17 13:10:08.103000,404.7646817265964,95
2024-09-17 13:10:08.274000,404.7752055309928,14
2024-09-17 13:10:08.428000,404.7473988123517,999
2024-09-17 13:10:08.515000,404.7438172934068,8
2024-09-17 13:10:08.516000,404.7618865185556,15
2024-09-17 13:10:08.670000,404.7682523540212,998
2024-09-17 13:10:08.673000,404.7517648830989,8
2024-09-17 13:10:08.709000,404.7369003292902,15
2024-09-17 13:10:08.773000,404.762835404226,96
2024-09-17 13:10:08.896000,404.7490642423854,102
2024-09-17 13:10:08.969000,404.7559796092668,997
2024-09-17 13:10:09.016000,404.73995725374766,10
2024-09-17 13:10:09.033000,404.7565683079511,1005
2024-09-17 13:10:09.048000,404.7493654439208,8
2024-09-17 13:10:09.088000,404.73263925728776,11
2024-09-17 13:10:09.213000,404.753562016132,95
2024-09-17 13:10:09.238000,404.7409460515828,12
2024-09-17 13:10:09.248000,404.7902745584713,99
2024-09-17 13:10:09.294000,404.7636945811161,995
2024-09-17 13:10:09.336000,404.6916242224805,14
2024-09-17 13:10:09.377000,404.7374525595927,98
2024-09-17 13:10:09.431000,404.7790912779778,1001
2024-09-17 13:10:09.481000,404.7494181129875,14
2024-09-17 13:10:09.510000,404.711445317665,1004
2024-09-17 13:10:09.534000,404.7565725421776,10
2024-09-17 13:10:09.577000,404.7577023990307,15
2024-09-17 13:10:09.597000,404.7488518049123,1003
2024-09-17 13:10:09.623000,404.7194717586944,995
2024-09-17 13:10:09.633000,404.75627694378295,97
2024-09-17 13:10:09.673000,404.7113098008399,1002
2024-09-17 13:10:09.686000,404.72901620857294,95
2024-09-17 13:10:09.715000,404.7618214467341,995
2024-09-17 13:10:09.729000,404.73219168670187,95
2024-09-17 13:10:09.770000,404.77428793118855,95
2024-09-17 13:10:09.831000,404.7325441033766,997
2024-09-17 13:10:09.839000,404.7545968557758,7
2024-09-17 13:10:09.889000,404.7510334489874,1001
2024-09-17 13:10:09.943000,404.7590887824329,1004
2024-09-17 13:10:10.122000,404.6081693287786,7
2024-09-17 13:10:10.219000,404.60547539425454,1003
2024-09-17 13:10:10.241000,404.6104004032353,9
2024-09-17 13:10:10.394000,404.673238149819,98
2024-09-17 13:10:10.410000,404.626378464944,1002
2024-09-17 13:10:10.450000,404.6672544031204,98
2024-09-17 13:10:10.483000,404.6699534642753,9
2024-09-17 13:10:10.517000,404.6506959130432,999
2024-09-17 13:10:10.525000,404.6015944886768,998
2024-09-17 13:10:10.556000,404.5979307302064,100
2024-09-17 13:10:10.643000,404.6393121066135,7
2024-09-17 13:10:10.716000,404.7011891512713,13
2024-09-17 13:10:10.738000,404.6161924616752,101
2024-09-17 13:10:10.749000,404.6198755900672,7
2024-09-17 13:10:10.787000,404.663432672962,101
2024-09-17 13:10:10.877000,404.6061006269439,104
2024-09-17 13:10:11.291000,404.6321033953495,96
2024-09-17 13:10:11.355000,404.651491040562,7
2024-09-17 13:10:11.689000,404.6499011805176,996
2024-09-17 13:10:11.870000,404.6585582630187,1003
2024-09-17 13:10:11.958000,404.61570811971575,100
2024-09-17 13:10:11.979000,404.6176757024235,6
2024-09-17 13:10:12.216000,404.68581411363584,100
2024-09-17 13:10:12.247000,404.6691424987168,100
2024-09-17 13:10:12.279000,404.6595791942112,1003
2024-09-17 13:10:12.481000,404.6628556768157,7
2024-09-17 13:10:12.524000,404.6860897233512,99
2024-09-17 13:10:12.544000,404.68855248841385,6
2024-09-17 13:10:12.605000,404.6880162886872,11
2024-09-17 13:10:12.720000,404.6677896609806,8
2024-09-17 13:10:12.783000,404.6622824351512,1000
2024-09-17 13:10:13.131000,404.67635035493487,100
2024-09-17 13:10:13.138000,404.6630749398981,105
2024-09-17 13:10:13.152000,404.6284621272322,96
2024-09-17 13:10:13.677000,404.6261852131992,98
2024-09-17 13:10:13.679000,404.6211070736229,103
2024-09-17 13:10:13.690000,404.6721492263666,999
2024-09-17 13:10:13.832000,404.6172727775063,12
2024-09-17 13:10:14.048000,404.6027902413999,15
2024-09-17 13:10:14.058000,404.6340627262841,96
2024-09-17 13:10:14.072000,404.6312589073872,15
2024-09-17 13:10:14.105000,404.63044915605457,98
2024-09-17 13:10:14.131000,404.6286651737212,101
2024-09-17 13:10:14.142000,404.6308257385023,1003
2024-09-17 13:10:14.182000,404.63062208987054,99
2024-09-17 13:10:14.226000,404.6247591284711,1005
2024-09-17 13:10:14.237000,404.5721719089149,11
2024-09-17 13:10:14.434000,404.5913004986283,5
2024-09-17 13:10:14.451000,404.5965138537444,998
2024-09-17 13:10:14.554000,404.6331216343447,995
2024-09-17 13:10:14.587000,404.6092350131232,98
2024-09-17 13:10:14.665000,404.6063883558286,1005
2024-09-17 13:10:14.739000,404.6029913425437,95
2024-09-17 13:10:14.936000,404.57631289530025,1005
2024-09-17 13:10:14.962000,404.61961752503305,101
2024-09-17 13:10:14.976000,404.6044178704104,995
2024-09-17 13:10:14.982000,404.6377587146128,13
2024-09-17 13:10:14.992000,404.59209193496014,1004
2024-09-17 13:10:15.124000,404.6360156891514,6
2024-09-17 13:10:15.162000,404.70677339805536,100
2024-09-17 13:10:15.233000,404.6515623911464,98
2024-09-17 13:10:15.383000,404.6431772186716,995
2024-09-17 13:10:15.412000,404.6565502776924,104
2024-09-17 13:10:15.569000,404.6707890976649,1004
2024-09-17 13:10:15.775000,404.6917812145052,1003
2024-09-17 13:10:15.782000,404.6721748962733,14
2024-09-17 13:10:15.868000,404.6731067335813,102
2024-09-17 13:10:15.870000,404.6548858645038,99
2024-09-17 13:10:15.876000,404.682252024703,95
2024-09-17 13:10:15.896000,404.695008205296,1004
2024-09-17 13:10:15.935000,404.6799029968091,1001
2024-09-17 13:10:16.163000,404.626636324689,98
2024-09-17 13:10:16.184000,404.6144434301325,997
2024-09-17 13:10:16.185000,404.6146388820506,997
2024-09-17 13:10:16.266000,404.6289714726023,1004
2024-09-17 13:10:16.296000,404.6112763368606,997
2024-09-17 13:10:16.338000,404.5971663672987,1005
2024-09-17 13:10:16.345000,404.63865324461824,998
2024-09-17 13:10:16.347000,404.6128743496566,998
2024-09-17 13:10:16.426000,404.6027533280559,1003
2024-09-17 13:10:16.437000,404.61080334525934,10
2024-09-17 13:10:16.537000,404.6101526756481,97
2024-09-17 13:10:16.562000,404.6158078953212,12
2024-09-17 13:10:16.574000,404.6021718156185,14
2024-09-17 13:10:16.671000,404.6281040727197,1005
2024-09-17 13:10:16.674000,404.6126304196207,1004
2024-09-17 13:10:16.775000,404.6116902687273,1003
2024-09-17 13:10:16.948000,404.6276265504828,11
2024-09-17 13:10:17.322000,404.6021158426105,1003
2024-09-17 13:10:17.392000,404.5934211824299,97
2024-09-17 13:10:17.606000,404.5874470982407,995
2024-09-17 13:10:17.865000,404.5982780557639,7
2024-09-17 13:10:18.019000,404.53976580753545,7
2024-09-17 13:10:18.033000,404.5794368123648,1003
2024-09-17 13:10:18.223000,404.5585080889372,14
2024-09-17 13:10:18.240000,404.5927597764177,1002
2024-09-17 13:10:18.279000,404.6113908187925,96
2024-09-17 13:10:18.519000,404.60107266953145,7
2024-09-17 13:10:18.574000,404.5666842606703,12
2024-09-17 13:10:18.594000,404.5740843434572,13
2024-09-17 13:10:18.679000,404.60066241683137,1002
2024-09-17 13:10:18.685000,404.5722997437512,995
2024-09-17 13:10:18.806000,404.5659611570663,14
2024-09-17 13:10:18.841000,404.6063209488607,10
2024-09-17 13:10:18.924000,404.6049408807231,1002
2024-09-17 13:10:19.022000,404.52780465456914,96
2024-09-17 13:10:19.028000,404.5283330120397,998
2024-09-17 13:10:19.071000,404.5168211266707,997
2024-09-17 13:10:19.103000,404.5210056124464,102
2024-09-17 13:10:19.145000,404.4931462953485,102
2024-09-17 13:10:19.270000,404.4691891950982,1000
2024-09-17 13:10:19.282000,404.5035806268657,14
2024-09-17 13:10:19.330000,404.4771283239944,997
2024-09-17 13:10:19.375000,404.4698478940194,998
2024-09-17 13:10:19.413000,404.52437028087513,97
2024-09-17 13:10:19.511000,404.53292445214674,9
2024-09-17 13:10:19.524000,404.5258395625324,999
2024-09-17 13:10:19.609000,404.52421520578906,102
2024-09-17 13:10:19.707000,404.4762251479687,5
2024-09-17 13:10:19.791000,404.5095131319335,99
2024-09-17 13:10:19.798000,404.4932075837648,9
2024-09-17 13:10:19.836000,404.5403835078519,7
2024-09-17 13:10:19.845000,404.5053834860913,98
2024-09-17 13:10:19.934000,404.538562311656,998
2024-09-17 13:10:20.062000,404.4830648087458,1004
2024-09-17 13:10:20.194000,404.5355647017368,9
2024-09-17 13:10:20.243000,404.5036542020383,103
2024-09-17 13:10:20.334000,404.5505268176086,95
2024-09-17 13:10:20.363000,404.4832961999765,7
2024-09-17 13:10:20.430000,404.5264250956785,1000
2024-09-17 13:10:20.468000,404.52327284505856,12
2024-09-17 13:10:20.478000,404.4834852606127,996
2024-09-17 13:10:20.482000,404.5189330590782,98
2024-09-17 13:10:20.563000,404.4819276322581,1001
2024-09-17 13:10:20.584000,404.4717787642293,1005
2024-09-17 13:10:20.591000,404.5112547414891,10
2024-09-17 13:10:20.637000,404.5074532943137,99
2024-09-17 13:10:20.658000,404.4796456938404,1002
2024-09-17 13:10:20.694000,404.475048702268,1004
2024-09-17 13:10:20.724000,404.4952805369987,95
2024-09-17 13:10:20.761000,404.4717898520239,96
2024-09-17 13:10:20.773000,404.49384299638194,5
2024-09-17 13:10:20.820000,404.4766093102239,105
2024-09-17 13:10:20.847000,404.4717515661267,14
2024-09-17 13:10:20.861000,404.4842721018781,5
2024-09-17 13:10:20.958000,404.4841250313635,1000
2024-09-17 13:10:20.983000,404.4815817398938,999
2024-09-17 13:10:21.065000,404.56765279922257,10
2024-09-17 13:10:21.068000,404.5550123763272,999
2024-09-17 13:10:21.086000,404.5636922043208,99
2024-09-17 13:10:21.089000,404.6011863769184,105
2024-09-17 13:10:21.140000,404.549027704348,5
2024-09-17 13:10:21.166000,404.56250688541314,100
2024-09-17 13:10:21.178000,404.56808908100703,95
2024-09-17 13:10:21.199000,404.6185147929952,105
2024-09-17 13:10:21.243000,404.626571748997,1005
2024-09-17 13:10:21.262000,404.61904756952174,97
2024-09-17 13:10:21.319000,404.5875159866885,103
2024-09-17 13:10:21.617000,404.6125922668556,995
2024-09-17 13:10:21.635000,404.532391537084,997
2024-09-17 13:10:21.666000,404.5449010765311,998
2024-09-17 13:10:21.750000,404.61805956392345,95
2024-09-17 13:10:21.768000,404.52079868677424,999
2024-09-17 13:10:21.781000,404.5780024042189,15
2024-09-17 13:10:21.852000,404.61188432147975,5
2024-09-17 13:10:21.901000,404.561442242472,8
2024-09-17 13:10:21.904000,404.5494655834769,1002
2024-09-17 13:10:21.949000,404.5378685644314,99
2024-09-17 13:10:22.042000,404.5054225624271,1002
2024-09-17 13:10:22.054000,404.52172304458617,7
2024-09-17 13:10:22.161000,404.5097149494096,1004
2024-09-17 13:10:22.208000,404.4900892726917,95
2024-09-17 13:10:22.220000,404.463153292369,1000
2024-09-17 13:10:22.273000,404.493529909566,13
2024-09-17 13:10:22.329000,404.5025919457672,995
2024-09-17 13:10:22.334000,404.4695089249565,1003
2024-09-17 13:10:22.389000,404.463584410348,7
2024-09-17 13:10:22.390000,404.49697763802783,6
2024-09-17 13:10:22.446000,404.4708966883217,10
2024-09-17 13:10:22.471000,404.5089613861,999
2024-09-17 13:10:22.499000,404.4786791990728,14
2024-09-17 13:10:22.515000,404.4559027321868,96
2024-09-17 13:10:22.566000,404.5437787916196,105
2024-09-17 13:10:22.577000,404.4880745703921,999
2024-09-17 13:10:22.586000,404.4951411373849,11
2024-09-17 13:10:22.638000,404.478854526034,996
2024-09-17 13:10:22.647000,404.4727320935507,104
2024-09-17 13:10:22.667000,404.4772471016856,1005
2024-09-17 13:10:22.688000,404.4504332176359,14
2024-09-17 13:10:22.691000,404.5000463911747,1003
2024-09-17 13:10:22.838000,404.491862465989,100
2024-09-17 13:10:22.884000,404.48189938537513,1004
2024-09-17 13:10:22.957000,404.4830299823863,101
2024-09-17 13:10:23.044000,404.47293823021823,1003
2024-09-17 13:10:23.090000,404.5021676007488,7
2024-09-17 13:10:23.126000,404.495082164436,99
2024-09-17 13:10:23.190000,404.4691464445221,102
2024-09-17 13:10:23.193000,404.47925580929046,11
2024-09-17 13:10:23.265000,404.5054265213618,14
2024-09-17 13:10:23.269000,404.53389211213374,102
2024-09-17 13:10:23.286000,404.5123839575329,7
2024-09-17 13:10:23.346000,404.49318138926265,999
2024-09-17 13:10:23.366000,404.5307517175005,999
2024-09-17 13:10:23.434000,404.4801730181006,98
2024-09-17 13:10:23.547000,404.4810393027889,97
2024-09-17 13:10:23.558000,404.4788073271381,99
2024-09-17 13:10:23.715000,404.4862501364529,11
2024-09-17 13:10:23.722000,404.50281095907815,8
2024-09-17 13:10:23.779000,404.5347675714989,996
2024-09-17 13:10:23.788000,404.5007945405655,103
2024-09-17 13:10:23.790000,404.4816152836085,101
2024-09-17 13:10:23.810000,404.5188231409188,1003
2024-09-17 13:10:23.922000,404.499203021485,14
2024-09-17 13:10:24.086000,404.4790189548022,103
2024-09-17 13:10:24.140000,404.4749945256706,96
2024-09-17 13:10:24.214000,404.46865719064056,6
2024-09-17 13:10:24.375000,404.4663040638161,98
2024-09-17 13:10:24.416000,404.47666714895416,12
2024-09-17 13:10:24.448000,404.4626272418017,1004
2024-09-17 13:10:24.479000,404.4756991525909,11
2024-09-17 13:10:24.525000,404.4658780646921,99
2024-09-17 13:10:24.619000,404.4604661855058,104
2024-09-17 13:10:25.041000,404.51281429074777,1000
2024-09-17 13:10:25.043000,404.5093367285477,95
2024-09-17 13:10:25.102000,404.54494140575537,9
2024-09-17 13:10:25.139000,404.5229486131445,95
2024-09-17 13:10:25.142000,404.4652995382161,7
2024-09-17 13:10:25.250000,404.5131967106344,15
2024-09-17 13:10:25.266000,404.513871512006,102
2024-09-17 13:10:25.284000,404.4941668268396,10
2024-09-17 13:10:25.333000,404.501470378106,98
2024-09-17 13:10:25.496000,404.50247932132817,1003
2024-09-17 13:10:25.558000,404.5156165952685,100
2024-09-17 13:10:25.595000,404.51804486567073,102
2024-09-17 13:10:25.650000,404.4861791924095,9
2024-09-17 13:10:25.660000,404.49747059187257,98
2024-09-17 13:10:25.718000,404.487469459018,95
2024-09-17 13:10:25.781000,404.4924520518904,995
2024-09-17 13:10:25.798000,404.51025728145777,99
2024-09-17 13:10:25.849000,404.50173611206696,7
2024-09-17 13:10:25.912000,404.5154744401176,9
2024-09-17 13:10:25.943000,404.5283562156365,96
2024-09-17 13:10:25.964000,404.4968276205093,105
2024-09-17 13:10:25.971000,404.4958496128597,1002
2024-09-17 13:10:25.972000,404.5223568286756,5
2024-09-17 13:10:25.987000,404.5023812034262,101
2024-09-17 13:10:26.100000,404.49111927168246,99
2024-09-17 13:10:26.192000,404.5118559478234,97
2024-09-17 13:10:26.244000,404.4979746204961,9
2024-09-17 13:10:26.282000,404.5239160333086,12
2024-09-17 13:10:26.355000,404.5212022315944,15
2024-09-17 13:10:26.465000,404.5064718330062,8
2024-09-17 13:10:26.481000,404.522492394781,99
2024-09-17 13:10:26.639000,404.4829404994067,7
2024-09-17 13:10:26.645000,404.4622250663529,13
2024-09-17 13:10:26.650000,404.4925308671541,1003
2024-09-17 13:10:26.697000,404.51773124671234,1001
2024-09-17 13:10:26.698000,404.5189073511796,1005
2024-09-17 13:10:26.750000,404.452712125057,105
2024-09-17 13:10:26.974000,404.5033476973526,100
2024-09-17 13:10:27.163000,404.5400410052224,997
2024-09-17 13:10:27.222000,404.5217951862653,96
2024-09-17 13:10:27.343000,404.53439668874535,5
2024-09-17 13:10:27.588000,404.5942870728493,96
2024-09-17 13:10:27.999000,404.5581574071588,999
2024-09-17 13:10:28.069000,404.6272035729119,9
2024-09-17 13:10:28.188000,404.5959977046545,997
2024-09-17 13:10:28.283000,404.617232721903,105
2024-09-17 13:10:28.397000,404.6199665112203,11
2024-09-17 13:10:28.511000,404.6363878124283,1004
2024-09-17 13:10:28.689000,404.6395383874973,1005
2024-09-17 13:10:28.759000,404.6127937466774,1000
2024-09-17 13:10:28.923000,404.6088407656853,5
2024-09-17 13:10:29.033000,404.57734398968415,12
2024-09-17 13:10:29.147000,404.5714782574823,1001
2024-09-17 13:10:29.488000,404.5788415193684,101
2024-09-17 13:10:29.591000,404.5905067217206,103
2024-09-17 13:10:29.616000,404.5636422658105,96
2024-09-17 13:10:29.734000,404.6050737139039,998
2024-09-17 13:10:29.787000,404.5883810346286,13
2024-09-17 13:10:29.855000,404.5767898382111,6
2024-09-17 13:10:29.960000,404.587290982434,997
2024-09-17 13:10:30,404.5884432914244,12
2024-09-17 13:10:30.023000,404.602228254391,96
2024-09-17 13:10:30.081000,404.5835015673762,997
2024-09-17 13:10:30.116000,404.5556466307313,998
2024-09-17 13:10:30.136000,404.60809338432216,102
2024-09-17 13:10:30.153000,404.6141215800408,105
2024-09-17 13:10:30.213000,404.5985312387728,96
2024-09-17 13:10:30.235000,404.614707712304,1000
2024-09-17 13:10:30.341000,404.5986355842716,8
2024-09-17 13:10:30.361000,404.5854794723071,102
2024-09-17 13:10:30.470000,404.5969848150572,1005
2024-09-17 13:10:30.492000,404.6002101107589,95
2024-09-17 13:10:30.531000,404.5815405994385,11
2024-09-17 13:10:30.618000,404.606173145735,1001
2024-09-17 13:10:30.660000,404.6182058367585,1002
2024-09-17 13:10:30.710000,404.6181714623684,13
2024-09-17 13:10:30.735000,404.6215846290576,103
2024-09-17 13:10:30.745000,404.5926575521005,101
2024-09-17 13:10:30.841000,404.60412261114425,5
2024-09-17 13:10:30.941000,404.562255782779,1003
2024-09-17 13:10:30.991000,404.6137844637064,100
2024-09-17 13:10:31.030000,404.58346850853184,13
2024-09-17 13:10:31.080000,404.5913421425046,1005
2024-09-17 13:10:31.100000,404.5434142679268,1001
2024-09-17 13:10:31.164000,404.566840270127,7
2024-09-17 13:10:31.240000,404.5391842955658,999
2024-09-17 13:10:31.363000,404.53351931568943,1005
2024-09-17 13:10:31.410000,404.53888920855394,100
2024-09-17 13:10:31.502000,404.5304057247344,5
2024-09-17 13:10:31.512000,404.6263845348447,102
2024-09-17 13:10:31.625000,404.5578333528767,1003
2024-09-17 13:10:31.640000,404.5325003597569,996
2024-09-17 13:10:31.675000,404.5657675735948,99
2024-09-17 13:10:31.678000,404.5554500993821,102
2024-09-17 13:10:31.708000,404.59631446036906,1001
2024-09-17 13:10:31.756000,404.5513422235261,103
2024-09-17 13:10:31.905000,404.5726996750448,104
2024-09-17 13:10:33.064000,404.4746959861416,1002
2024-09-17 13:10:33.163000,404.5190976390234,995
2024-09-17 13:10:33.202000,404.5343358281981,996
2024-09-17 13:10:33.481000,404.4700904906535,1002
2024-09-17 13:10:33.503000,404.5148053252866,99
2024-09-17 13:10:33.529000,404.4633974611067,15
2024-09-17 13:10:33.625000,404.5121139190403,5
2024-09-17 13:10:33.667000,404.4799716614768,1001
2024-09-17 13:10:33.786000,404.4578891293321,97
2024-09-17 13:10:33.788000,404.4723935721074,7
2024-09-17 13:10:33.797000,404.5149367203829,99
2024-09-17 13:10:33.967000,404.4943963676052,1002
2024-09-17 13:10:34.544000,404.4605162088232,1000
2024-09-17 13:10:34.600000,404.4464771740927,105
2024-09-17 13:10:34.619000,404.4396576670634,102
2024-09-17 13:10:35.046000,404.4625466022111,999
2024-09-17 13:10:35.058000,404.4567300167944,5
2024-09-17 13:10:35.141000,404.46007009332897,95
2024-09-17 13:10:35.142000,404.49528267361455,1003
2024-09-17 13:10:35.187000,404.4536274851751,1004
2024-09-17 13:10:35.200000,404.4506761779689,997
2024-09-17 13:10:35.208000,404.4342437167508,998
2024-09-17 13:10:35.254000,404.4892748340201,996
2024-09-17 13:10:35.261000,404.5132183007889,14
2024-09-17 13:10:35.298000,404.4203500174137,95
2024-09-17 13:10:35.325000,404.50414983059386,5
2024-09-17 13:10:35.343000,404.4355082865709,7
2024-09-17 13:10:35.355000,404.4304010409475,98
2024-09-17 13:10:35.400000,404.4562348663603,8
2024-09-17 13:10:35.471000,404.48770006966,96
2024-09-17 13:10:35.476000,404.4604292826239,101
2024-09-17 13:10:35.539000,404.46395514952087,15
2024-09-17 13:10:35.594000,404.4642372710843,12
2024-09-17 13:10:35.617000,404.4605310276664,11
2024-09-17 13:10:35.627000,404.4682047667355,995
2024-09-17 13:10:35.650000,404.452023033984,999
2024-09-17 13:10:35.663000,404.4457563867644,105
2024-09-17 13:10:35.726000,404.51136365170265,101
2024-09-17 13:10:35.745000,404.44687834139705,98
2024-09-17 13:10:35.777000,404.46933050654246,97
2024-09-17 13:10:35.823000,404.5017902923634,8
2024-09-17 13:10:35.977000,404.43220173951,102
2024-09-17 13:10:35.979000,404.45394675847,996
2024-09-17 13:10:35.990000,404.4536728663024,14
2024-09-17 13:10:36.036000,404.52294562051776,8
2024-09-17 13:10:36.052000,404.5302604626024,100
2024-09-17 13:10:36.055000,404.5115247088384,10
2024-09-17 13:10:36.065000,404.5143035673005,101
2024-09-17 13:10:36.115000,404.5558435231454,1004
2024-09-17 13:10:36.167000,404.5444825132463,103
2024-09-17 13:10:36.171000,404.5096817228255,12
2024-09-17 13:10:36.202000,404.5420977725775,98
2024-09-17 13:10:36.269000,404.514862887122,1004
2024-09-17 13:10:36.296000,404.51971935379896,95
2024-09-17 13:10:36.307000,404.5267142187004,995
2024-09-17 13:10:36.313000,404.5468175061975,100
2024-09-17 13:10:36.377000,404.54177619147856,7
2024-09-17 13:10:36.391000,404.5398630720664,102
2024-09-17 13:10:36.399000,404.5150843169028,5
2024-09-17 13:10:36.418000,404.5213550628906,1005
2024-09-17 13:10:36.433000,404.523356574828,1002
2024-09-17 13:10:36.441000,404.5071973538697,995
2024-09-17 13:10:36.703000,404.53490947921614,1002
2024-09-17 13:10:36.803000,404.5247856658838,1005
2024-09-17 13:10:36.903000,404.5309426974097,5
2024-09-17 13:10:36.917000,404.5226421064942,1001
2024-09-17 13:10:36.931000,404.55521156737,103
2024-09-17 13:10:36.963000,404.4986814754316,95
2024-09-17 13:10:36.967000,404.5410807314371,15
2024-09-17 13:10:36.994000,404.49593204937656,104
2024-09-17 13:10:37.398000,404.5139007303639,96
2024-09-17 13:10:38.300000,404.4840318007818,8
2024-09-17 13:10:38.914000,404.5019271563047,1002
2024-09-17 13:10:39.014000,404.4624364138479,996
2024-09-17 13:10:39.042000,404.48668753845226,103
2024-09-17 13:10:39.045000,404.5007570278812,1001
2024-09-17 13:10:39.087000,404.504750783921,997
2024-09-17 13:10:39.102000,404.5020384132534,98
2024-09-17 13:10:39.213000,404.4671918372681,100
2024-09-17 13:10:39.246000,404.5120996739531,1001
2024-09-17 13:10:39.278000,404.498009494196,95
2024-09-17 13:10:39.367000,404.5115388851312,96
2024-09-17 13:10:39.436000,404.5124745141093,12
2024-09-17 13:10:39.494000,404.5118533802613,103
2024-09-17 13:10:39.507000,404.50029197806685,12
2024-09-17 13:10:39.525000,404.48059089919457,97
2024-09-17 13:10:39.532000,404.4896473146682,6
2024-09-17 13:10:39.542000,404.5146609997616,95
2024-09-17 13:10:39.559000,404.5228246242158,12
2024-09-17 13:10:39.582000,404.4870147255744,100
2024-09-17 13:10:39.584000,404.4853566241253,9
2024-09-17 13:10:39.615000,404.5153547595176,104
2024-09-17 13:10:39.627000,404.5191252997394,13
2024-09-17 13:10:39.708000,404.5089259597954,13
2024-09-17 13:10:39.712000,404.4962285295508,995
2024-09-17 13:10:39.875000,404.4622240847299,996
2024-09-17 13:10:39.897000,404.51222566461297,97
2024-09-17 13:10:39.908000,404.4786515125701,1002
2024-09-17 13:10:39.987000,404.5299828488479,6
2024-09-17 13:10:39.996000,404.4784064945697,997
2024-09-17 13:10:40.368000,404.5148057089656,9
2024-09-17 13:10:40.473000,404.5288233219303,996
2024-09-17 13:10:40.512000,404.5180790620077,97
2024-09-17 13:10:40.532000,404.51753458439714,8
2024-09-17 13:10:40.635000,404.5161673507064,998
2024-09-17 13:10:40.783000,404.4974272147671,1002
2024-09-17 13:10:41.080000,404.4003876224994,13
2024-09-17 13:10:41.085000,404.4112174997352,6
2024-09-17 13:10:41.094000,404.3587535070942,96
2024-09-17 13:10:41.114000,404.421408337337,1000
2024-09-17 13:10:41.153000,404.3764819432901,999
2024-09-17 13:10:41.196000,404.4543524925649,96
2024-09-17 13:10:41.236000,404.41126413191455,998
2024-09-17 13:10:41.269000,404.3882814136069,1004
2024-09-17 13:10:41.367000,404.467716940169,100
2024-09-17 13:10:41.409000,404.4120611215447,1000
2024-09-17 13:10:41.421000,404.49097917007225,12
2024-09-17 13:10:41.452000,404.3755218143229,14
2024-09-17 13:10:41.467000,404.3570366239968,102
2024-09-17 13:10:41.492000,404.40361658407033,1004
2024-09-17 13:10:41.589000,404.41463245348655,96
2024-09-17 13:10:41.593000,404.3678233150006,996
2024-09-17 13:10:41.624000,404.43137347937545,7
2024-09-17 13:10:41.694000,404.3948746296072,98
2024-09-17 13:10:41.703000,404.401484818715,9
2024-09-17 13:10:41.759000,404.4417109622654,7
2024-09-17 13:10:41.760000,404.3861860678447,1004
2024-09-17 13:10:41.807000,404.3688048945321,12
2024-09-17 13:10:41.810000,404.4205015243575,96
2024-09-17 13:10:41.816000,404.4143743120654,101
2024-09-17 13:10:41.824000,404.3831659850708,995
2024-09-17 13:10:41.834000,404.3975108400618,104
2024-09-17 13:10:41.870000,404.4057789131594,998
2024-09-17 13:10:42.020000,404.4995091342093,97
2024-09-17 13:10:42.030000,404.4923838839684,15
2024-09-17 13:10:42.066000,404.5132746813145,101
2024-09-17 13:10:42.094000,404.4816038117692,997
2024-09-17 13:10:42.187000,404.47456596890765,96
2024-09-17 13:10:42.195000,404.49164353914574,6
2024-09-17 13:10:42.279000,404.4275289902278,5
2024-09-17 13:10:42.280000,404.4412741577445,98
2024-09-17 13:10:42.355000,404.4798168596897,1000
2024-09-17 13:10:42.434000,404.4945416128906,9
2024-09-17 13:10:42.438000,404.47105293196535,14
2024-09-17 13:10:42.455000,404.5004659294067,12
2024-09-17 13:10:42.489000,404.48692999768633,100
2024-09-17 13:10:42.548000,404.4186330517158,7
2024-09-17 13:10:42.565000,404.5000181567728,998
2024-09-17 13:10:42.578000,404.5116661717105,14
2024-09-17 13:10:42.594000,404.4123731658419,105
2024-09-17 13:10:42.625000,404.4818875007308,1000
2024-09-17 13:10:42.688000,404.4132668255552,1003
2024-09-17 13:10:42.798000,404.43049764656143,6
2024-09-17 13:10:42.855000,404.5159462530201,1003
2024-09-17 13:10:43.035000,404.46858086984525,100
2024-09-17 13:10:43.244000,404.51125013790806,1001
2024-09-17 13:10:43.299000,404.4789559614292,11
2024-09-17 13:10:43.343000,404.5118556611752,100
2024-09-17 13:10:43.367000,404.4856935541311,5
2024-09-17 13:10:43.400000,404.4647746352014,97
2024-09-17 13:10:43.472000,404.4524283622926,98
2024-09-17 13:10:43.496000,404.4968896691618,10
2024-09-17 13:10:43.744000,404.4607105932805,996
2024-09-17 13:10:43.810000,404.4718002095906,11
2024-09-17 13:10:43.939000,404.47142414946353,1004
2024-09-17 13:10:43.955000,404.4886274461797,1001
2024-09-17 13:10:44.062000,404.4583107067244,1001
2024-09-17 13:10:44.243000,404.4290359577846,12
2024-09-17 13:10:44.339000,404.4559241864167,1000
2024-09-17 13:10:44.436000,404.4251211965719,8
2024-09-17 13:10:44.472000,404.4380503451604,8
2024-09-17 13:10:44.517000,404.4335507210083,7
2024-09-17 13:10:44.523000,404.42690543173467,96
2024-09-17 13:10:44.544000,404.4552681115941,996
2024-09-17 13:10:44.735000,404.4315595825532,7
2024-09-17 13:10:44.941000,404.4383951716114,104
2024-09-17 13:10:44.967000,404.4412205909669,6
2024-09-17 13:10:45.151000,404.46903485339385,100
2024-09-17 13:10:45.159000,404.4595940333687,1002
2024-09-17 13:10:45.165000,404.5009517988057,102
2024-09-17 13:10:45.212000,404.5155828690053,6
2024-09-17 13:10:45.250000,404.50805092685897,1000
2024-09-17 13:10:45.262000,404.45709395618246,6
2024-09-17 13:10:45.272000,404.4389623259737,95
2024-09-17 13:10:45.308000,404.4564797897291,15
2024-09-17 13:10:45.352000,404.4958767113531,5
2024-09-17 13:10:45.592000,404.4920835296742,10
2024-09-17 13:10:45.606000,404.5042628084669,1002
2024-09-17 13:10:45.700000,404.460412945664,1004
2024-09-17 13:10:45.737000,404.4770092530817,1005
2024-09-17 13:10:45.853000,404.4903743704284,1003
2024-09-17 13:10:45.926000,404.4991099690186,12
2024-09-17 13:10:45.946000,404.4496287429152,999
2024-09-17 13:10:45.967000,404.5032398036725,998
2024-09-17 13:10:45.969000,404.4743836587441,999
2024-09-17 13:10:46.006000,404.4715292300264,98
2024-09-17 13:10:46.070000,404.5112826697933,1003
2024-09-17 13:10:46.071000,404.4624354260072,1003
2024-09-17 13:10:46.087000,404.48243844153154,99
2024-09-17 13:10:46.126000,404.5097415699104,98
2024-09-17 13:10:46.174000,404.4512006851661,12
2024-09-17 13:10:46.221000,404.496509230393,8
2024-09-17 13:10:46.224000,404.4680970214872,95
2024-09-17 13:10:46.260000,404.451950193072,105
2024-09-17 13:10:46.277000,404.4828129099969,998
2024-09-17 13:10:46.323000,404.50322991070993,9
2024-09-17 13:10:46.365000,404.52241481960993,7
2024-09-17 13:10:46.371000,404.4869536845428,5
2024-09-17 13:10:46.419000,404.459582424714,9
2024-09-17 13:10:46.468000,404.47464297147815,100
2024-09-17 13:10:46.470000,404.4988496395031,7
2024-09-17 13:10:46.556000,404.4672208561335,1004
2024-09-17 13:10:46.590000,404.5086125725829,1004
2024-09-17 13:10:46.620000,404.4983436087383,96
2024-09-17 13:10:46.629000,404.5005153759609,7
2024-09-17 13:10:46.631000,404.4736267940795,98
2024-09-17 13:10:46.651000,404.5253690201354,5
2024-09-17 13:10:46.653000,404.4615675987352,999
2024-09-17 13:10:46.731000,404.4555874843671,10
2024-09-17 13:10:46.825000,404.4831199416445,105
2024-09-17 13:10:46.917000,404.49802426221066,998
2024-09-17 13:10:46.929000,404.4472466902433,1002
2024-09-17 13:10:46.932000,404.48122298738906,100
2024-09-17 13:10:47.082000,404.4638393744981,995
2024-09-17 13:10:47.106000,404.4674246148808,8
2024-09-17 13:10:47.181000,404.4545025906275,97
2024-09-17 13:10:47.230000,404.45599028678,101
2024-09-17 13:10:47.395000,404.4423208179522,98
2024-09-17 13:10:47.429000,404.4736786102223,998
2024-09-17 13:10:47.483000,404.4372940719567,99
2024-09-17 13:10:47.499000,404.4505264122467,13
2024-09-17 13:10:47.577000,404.43213207006136,13
2024-09-17 13:10:47.687000,404.4849279217725,995
2024-09-17 13:10:47.792000,404.4643931126589,103
2024-09-17 13:10:47.813000,404.4371589438021,14
2024-09-17 13:10:47.864000,404.4793259285052,103
2024-09-17 13:10:47.893000,404.4753815976751,7
2024-09-17 13:10:47.903000,404.4947672455966,998
2024-09-17 13:10:47.953000,404.5045658162624,1000
2024-09-17 13:10:47.960000,404.4426570307603,998
2024-09-17 13:10:48.155000,404.47441993244473,1000
2024-09-17 13:10:48.203000,404.4559993266579,995
2024-09-17 13:10:48.314000,404.4282083442145,998
2024-09-17 13:10:48.527000,404.4234347287618,1004
2024-09-17 13:10:48.552000,404.47768650292346,100
2024-09-17 13:10:48.610000,404.47302874384366,9
2024-09-17 13:10:48.619000,404.4931652236294,996
2024-09-17 13:10:48.756000,404.4601583584545,102
2024-09-17 13:10:48.834000,404.4734964399525,6
2024-09-17 13:10:48.888000,404.4656846446488,15
2024-09-17 13:10:48.923000,404.4939650510734,96
2024-09-17 13:10:48.975000,404.4893878539604,99
2024-09-17 13:10:48.977000,404.4620825298909,998
2024-09-17 13:10:48.989000,404.4812999997265,11
2024-09-17 13:10:49.013000,404.3179537278438,15
2024-09-17 13:10:49.028000,404.3274331324423,8
2024-09-17 13:10:49.077000,404.3918682938693,6
2024-09-17 13:10:49.105000,404.3727376259962,996
2024-09-17 13:10:49.192000,404.37343655658,105
2024-09-17 13:10:49.247000,404.3680630617789,9
2024-09-17 13:10:49.451000,404.3088456023202,1004
2024-09-17 13:10:49.489000,404.3748042708297,105
2024-09-17 13:10:49.539000,404.36715097411593,105
2024-09-17 13:10:49.558000,404.31484869040384,1005
2024-09-17 13:10:49.564000,404.3022505443192,101
2024-09-17 13:10:49.577000,404.2920439497625,1005
2024-09-17 13:10:49.619000,404.3106794558576,99
2024-09-17 13:10:49.646000,404.3699817017112,97
2024-09-17 13:10:49.650000,404.3758800363789,1003
2024-09-17 13:10:49.651000,404.3124847594189,1005
2024-09-17 13:10:49.653000,404.28475252286825,102
2024-09-17 13:10:49.708000,404.2944852845189,997
2024-09-17 13:10:49.742000,404.3118105439795,1003
2024-09-17 13:10:49.744000,404.3350880033917,1002
2024-09-17 13:10:49.746000,404.2987237920126,100
2024-09-17 13:10:49.747000,404.2906714711815,6
2024-09-17 13:10:49.805000,404.31955935419415,97
2024-09-17 13:10:49.825000,404.3110813958725,1004
2024-09-17 13:10:49.875000,404.2875067471868,14
2024-09-17 13:10:49.894000,404.2925135772877,105
2024-09-17 13:10:49.913000,404.290065739938,8
2024-09-17 13:10:49.990000,404.3346791072009,14
2024-09-17 13:10:50.024000,404.1728983160109,998
2024-09-17 13:10:50.043000,404.26096142332096,98
2024-09-17 13:10:50.052000,404.1906916694267,997
2024-09-17 13:10:50.056000,404.1787509960059,100
2024-09-17 13:10:50.075000,404.21979859551305,9
2024-09-17 13:10:50.079000,404.1582004918996,101
2024-09-17 13:10:50.181000,404.1816660812752,97
2024-09-17 13:10:50.265000,404.2451207213978,96
2024-09-17 13:10:50.301000,404.1855112603715,998
2024-09-17 13:10:50.334000,404.2310116585595,97
2024-09-17 13:10:50.371000,404.2181636819841,15
2024-09-17 13:10:50.376000,404.1836860561762,1000
2024-09-17 13:10:50.376000,404.1782215283128,99
2024-09-17 13:10:50.393000,404.18303214496166,6
2024-09-17 13:10:50.414000,404.2524231207219,14
2024-09-17 13:10:50.448000,404.2025468830255,5
2024-09-17 13:10:50.449000,404.1942615849048,95
2024-09-17 13:10:50.512000,404.23561102454414,1005
2024-09-17 13:10:50.562000,404.1482548303041,99
2024-09-17 13:10:50.581000,404.28408810035467,97
2024-09-17 13:10:50.718000,404.2094330998105,98
2024-09-17 13:10:50.741000,404.2239261159706,102
2024-09-17 13:10:50.756000,404.1873987675192,13
2024-09-17 13:10:50.800000,404.2161048873135,6
2024-09-17 13:10:50.863000,404.1514941535006,6
2024-09-17 13:10:50.925000,404.2756565397503,1003
2024-09-17 13:10:50.937000,404.1913473590782,996
2024-09-17 13:10:50.999000,404.1972597820141,6
2024-09-17 13:10:52.004000,404.211663580093,5
2024-09-17 13:10:52.057000,404.2402611613768,11
2024-09-17 13:10:52.109000,404.2064979818623,97
2024-09-17 13:10:52.139000,404.1929917266915,1000
2024-09-17 13:10:52.166000,404.224509891923,105
2024-09-17 13:10:52.181000,404.2183379051648,9
2024-09-17 13:10:52.233000,404.2317550413829,7
2024-09-17 13:10:52.250000,404.2166741195848,8
2024-09-17 13:10:52.306000,404.2314877357848,999
2024-09-17 13:10:52.411000,404.23334105275535,1001
2024-09-17 13:10:52.428000,404.21190630118105,105
2024-09-17 13:10:52.487000,404.21456738431806,101
2024-09-17 13:10:52.492000,404.2335016088539,999
2024-09-17 13:10:52.515000,404.2343477623416,96
2024-09-17 13:10:52.555000,404.22535413352745,100
2024-09-17 13:10:52.565000,404.2144144816365,1002
2024-09-17 13:10:52.675000,404.2462859109507,98
2024-09-17 13:10:52.778000,404.2047314815992,102
2024-09-17 13:10:52.780000,404.24149864917433,996
2024-09-17 13:10:52.798000,404.199220944437,14
2024-09-17 13:10:52.872000,404.2473588609865,105
2024-09-17 13:10:52.876000,404.20061874711206,995
2024-09-17 13:10:52.895000,404.2402161532587,1000
2024-09-17 13:10:52.936000,404.2076524778806,103
2024-09-17 13:10:53.014000,404.1627143824435,102
2024-09-17 13:10:53.017000,404.2288071118202,6
2024-09-17 13:10:53.048000,404.20321339053777,996
2024-09-17 13:10:53.107000,404.2175303970022,100
2024-09-17 13:10:53.137000,404.1634487481256,105
2024-09-17 13:10:53.178000,404.1726582308773,103
2024-09-17 13:10:53.210000,404.1682940006271,14
2024-09-17 13:10:53.215000,404.1584450565898,13
2024-09-17 13:10:53.286000,404.15718421263455,1000
2024-09-17 13:10:53.298000,404.14630509277225,1001
2024-09-17 13:10:53.392000,404.1469919614527,998
2024-09-17 13:10:53.414000,404.20107437952856,1003
2024-09-17 13:10:53.461000,404.230405857853,15
2024-09-17 13:10:53.538000,404.2543092936,14
2024-09-17 13:10:53.656000,404.1973043371363,1001
2024-09-17 13:10:53.673000,404.15077493610136,1001
2024-09-17 13:10:53.700000,404.2135862443104,1003
2024-09-17 13:10:53.701000,404.1699518208598,105
2024-09-17 13:10:53.723000,404.24080665134096,997
2024-09-17 13:10:53.751000,404.2190814285248,14
2024-09-17 13:10:53.780000,404.144942828162,1000
2024-09-17 13:10:53.795000,404.1533629859605,105
2024-09-17 13:10:53.883000,404.176854537758,1005
2024-09-17 13:10:53.914000,404.1345142765472,1001
2024-09-17 13:10:53.944000,404.17500957199815,1004
2024-09-17 13:10:54.247000,404.1638908827031,8
2024-09-17 13:10:54.375000,404.1735915652292,1002
2024-09-17 13:10:55.007000,404.2527531191667,10
2024-09-17 13:10:55.017000,404.215834393667,97
2024-09-17 13:10:55.051000,404.185432442504,6
2024-09-17 13:10:55.070000,404.1796223934357,10
2024-09-17 13:10:55.118000,404.1976309662661,1003
2024-09-17 13:10:55.201000,404.19548257642055,105
2024-09-17 13:10:55.252000,404.2906575015493,15
2024-09-17 13:10:55.303000,404.1724411583649,100
2024-09-17 13:10:55.338000,404.1779105493197,12
2024-09-17 13:10:55.355000,404.1925291478328,997
2024-09-17 13:10:55.426000,404.25528618219226,9
2024-09-17 13:10:55.432000,404.25141152481615,5
2024-09-17 13:10:55.433000,404.2258522411652,104
2024-09-17 13:10:55.468000,404.25619746766864,99
2024-09-17 13:10:55.481000,404.2356395839463,9
2024-09-17 13:10:55.497000,404.20101020262166,103
2024-09-17 13:10:55.530000,404.1699702372711,13
2024-09-17 13:10:55.563000,404.30105233613097,996
2024-09-17 13:10:55.610000,404.2181223502152,997
2024-09-17 13:10:55.615000,404.18962059019697,15
2024-09-17 13:10:55.869000,404.2661543051586,1004
2024-09-17 13:10:55.870000,404.293362953517,7
2024-09-17 13:10:55.959000,404.1872079036665,13
2024-09-17 13:10:55.968000,404.2596139233078,13
2024-09-17 13:10:56.464000,404.27619036158814,96
2024-09-17 13:10:56.574000,404.2720878963504,9
2024-09-17 13:10:56.629000,404.2882520013949,998
2024-09-17 13:10:56.716000,404.3073546366557,997
2024-09-17 13:10:56.719000,404.3004589683184,1003
2024-09-17 13:10:56.840000,404.2966826607573,6
2024-09-17 13:10:56.850000,404.2817007695392,95
2024-09-17 13:10:56.867000,404.3008830979482,104
2024-09-17 13:10:56.914000,404.3002080993045,6
2024-09-17 13:10:56.938000,404.2983512986863,6
2024-09-17 13:10:56.940000,404.3111581021739,6
2024-09-17 13:10:56.975000,404.2903868549645,9
2024-09-17 13:10:57.014000,404.1889366952211,103
2024-09-17 13:10:57.016000,404.1955002799812,14
2024-09-17 13:10:57.019000,404.2521467218981,995
2024-09-17 13:10:57.038000,404.2147918200272,1002
2024-09-17 13:10:57.075000,404.1978359738545,998
2024-09-17 13:10:57.096000,404.1908079665072,15
2024-09-17 13:10:57.128000,404.20737659038303,101
2024-09-17 13:10:57.133000,404.2669765184363,12
2024-09-17 13:10:57.269000,404.2307677887151,95
2024-09-17 13:10:57.272000,404.25184568738,6
2024-09-17 13:10:57.301000,404.1881015250754,99
2024-09-17 13:10:57.314000,404.236222489714,1004
2024-09-17 13:10:57.368000,404.1990907260931,10
2024-09-17 13:10:57.533000,404.1804385569812,10
2024-09-17 13:10:57.577000,404.1931592918228,102
2024-09-17 13:10:57.662000,404.2114013159167,97
2024-09-17 13:10:57.686000,404.2703751943288,1004
2024-09-17 13:10:57.691000,404.2541361344359,996
2024-09-17 13:10:57.701000,404.2036197578557,14
2024-09-17 13:10:57.705000,404.2143132400481,6
2024-09-17 13:10:57.760000,404.18804872506814,11
2024-09-17 13:10:57.783000,404.2381617553002,98
2024-09-17 13:10:57.791000,404.2222923618355,1000
2024-09-17 13:10:57.820000,404.20118079326,9
2024-09-17 13:10:57.825000,404.24987642162864,100
2024-09-17 13:10:57.843000,404.2081578083333,5
2024-09-17 13:10:57.854000,404.19031469558166,8
2024-09-17 13:10:57.882000,404.18122177365336,1004
2024-09-17 13:10:57.951000,404.2450004414281,1004
2024-09-17 13:10:57.958000,404.17604861968766,14
2024-09-17 13:10:58.136000,404.1780133854716,5
2024-09-17 13:10:58.711000,404.1873770852664,6
2024-09-17 13:10:58.798000,404.19477609301606,95
2024-09-17 13:10:59.001000,404.2438475460322,11
2024-09-17 13:10:59.012000,404.23591248052935,96
2024-09-17 13:10:59.100000,404.1730002027069,7
2024-09-17 13:10:59.127000,404.2153440505001,102
2024-09-17 13:10:59.191000,404.1958721726908,11
2024-09-17 13:10:59.268000,404.24321093765633,1002
2024-09-17 13:10:59.451000,404.1897111187204,10
2024-09-17 13:10:59.559000,404.2018397052678,96
2024-09-17 13:10:59.568000,404.2130543026004,996
2024-09-17 13:10:59.653000,404.1810779147261,103
2024-09-17 13:10:59.940000,404.2269553598667,100
2024-09-17 13:10:59.945000,404.17981078909264,105
2024-09-17 13:10:59.989000,404.2108566623063,8
2024-09-17 13:10:59.995000,404.18868039605246,1002
