Timestamp,Price,Size
2024-09-17 11:06:00.028000,413.5957418722817,1003
2024-09-17 11:06:00.072000,413.59599722397394,105
2024-09-17 11:06:00.183000,413.5946369758647,1002
2024-09-17 11:06:00.412000,413.5975317409302,5
2024-09-17 11:06:00.514000,413.5868762791183,96
2024-09-17 11:06:00.520000,413.58339681555225,101
2024-09-17 11:06:00.573000,413.5956374370024,1003
2024-09-17 11:06:00.678000,413.5912725187879,996
2024-09-17 11:06:00.731000,413.584417320176,995
2024-09-17 11:06:00.753000,413.5838977856844,996
2024-09-17 11:06:01.078000,413.6035980261757,98
2024-09-17 11:06:01.608000,413.5843598970668,999
2024-09-17 11:06:02.241000,413.6122498649676,95
2024-09-17 11:06:02.278000,413.5918241146645,102
2024-09-17 11:06:02.320000,413.5858533846905,98
2024-09-17 11:06:02.375000,413.5973969245682,103
2024-09-17 11:06:02.400000,413.6325939338367,12
2024-09-17 11:06:02.427000,413.65781856869097,9
2024-09-17 11:06:02.463000,413.59153890290656,999
2024-09-17 11:06:02.505000,413.6255481897493,14
2024-09-17 11:06:02.528000,413.6300759315948,98
2024-09-17 11:06:02.577000,413.62929066549975,97
2024-09-17 11:06:02.743000,413.5978100143476,14
2024-09-17 11:06:02.758000,413.6355122019958,12
2024-09-17 11:06:02.828000,413.58418693854,1000
2024-09-17 11:06:02.883000,413.636054856551,1005
2024-09-17 11:06:02.961000,413.5814753345529,97
2024-09-17 11:06:02.971000,413.61841152200736,9
2024-09-17 11:06:03.055000,413.644318681404,998
2024-09-17 11:06:03.190000,413.61352911864446,11
2024-09-17 11:06:03.271000,413.6304525027327,1005
2024-09-17 11:06:03.542000,413.63237439129983,10
2024-09-17 11:06:03.613000,413.6263773302229,8
2024-09-17 11:06:03.768000,413.6149174973221,104
2024-09-17 11:06:03.853000,413.632622203775,1000
2024-09-17 11:06:03.882000,413.63060487510967,8
2024-09-17 11:06:03.914000,413.61528467886495,102
2024-09-17 11:06:04.013000,413.6944330033597,1004
2024-09-17 11:06:04.112000,413.6587038525193,8
2024-09-17 11:06:04.173000,413.6648656905502,99
2024-09-17 11:06:04.180000,413.6543766081077,97
2024-09-17 11:06:04.212000,413.6415888148937,102
2024-09-17 11:06:04.290000,413.70869155804905,1004
2024-09-17 11:06:04.317000,413.6915028102857,103
2024-09-17 11:06:04.452000,413.6635958559616,1004
2024-09-17 11:06:04.470000,413.66773834041743,98
2024-09-17 11:06:04.505000,413.692578098543,1005
2024-09-17 11:06:04.557000,413.6928668715845,5
2024-09-17 11:06:04.620000,413.6575810852575,12
2024-09-17 11:06:04.641000,413.6938263853738,5
2024-09-17 11:06:04.673000,413.65018822209095,995
2024-09-17 11:06:04.760000,413.63811110151215,14
2024-09-17 11:06:04.765000,413.6645516019871,96
2024-09-17 11:06:04.854000,413.6629069426705,7
2024-09-17 11:06:04.855000,413.70839412496514,11
2024-09-17 11:06:04.859000,413.6494996131265,8
2024-09-17 11:06:04.863000,413.6928753754963,96
2024-09-17 11:06:04.874000,413.6325388774157,15
2024-09-17 11:06:04.877000,413.6779824092599,997
2024-09-17 11:06:04.889000,413.65419556239794,998
2024-09-17 11:06:04.905000,413.70428346421096,100
2024-09-17 11:06:04.925000,413.6458657792956,1000
2024-09-17 11:06:04.935000,413.7070626129008,996
2024-09-17 11:06:04.949000,413.6896586861637,10
2024-09-17 11:06:04.964000,413.7049998296396,1001
2024-09-17 11:06:05.870000,413.7126297887668,1003
2024-09-17 11:06:05.892000,413.7201523766829,10
2024-09-17 11:06:06.051000,413.80550254885753,12
2024-09-17 11:06:06.091000,413.7026214131237,1000
2024-09-17 11:06:06.095000,413.76637448094334,99
2024-09-17 11:06:06.124000,413.7337422188162,1004
2024-09-17 11:06:06.136000,413.8082835615104,1002
2024-09-17 11:06:06.138000,413.75629575710246,8
2024-09-17 11:06:06.148000,413.71345435208985,98
2024-09-17 11:06:06.188000,413.72802496934224,11
2024-09-17 11:06:06.319000,413.7725477228219,99
2024-09-17 11:06:06.354000,413.7653940754945,8
2024-09-17 11:06:06.401000,413.7645101583324,7
2024-09-17 11:06:06.634000,413.7479979197235,104
2024-09-17 11:06:06.694000,413.78822698353,10
2024-09-17 11:06:06.751000,413.6871940275835,6
2024-09-17 11:06:06.907000,413.7003958383877,12
2024-09-17 11:06:06.912000,413.7277857848303,995
2024-09-17 11:06:06.919000,413.77520753193824,103
2024-09-17 11:06:06.925000,413.7596450950337,996
2024-09-17 11:06:06.970000,413.7679169512584,996
2024-09-17 11:06:06.974000,413.79409567327446,995
2024-09-17 11:06:07.518000,413.7731604115476,995
2024-09-17 11:06:07.583000,413.7672599689328,1000
2024-09-17 11:06:08.002000,413.78431036717615,1000
2024-09-17 11:06:08.017000,413.7933574864303,96
2024-09-17 11:06:08.135000,413.7948045791112,1000
2024-09-17 11:06:08.225000,413.7701626612224,104
2024-09-17 11:06:08.289000,413.7892502956564,12
2024-09-17 11:06:08.326000,413.7724187247149,1005
2024-09-17 11:06:08.368000,413.7892911459986,11
2024-09-17 11:06:08.443000,413.7691251047708,102
2024-09-17 11:06:08.526000,413.79145944272807,102
2024-09-17 11:06:08.536000,413.77738513102616,1002
2024-09-17 11:06:08.547000,413.8143176848925,13
2024-09-17 11:06:08.608000,413.8211080709603,100
2024-09-17 11:06:08.615000,413.8117796662922,104
2024-09-17 11:06:08.656000,413.8020852676761,96
2024-09-17 11:06:08.783000,413.7794877511533,98
2024-09-17 11:06:08.839000,413.7606433238462,1002
2024-09-17 11:06:08.877000,413.78526809373926,996
2024-09-17 11:06:08.879000,413.7802958064674,997
2024-09-17 11:06:08.915000,413.8191717485902,102
2024-09-17 11:06:08.929000,413.79094347104126,13
2024-09-17 11:06:09.097000,413.7144596670484,999
2024-09-17 11:06:09.121000,413.7298340203839,95
2024-09-17 11:06:09.166000,413.6767807078078,101
2024-09-17 11:06:09.189000,413.7168925101533,105
2024-09-17 11:06:09.246000,413.70683087232845,998
2024-09-17 11:06:09.306000,413.72373719622254,98
2024-09-17 11:06:09.350000,413.716004955417,99
2024-09-17 11:06:09.359000,413.7503920677871,1000
2024-09-17 11:06:09.362000,413.7214313759732,12
2024-09-17 11:06:09.457000,413.7189369052089,6
2024-09-17 11:06:09.480000,413.7131834027575,1002
2024-09-17 11:06:09.505000,413.6691018195521,1005
2024-09-17 11:06:09.531000,413.7153470869696,998
2024-09-17 11:06:09.576000,413.7708078438317,99
2024-09-17 11:06:09.582000,413.7352871886575,1003
2024-09-17 11:06:09.592000,413.7160511736346,1004
2024-09-17 11:06:09.617000,413.73772319206415,105
2024-09-17 11:06:09.647000,413.7348831484804,104
2024-09-17 11:06:09.657000,413.7037979098479,1000
2024-09-17 11:06:09.704000,413.67393932035407,14
2024-09-17 11:06:09.785000,413.740145333798,102
2024-09-17 11:06:09.824000,413.7323020472957,1001
2024-09-17 11:06:09.926000,413.6513095471565,15
2024-09-17 11:06:10.122000,413.6438360370259,996
2024-09-17 11:06:10.196000,413.6297230749611,1001
2024-09-17 11:06:10.380000,413.64580256014807,12
2024-09-17 11:06:10.432000,413.63732914053793,100
2024-09-17 11:06:10.570000,413.6277856277678,8
2024-09-17 11:06:10.729000,413.6206831103234,6
2024-09-17 11:06:11.322000,413.6390358568849,99
2024-09-17 11:06:13.002000,413.6479568531189,101
2024-09-17 11:06:13.210000,413.6201858233768,6
2024-09-17 11:06:13.242000,413.629521470406,104
2024-09-17 11:06:13.483000,413.64614401457806,1002
2024-09-17 11:06:13.527000,413.6318846151164,1001
2024-09-17 11:06:14.024000,413.64148038636057,100
2024-09-17 11:06:14.168000,413.6757081174069,11
2024-09-17 11:06:14.188000,413.65406338173113,99
2024-09-17 11:06:14.265000,413.5774072442091,1001
2024-09-17 11:06:14.308000,413.6387915626795,1000
2024-09-17 11:06:14.346000,413.6562033196549,103
2024-09-17 11:06:14.354000,413.5857758411097,103
2024-09-17 11:06:14.406000,413.6335270564251,105
2024-09-17 11:06:14.426000,413.5972469064217,12
2024-09-17 11:06:14.469000,413.6257279507007,97
2024-09-17 11:06:14.513000,413.6338873834543,12
2024-09-17 11:06:14.558000,413.6858322728301,9
2024-09-17 11:06:14.597000,413.6861937610792,104
2024-09-17 11:06:14.743000,413.5869660384236,6
2024-09-17 11:06:14.748000,413.6429442328257,9
2024-09-17 11:06:14.765000,413.58759228456296,104
2024-09-17 11:06:14.849000,413.61415259393794,995
2024-09-17 11:06:14.865000,413.5947779203571,97
2024-09-17 11:06:14.931000,413.5969405412053,6
2024-09-17 11:06:15.183000,413.57950292840127,103
2024-09-17 11:06:15.208000,413.5779691193042,1001
2024-09-17 11:06:15.222000,413.6514233825423,100
2024-09-17 11:06:15.353000,413.61654302167904,7
2024-09-17 11:06:15.580000,413.6179513902976,104
2024-09-17 11:06:15.592000,413.60449377608126,998
2024-09-17 11:06:15.749000,413.6572116658124,8
2024-09-17 11:06:15.866000,413.5695640170641,1000
2024-09-17 11:06:15.873000,413.5834274457428,105
2024-09-17 11:06:15.884000,413.666666165191,9
2024-09-17 11:06:16.162000,413.66439781490527,104
2024-09-17 11:06:16.186000,413.655336030764,104
2024-09-17 11:06:16.309000,413.6706648194086,15
2024-09-17 11:06:16.326000,413.6701658874331,1000
2024-09-17 11:06:16.379000,413.63610630563255,97
2024-09-17 11:06:16.409000,413.64346390801546,97
2024-09-17 11:06:16.456000,413.667956076238,1002
2024-09-17 11:06:16.521000,413.6538607992499,95
2024-09-17 11:06:16.573000,413.6685102029632,1001
2024-09-17 11:06:16.604000,413.6805752782729,1000
2024-09-17 11:06:16.624000,413.6459614135029,1000
2024-09-17 11:06:16.669000,413.6557851895976,104
2024-09-17 11:06:16.711000,413.6569086362609,1000
2024-09-17 11:06:16.745000,413.65723321299527,103
2024-09-17 11:06:16.789000,413.6373051845063,7
2024-09-17 11:06:16.804000,413.6694327380909,10
2024-09-17 11:06:16.816000,413.658955955748,1000
2024-09-17 11:06:16.868000,413.678237052617,11
2024-09-17 11:06:16.904000,413.65452597419096,5
2024-09-17 11:06:16.905000,413.6664362822365,95
2024-09-17 11:06:16.911000,413.7048185664496,1000
2024-09-17 11:06:16.995000,413.6949444320587,7
2024-09-17 11:06:17.363000,413.65421585037984,999
2024-09-17 11:06:17.400000,413.681249804843,99
2024-09-17 11:06:17.446000,413.6740540105335,999
2024-09-17 11:06:17.656000,413.6749978935992,1003
2024-09-17 11:06:17.721000,413.68287306200745,7
2024-09-17 11:06:18.047000,413.64773263138176,1004
2024-09-17 11:06:18.057000,413.6293558258374,101
2024-09-17 11:06:18.096000,413.6698853898547,997
2024-09-17 11:06:18.117000,413.68125987697385,100
2024-09-17 11:06:18.127000,413.6539800608508,996
2024-09-17 11:06:18.345000,413.69194185067255,101
2024-09-17 11:06:18.355000,413.69301496954944,96
2024-09-17 11:06:18.401000,413.6800224274769,999
2024-09-17 11:06:18.435000,413.7115277902491,9
2024-09-17 11:06:18.563000,413.6833183581434,15
2024-09-17 11:06:18.597000,413.6517720305793,1002
2024-09-17 11:06:18.651000,413.69832797368014,1000
2024-09-17 11:06:18.724000,413.69956899843606,1000
2024-09-17 11:06:18.760000,413.6602574456642,11
2024-09-17 11:06:18.775000,413.6746277269934,15
2024-09-17 11:06:18.812000,413.7024029393036,998
2024-09-17 11:06:18.895000,413.7078941444601,997
2024-09-17 11:06:18.954000,413.624448078041,1000
2024-09-17 11:06:18.987000,413.6354410228871,1001
2024-09-17 11:06:18.987000,413.6522738110212,15
2024-09-17 11:06:19.064000,413.6455615285765,11
2024-09-17 11:06:19.732000,413.6322980012958,97
2024-09-17 11:06:19.986000,413.62480622687815,10
2024-09-17 11:06:20.013000,413.6825614610484,8
2024-09-17 11:06:20.027000,413.7064534548604,997
2024-09-17 11:06:20.057000,413.64648588448233,11
2024-09-17 11:06:20.245000,413.6233810588768,1001
2024-09-17 11:06:20.248000,413.645890991251,10
2024-09-17 11:06:20.335000,413.62739518605287,95
2024-09-17 11:06:20.345000,413.642551775729,1000
2024-09-17 11:06:20.543000,413.66832118050456,15
2024-09-17 11:06:20.592000,413.64044557318925,1002
2024-09-17 11:06:20.727000,413.6433944332495,6
2024-09-17 11:06:20.741000,413.6339533956952,999
2024-09-17 11:06:20.843000,413.6532349922021,1000
2024-09-17 11:06:20.883000,413.7192198086561,103
2024-09-17 11:06:20.893000,413.6798026365842,9
2024-09-17 11:06:20.948000,413.6362970536493,10
2024-09-17 11:06:20.961000,413.7103645858405,8
2024-09-17 11:06:20.967000,413.6526765465978,98
2024-09-17 11:06:20.974000,413.6436274851326,1001
2024-09-17 11:06:21.023000,413.75687906201097,14
2024-09-17 11:06:21.092000,413.7481826053263,95
2024-09-17 11:06:21.098000,413.73887927385016,10
2024-09-17 11:06:21.100000,413.7193931986332,104
2024-09-17 11:06:21.292000,413.7448669234048,95
2024-09-17 11:06:21.300000,413.7791394949687,102
2024-09-17 11:06:21.337000,413.7322216304233,104
2024-09-17 11:06:21.352000,413.7101691180516,998
2024-09-17 11:06:21.352000,413.7676168721163,11
2024-09-17 11:06:21.429000,413.7472481541131,8
2024-09-17 11:06:21.435000,413.7783497292813,6
2024-09-17 11:06:21.443000,413.7339005939671,105
2024-09-17 11:06:21.549000,413.7097237604813,10
2024-09-17 11:06:21.600000,413.72802581971166,5
2024-09-17 11:06:21.606000,413.7568108997044,1002
2024-09-17 11:06:21.612000,413.7678810714787,99
2024-09-17 11:06:21.728000,413.7516817525102,97
2024-09-17 11:06:21.766000,413.7552904037067,105
2024-09-17 11:06:21.793000,413.7375082388574,6
2024-09-17 11:06:21.798000,413.7632722015885,1002
2024-09-17 11:06:21.820000,413.7511819848226,1002
2024-09-17 11:06:21.839000,413.7742316664569,102
2024-09-17 11:06:21.848000,413.7529236647059,998
2024-09-17 11:06:21.912000,413.7301787657896,1005
2024-09-17 11:06:21.977000,413.76887376185385,1005
2024-09-17 11:06:22.013000,413.75338895957,103
2024-09-17 11:06:22.013000,413.786765269883,96
2024-09-17 11:06:22.123000,413.7277139235211,9
2024-09-17 11:06:22.137000,413.7342623211475,102
2024-09-17 11:06:22.231000,413.737057043652,998
2024-09-17 11:06:22.241000,413.7510072083978,998
2024-09-17 11:06:22.262000,413.75136151059695,97
2024-09-17 11:06:22.389000,413.7966351070041,102
2024-09-17 11:06:22.401000,413.7952764300101,102
2024-09-17 11:06:22.449000,413.75655599619375,99
2024-09-17 11:06:22.467000,413.78829477853856,97
2024-09-17 11:06:22.495000,413.7575226729276,6
2024-09-17 11:06:22.638000,413.7441301788903,97
2024-09-17 11:06:22.668000,413.74896573134873,104
2024-09-17 11:06:22.761000,413.77770410029575,5
2024-09-17 11:06:22.783000,413.74871815736304,1005
2024-09-17 11:06:22.840000,413.7516361147556,998
2024-09-17 11:06:22.875000,413.78637380618414,1002
2024-09-17 11:06:22.887000,413.8085712620717,98
2024-09-17 11:06:22.897000,413.7572620714395,11
2024-09-17 11:06:23.027000,413.7825270398769,105
2024-09-17 11:06:23.107000,413.77585871628486,99
2024-09-17 11:06:23.205000,413.7986666233013,9
2024-09-17 11:06:23.304000,413.7976286582222,98
2024-09-17 11:06:23.363000,413.81560594745474,5
2024-09-17 11:06:23.474000,413.7684338735969,1003
2024-09-17 11:06:23.489000,413.7833233277075,96
2024-09-17 11:06:23.530000,413.7734951455617,14
2024-09-17 11:06:23.568000,413.7745676109223,8
2024-09-17 11:06:23.609000,413.7599865853293,104
2024-09-17 11:06:23.691000,413.77794583588513,997
2024-09-17 11:06:23.714000,413.77559999755215,6
2024-09-17 11:06:23.747000,413.7573557330277,98
2024-09-17 11:06:23.848000,413.8007840197612,95
2024-09-17 11:06:23.869000,413.77530146024105,96
2024-09-17 11:06:23.957000,413.7816987733346,96
2024-09-17 11:06:23.982000,413.77830815882567,7
2024-09-17 11:06:24.003000,413.77439365151287,998
2024-09-17 11:06:24.103000,413.7714223722868,995
2024-09-17 11:06:24.145000,413.77329149928846,996
2024-09-17 11:06:24.151000,413.74392842924505,9
2024-09-17 11:06:24.170000,413.7793160955762,15
2024-09-17 11:06:24.212000,413.75045831314486,100
2024-09-17 11:06:24.243000,413.7495077076453,1005
2024-09-17 11:06:24.675000,413.7722338304702,100
2024-09-17 11:06:24.724000,413.76602226726783,99
2024-09-17 11:06:24.815000,413.7399753135202,12
2024-09-17 11:06:24.837000,413.7382913686872,12
2024-09-17 11:06:24.994000,413.7719739220601,101
2024-09-17 11:06:25.293000,413.7258109002679,105
2024-09-17 11:06:25.665000,413.7146613031316,6
2024-09-17 11:06:26.294000,413.7241608549349,101
2024-09-17 11:06:26.859000,413.7075234958151,1000
2024-09-17 11:06:26.988000,413.714350360677,96
2024-09-17 11:06:27.090000,413.7364637647508,105
2024-09-17 11:06:27.159000,413.77454392437903,1005
2024-09-17 11:06:27.475000,413.7449224030369,1003
2024-09-17 11:06:27.560000,413.7334714460774,101
2024-09-17 11:06:27.564000,413.75738810028224,11
2024-09-17 11:06:27.570000,413.72055051731945,97
2024-09-17 11:06:27.588000,413.7221271454778,10
2024-09-17 11:06:28.004000,413.7691447900826,97
2024-09-17 11:06:28.021000,413.74337812326354,7
2024-09-17 11:06:28.041000,413.7360969695206,8
2024-09-17 11:06:28.186000,413.7301585292458,11
2024-09-17 11:06:28.260000,413.73965828217086,9
2024-09-17 11:06:28.293000,413.7406515458009,99
2024-09-17 11:06:28.304000,413.7326128161693,5
2024-09-17 11:06:28.348000,413.744308319559,15
2024-09-17 11:06:28.392000,413.7253915957509,14
2024-09-17 11:06:28.549000,413.7376966651464,9
2024-09-17 11:06:28.764000,413.7524159033208,95
2024-09-17 11:06:28.807000,413.76505343708806,9
2024-09-17 11:06:28.830000,413.7426808592503,103
2024-09-17 11:06:28.836000,413.73055234668686,1001
2024-09-17 11:06:28.956000,413.7445717780295,95
2024-09-17 11:06:28.982000,413.7403653480913,1003
2024-09-17 11:06:29.509000,413.6907973798501,14
2024-09-17 11:06:29.576000,413.69118506150375,998
2024-09-17 11:06:29.922000,413.7076573581523,13
2024-09-17 11:06:30.112000,413.6580464470288,97
2024-09-17 11:06:30.135000,413.6460378186374,1003
2024-09-17 11:06:30.164000,413.64940750245074,103
2024-09-17 11:06:30.287000,413.6648895638344,996
2024-09-17 11:06:30.289000,413.7042176243554,105
2024-09-17 11:06:30.446000,413.68519250114304,1004
2024-09-17 11:06:30.686000,413.7083806979148,1005
2024-09-17 11:06:30.693000,413.6734360438143,8
2024-09-17 11:06:30.731000,413.6719308923665,105
2024-09-17 11:06:31.091000,413.75671968401656,6
2024-09-17 11:06:31.140000,413.756968133528,1002
2024-09-17 11:06:31.295000,413.7457768328114,105
2024-09-17 11:06:31.360000,413.7500589859884,12
2024-09-17 11:06:31.378000,413.76875070148367,1000
2024-09-17 11:06:31.528000,413.773803796239,103
2024-09-17 11:06:31.584000,413.76726054930776,6
2024-09-17 11:06:31.642000,413.7769978406269,7
2024-09-17 11:06:31.656000,413.7746351486037,5
2024-09-17 11:06:31.684000,413.7473561050216,98
2024-09-17 11:06:31.798000,413.7377561378707,98
2024-09-17 11:06:31.902000,413.76463189120346,997
2024-09-17 11:06:31.936000,413.72371018211794,1000
2024-09-17 11:06:31.971000,413.73772097261633,12
2024-09-17 11:06:32.209000,413.74446877115673,996
2024-09-17 11:06:32.958000,413.7488335601436,95
2024-09-17 11:06:33.400000,413.703602795678,101
2024-09-17 11:06:33.638000,413.7361853137498,105
2024-09-17 11:06:33.731000,413.7324496204847,104
2024-09-17 11:06:33.787000,413.7426533727468,9
2024-09-17 11:06:33.875000,413.72051676728825,11
2024-09-17 11:06:33.880000,413.70166323866886,997
2024-09-17 11:06:36.086000,413.6762932743829,1005
2024-09-17 11:06:36.093000,413.7010595888053,12
2024-09-17 11:06:36.103000,413.68429445799774,105
2024-09-17 11:06:36.207000,413.6616068437291,15
2024-09-17 11:06:36.210000,413.6612618071543,6
2024-09-17 11:06:36.337000,413.7039780861616,1005
2024-09-17 11:06:36.370000,413.7114465496096,15
2024-09-17 11:06:36.519000,413.6783661221575,13
2024-09-17 11:06:36.587000,413.7290092314825,97
2024-09-17 11:06:36.633000,413.7078350456542,1000
2024-09-17 11:06:36.687000,413.6908097931953,97
2024-09-17 11:06:36.687000,413.6975578315929,103
2024-09-17 11:06:36.708000,413.7126137060933,1005
2024-09-17 11:06:36.713000,413.6764125822242,13
2024-09-17 11:06:36.721000,413.6459343495857,11
2024-09-17 11:06:36.771000,413.7338912352344,97
2024-09-17 11:06:36.832000,413.64922370374,999
2024-09-17 11:06:36.897000,413.66416635325584,102
2024-09-17 11:06:36.907000,413.7273068458607,6
2024-09-17 11:06:36.931000,413.7218739003226,1000
2024-09-17 11:06:36.934000,413.6562715717963,96
2024-09-17 11:06:36.947000,413.7146833554559,8
2024-09-17 11:06:36.990000,413.6972166067157,102
2024-09-17 11:06:38.014000,413.6831914324987,998
2024-09-17 11:06:38.140000,413.6774837165677,101
2024-09-17 11:06:38.214000,413.6820188542835,10
2024-09-17 11:06:38.572000,413.6915765417685,104
2024-09-17 11:06:38.847000,413.6803064840196,5
2024-09-17 11:06:39.012000,413.7044353973952,103
2024-09-17 11:06:39.061000,413.7369805075844,6
2024-09-17 11:06:39.109000,413.6683802189416,5
2024-09-17 11:06:39.142000,413.6979308927876,105
2024-09-17 11:06:39.181000,413.674773574084,100
2024-09-17 11:06:39.227000,413.7049784403952,15
2024-09-17 11:06:39.282000,413.68197079531456,99
2024-09-17 11:06:39.341000,413.7405878865332,6
2024-09-17 11:06:39.372000,413.7000476320323,999
2024-09-17 11:06:39.379000,413.7014508167346,100
2024-09-17 11:06:39.536000,413.6721197813356,102
2024-09-17 11:06:39.536000,413.7157055387034,7
2024-09-17 11:06:39.684000,413.71877312356696,11
2024-09-17 11:06:39.712000,413.70375916056815,97
2024-09-17 11:06:39.803000,413.68914946144497,6
2024-09-17 11:06:39.945000,413.7211038160132,1001
2024-09-17 11:06:39.959000,413.7064309741737,1004
2024-09-17 11:06:39.964000,413.6900964644802,15
2024-09-17 11:06:40.228000,413.7241601600053,13
2024-09-17 11:06:40.314000,413.73993229305,14
2024-09-17 11:06:40.339000,413.7395565471984,99
2024-09-17 11:06:40.475000,413.7275311894027,11
2024-09-17 11:06:40.567000,413.7530651799341,998
2024-09-17 11:06:40.848000,413.7431443886883,1001
2024-09-17 11:06:41.051000,413.7157690371969,7
2024-09-17 11:06:41.102000,413.68467177976186,15
2024-09-17 11:06:41.132000,413.6437343264751,97
2024-09-17 11:06:41.185000,413.6859064084382,9
2024-09-17 11:06:41.203000,413.6728993404113,103
2024-09-17 11:06:41.243000,413.71438638803096,97
2024-09-17 11:06:41.394000,413.6900209219308,15
2024-09-17 11:06:41.402000,413.6897573065897,997
2024-09-17 11:06:41.442000,413.7476015189123,1000
2024-09-17 11:06:41.521000,413.7025558148213,11
2024-09-17 11:06:41.530000,413.70610190204206,995
2024-09-17 11:06:41.541000,413.7522857052947,102
2024-09-17 11:06:41.594000,413.6722587364614,103
2024-09-17 11:06:41.691000,413.6494822235917,1001
2024-09-17 11:06:41.839000,413.685424629748,999
2024-09-17 11:06:41.845000,413.6794962949544,1000
2024-09-17 11:06:41.858000,413.7180844551823,1003
2024-09-17 11:06:41.863000,413.6854771450457,15
2024-09-17 11:06:41.873000,413.76444744994166,96
2024-09-17 11:06:41.892000,413.6970217171635,1004
2024-09-17 11:06:41.936000,413.6869024457486,997
2024-09-17 11:06:41.955000,413.7286608521088,12
2024-09-17 11:06:42.109000,413.64043096770286,5
2024-09-17 11:06:42.271000,413.6588712921316,8
2024-09-17 11:06:42.538000,413.63962710140464,12
2024-09-17 11:06:42.939000,413.6554177491314,13
2024-09-17 11:06:43.099000,413.62788801864286,1003
2024-09-17 11:06:43.127000,413.66345040939575,8
2024-09-17 11:06:43.259000,413.74144555703,995
2024-09-17 11:06:43.353000,413.6663015773103,6
2024-09-17 11:06:43.363000,413.7185631575456,996
2024-09-17 11:06:43.399000,413.6419062124616,997
2024-09-17 11:06:43.511000,413.7100609049479,10
2024-09-17 11:06:43.562000,413.7513803442776,8
2024-09-17 11:06:43.619000,413.759039200939,1003
2024-09-17 11:06:43.629000,413.6402729357425,5
2024-09-17 11:06:43.632000,413.6548002782522,1004
2024-09-17 11:06:43.693000,413.7596799156748,6
2024-09-17 11:06:43.793000,413.73519742042174,105
2024-09-17 11:06:43.803000,413.6821648166136,105
2024-09-17 11:06:43.843000,413.7175020457533,12
2024-09-17 11:06:43.863000,413.6443900616126,14
2024-09-17 11:06:43.891000,413.65004003756906,997
2024-09-17 11:06:43.926000,413.7038010436284,10
2024-09-17 11:06:44.118000,413.7649408816908,5
2024-09-17 11:06:44.174000,413.7636180358534,98
2024-09-17 11:06:44.192000,413.7872282364333,1002
2024-09-17 11:06:44.218000,413.7479787719193,1000
2024-09-17 11:06:44.238000,413.7618387776875,95
2024-09-17 11:06:44.259000,413.75717098451,999
2024-09-17 11:06:44.267000,413.7783116425807,105
2024-09-17 11:06:44.343000,413.7852938528768,1001
2024-09-17 11:06:44.392000,413.78156009177854,1000
2024-09-17 11:06:44.431000,413.7796053355773,11
2024-09-17 11:06:44.455000,413.7694587733988,11
2024-09-17 11:06:44.455000,413.78088493957546,9
2024-09-17 11:06:44.491000,413.7722937393304,14
2024-09-17 11:06:44.638000,413.776982234433,1001
2024-09-17 11:06:44.662000,413.7713406467779,96
2024-09-17 11:06:44.685000,413.7731537383119,10
2024-09-17 11:06:44.741000,413.7756731894119,999
2024-09-17 11:06:44.757000,413.7570437966152,9
2024-09-17 11:06:44.788000,413.756775088385,97
2024-09-17 11:06:44.801000,413.7670381295256,100
2024-09-17 11:06:44.849000,413.78988261009806,6
2024-09-17 11:06:44.850000,413.7782069609509,101
2024-09-17 11:06:44.893000,413.7746655759676,10
2024-09-17 11:06:44.930000,413.785544391883,1001
2024-09-17 11:06:44.933000,413.7856887086896,9
2024-09-17 11:06:44.947000,413.7640880802656,1000
2024-09-17 11:06:44.968000,413.7820253030076,102
2024-09-17 11:06:45.099000,413.7800114769142,1004
2024-09-17 11:06:45.196000,413.7661638487984,104
2024-09-17 11:06:45.211000,413.7657058570445,997
2024-09-17 11:06:45.268000,413.7752485619047,10
2024-09-17 11:06:45.293000,413.7623275856131,105
2024-09-17 11:06:45.304000,413.7532610522897,12
2024-09-17 11:06:45.343000,413.77735172762766,98
2024-09-17 11:06:45.391000,413.7796980292203,100
2024-09-17 11:06:45.554000,413.793778491682,103
2024-09-17 11:06:45.602000,413.7777002511921,100
2024-09-17 11:06:45.716000,413.7915421511458,102
2024-09-17 11:06:45.772000,413.7788696523212,13
2024-09-17 11:06:45.830000,413.7697858583597,8
2024-09-17 11:06:45.835000,413.7588963268944,1000
2024-09-17 11:06:45.943000,413.7806228026522,1002
2024-09-17 11:06:45.964000,413.76913948814666,5
2024-09-17 11:06:45.975000,413.7803513931352,12
2024-09-17 11:06:46.222000,413.67481708826,96
2024-09-17 11:06:46.229000,413.7236523569103,96
2024-09-17 11:06:46.255000,413.6853900033183,1001
2024-09-17 11:06:46.350000,413.7249776919969,100
2024-09-17 11:06:46.361000,413.70326790098056,95
2024-09-17 11:06:46.389000,413.73024652665816,96
2024-09-17 11:06:46.400000,413.66999913913446,1002
2024-09-17 11:06:46.413000,413.6815688059294,96
2024-09-17 11:06:46.461000,413.6914502583603,9
2024-09-17 11:06:46.496000,413.6864182036471,12
2024-09-17 11:06:46.601000,413.6509334451381,10
2024-09-17 11:06:46.605000,413.7443675442663,8
2024-09-17 11:06:46.615000,413.7003731603192,104
2024-09-17 11:06:46.673000,413.7470784649532,102
2024-09-17 11:06:46.732000,413.7328352601948,6
2024-09-17 11:06:46.773000,413.6670170182859,102
2024-09-17 11:06:46.841000,413.7267312755692,997
2024-09-17 11:06:46.854000,413.6557382617289,9
2024-09-17 11:06:46.870000,413.7257036970964,6
2024-09-17 11:06:46.985000,413.7334837357448,99
2024-09-17 11:06:47,413.70350547694414,100
2024-09-17 11:06:47.016000,413.70954201320455,99
2024-09-17 11:06:47.161000,413.7059782307785,14
2024-09-17 11:06:47.221000,413.7082792639318,1000
2024-09-17 11:06:47.239000,413.6627230638233,101
2024-09-17 11:06:47.261000,413.6901853475589,995
2024-09-17 11:06:47.304000,413.69494810871697,1000
2024-09-17 11:06:47.363000,413.74266135775474,13
2024-09-17 11:06:47.363000,413.6942330028124,998
2024-09-17 11:06:47.400000,413.7050754559209,12
2024-09-17 11:06:47.422000,413.7188319789977,8
2024-09-17 11:06:47.423000,413.6981292972562,1001
2024-09-17 11:06:47.445000,413.7064968193968,97
2024-09-17 11:06:47.512000,413.70857330315096,97
2024-09-17 11:06:47.540000,413.7299129442296,105
2024-09-17 11:06:47.576000,413.7097863468092,997
2024-09-17 11:06:47.635000,413.69983323784027,8
2024-09-17 11:06:47.674000,413.70079115018007,1005
2024-09-17 11:06:47.724000,413.7042315233604,1005
2024-09-17 11:06:47.738000,413.7239474070863,13
2024-09-17 11:06:47.878000,413.696068100037,12
2024-09-17 11:06:47.896000,413.6696407609489,1004
2024-09-17 11:06:47.960000,413.72093999870833,13
2024-09-17 11:06:47.973000,413.6955917231932,12
2024-09-17 11:06:47.986000,413.6986753711144,12
2024-09-17 11:06:48.084000,413.6769316403291,996
2024-09-17 11:06:48.258000,413.6955811492799,6
2024-09-17 11:06:48.540000,413.70010678617535,995
2024-09-17 11:06:48.567000,413.7291966087346,95
2024-09-17 11:06:48.646000,413.6869510008593,102
2024-09-17 11:06:48.726000,413.6821303609753,997
2024-09-17 11:06:48.749000,413.68891733387113,1003
2024-09-17 11:06:48.781000,413.693926623488,101
2024-09-17 11:06:48.849000,413.69000258113766,1002
2024-09-17 11:06:48.857000,413.67911496432447,999
2024-09-17 11:06:48.950000,413.7165383706202,997
2024-09-17 11:06:48.998000,413.693577506681,8
2024-09-17 11:06:50.211000,413.72706983045686,1000
2024-09-17 11:06:50.325000,413.7215712752429,101
2024-09-17 11:06:50.339000,413.6807448407935,1004
2024-09-17 11:06:50.494000,413.7264979970233,9
2024-09-17 11:06:50.618000,413.7232726083865,13
2024-09-17 11:06:50.639000,413.6853648822397,105
2024-09-17 11:06:50.770000,413.7007146166935,1001
2024-09-17 11:06:50.772000,413.716375037292,95
2024-09-17 11:06:50.850000,413.7145672730116,11
2024-09-17 11:06:51.016000,413.6883117037918,103
2024-09-17 11:06:51.128000,413.6841752827756,6
2024-09-17 11:06:51.229000,413.6873536070808,999
2024-09-17 11:06:51.344000,413.6935738489046,998
2024-09-17 11:06:51.553000,413.7100805765653,99
2024-09-17 11:06:51.755000,413.6851127812037,11
2024-09-17 11:06:51.840000,413.69082923085233,98
2024-09-17 11:06:51.973000,413.68978048448815,101
2024-09-17 11:06:52.035000,413.8134769971337,6
2024-09-17 11:06:52.061000,413.7595303353377,103
2024-09-17 11:06:52.067000,413.7730550353608,997
2024-09-17 11:06:52.103000,413.7505141239004,95
2024-09-17 11:06:52.233000,413.8380375261736,5
2024-09-17 11:06:52.247000,413.7494218172461,13
2024-09-17 11:06:52.344000,413.7988054091496,96
2024-09-17 11:06:52.461000,413.7697869844993,1005
2024-09-17 11:06:52.528000,413.8276504361627,1002
2024-09-17 11:06:52.570000,413.7594648564465,14
2024-09-17 11:06:52.670000,413.7359211780867,1000
2024-09-17 11:06:52.722000,413.7777414224024,97
2024-09-17 11:06:52.738000,413.7883273752118,7
2024-09-17 11:06:52.792000,413.78491320039456,1004
2024-09-17 11:06:52.872000,413.79234207552014,105
2024-09-17 11:06:52.986000,413.7894945684004,6
2024-09-17 11:06:55.155000,413.8355157647788,12
2024-09-17 11:06:55.277000,413.8473054624838,6
2024-09-17 11:06:55.445000,413.8447602124674,104
2024-09-17 11:06:55.492000,413.83662791616615,1000
2024-09-17 11:06:55.632000,413.8579846963577,96
2024-09-17 11:06:55.644000,413.8356511553951,99
2024-09-17 11:06:56.186000,413.8520460938521,96
2024-09-17 11:06:56.427000,413.8474164861418,10
2024-09-17 11:06:56.710000,413.8254232787843,1004
2024-09-17 11:06:57.054000,413.7700637610848,11
2024-09-17 11:06:57.070000,413.8228067565125,14
2024-09-17 11:06:57.126000,413.77474093501456,1000
2024-09-17 11:06:57.134000,413.8198561805409,12
2024-09-17 11:06:57.138000,413.80537902813046,6
2024-09-17 11:06:57.163000,413.8219321834784,97
2024-09-17 11:06:57.212000,413.85613768494255,96
2024-09-17 11:06:57.259000,413.83066092122647,99
2024-09-17 11:06:57.289000,413.7941001394528,104
2024-09-17 11:06:57.351000,413.8478018566419,8
2024-09-17 11:06:57.358000,413.8282606782203,996
2024-09-17 11:06:57.423000,413.8172286612029,15
2024-09-17 11:06:57.434000,413.78420689767154,13
2024-09-17 11:06:57.447000,413.8489480249348,5
2024-09-17 11:06:57.573000,413.7966458046163,101
2024-09-17 11:06:57.635000,413.79083541306113,9
2024-09-17 11:06:57.683000,413.7870519116632,13
2024-09-17 11:06:57.760000,413.78693433776107,5
2024-09-17 11:06:57.781000,413.7744802604485,12
2024-09-17 11:06:57.805000,413.8068578785023,997
2024-09-17 11:06:57.867000,413.8410695737818,7
2024-09-17 11:06:57.876000,413.7898175008406,995
2024-09-17 11:06:57.883000,413.7890848612912,1000
2024-09-17 11:06:57.912000,413.7786418507108,8
2024-09-17 11:06:57.935000,413.8473807966374,5
2024-09-17 11:06:57.968000,413.8031946599337,13
2024-09-17 11:06:57.975000,413.7862789239664,97
2024-09-17 11:06:58.007000,413.7826408198141,98
2024-09-17 11:06:58.023000,413.763777588582,996
2024-09-17 11:06:58.046000,413.8068151268214,997
2024-09-17 11:06:58.139000,413.8208180466712,5
2024-09-17 11:06:58.150000,413.80664325862665,7
2024-09-17 11:06:58.260000,413.7970471311514,103
2024-09-17 11:06:58.274000,413.78619707129474,15
2024-09-17 11:06:58.311000,413.7922940362278,13
2024-09-17 11:06:58.328000,413.8350297276316,98
2024-09-17 11:06:58.389000,413.8153935834736,7
2024-09-17 11:06:58.474000,413.8137486973714,998
2024-09-17 11:06:58.513000,413.8131156812408,1002
2024-09-17 11:06:58.529000,413.8082767918444,104
2024-09-17 11:06:58.537000,413.7525339675132,95
2024-09-17 11:06:58.547000,413.8095440372267,103
2024-09-17 11:06:58.551000,413.8141776429255,995
2024-09-17 11:06:58.809000,413.80503510568514,100
2024-09-17 11:06:58.933000,413.7948195184361,1003
2024-09-17 11:06:58.934000,413.79900463860105,8
2024-09-17 11:06:58.966000,413.8168538454001,97
2024-09-17 11:06:58.968000,413.8214454270385,999
2024-09-17 11:06:58.995000,413.8206714271466,9
2024-09-17 11:06:59.020000,413.7223251400221,12
2024-09-17 11:06:59.058000,413.7450042588909,8
2024-09-17 11:06:59.062000,413.7540375527772,997
2024-09-17 11:06:59.105000,413.7289670953837,102
2024-09-17 11:06:59.161000,413.7174506962372,999
2024-09-17 11:06:59.254000,413.76304514956246,7
2024-09-17 11:06:59.311000,413.7424876548836,11
2024-09-17 11:06:59.331000,413.7479945781803,12
2024-09-17 11:06:59.372000,413.750740231459,999
2024-09-17 11:06:59.378000,413.74119034066536,996
2024-09-17 11:06:59.461000,413.7249422318341,1005
2024-09-17 11:06:59.487000,413.74598636476543,1005
2024-09-17 11:06:59.492000,413.7468804299919,12
2024-09-17 11:06:59.568000,413.7507143207552,104
2024-09-17 11:06:59.602000,413.75127157234687,9
2024-09-17 11:06:59.646000,413.71354247567297,1003
2024-09-17 11:06:59.683000,413.7074266881025,96
2024-09-17 11:06:59.704000,413.7310473531002,98
2024-09-17 11:06:59.806000,413.7524430783363,12
2024-09-17 11:06:59.936000,413.7358963736433,15
