Timestamp,Price,Size
2024-09-19 13:29:00.024000,421.6307955999589,96
2024-09-19 13:29:00.069000,421.6135384898331,6
2024-09-19 13:29:00.072000,421.5939373903688,99
2024-09-19 13:29:00.077000,421.5955925044343,8
2024-09-19 13:29:00.104000,421.5730271808061,11
2024-09-19 13:29:00.181000,421.5775470621508,98
2024-09-19 13:29:00.196000,421.5868821010263,100
2024-09-19 13:29:00.210000,421.5878969312175,14
2024-09-19 13:29:00.414000,421.58186556490847,7
2024-09-19 13:29:00.519000,421.5830981230795,9
2024-09-19 13:29:00.547000,421.6142623159538,99
2024-09-19 13:29:00.556000,421.6023218105482,14
2024-09-19 13:29:00.580000,421.6085242038516,1004
2024-09-19 13:29:00.658000,421.6082716835054,95
2024-09-19 13:29:00.672000,421.5991546218909,1005
2024-09-19 13:29:00.777000,421.6079674151256,13
2024-09-19 13:29:00.814000,421.602963030768,13
2024-09-19 13:29:00.822000,421.60455401191473,15
2024-09-19 13:29:00.824000,421.57499171038427,103
2024-09-19 13:29:00.848000,421.6230955201177,1000
2024-09-19 13:29:00.877000,421.5873063004932,995
2024-09-19 13:29:00.929000,421.5960685639758,6
2024-09-19 13:29:01.131000,421.6132252425288,11
2024-09-19 13:29:01.544000,421.62009903381545,95
2024-09-19 13:29:02.020000,421.6113784962118,1004
2024-09-19 13:29:02.135000,421.6278327369346,98
2024-09-19 13:29:02.213000,421.6335721533112,11
2024-09-19 13:29:02.356000,421.628327656417,95
2024-09-19 13:29:02.576000,421.61955104658006,1005
2024-09-19 13:29:02.580000,421.6132895294505,15
2024-09-19 13:29:02.580000,421.6213293075763,1004
2024-09-19 13:29:02.687000,421.6152481821985,997
2024-09-19 13:29:02.697000,421.6064231285287,996
2024-09-19 13:29:02.739000,421.62567910497336,999
2024-09-19 13:29:02.809000,421.6492527762402,999
2024-09-19 13:29:02.906000,421.6278914520474,8
2024-09-19 13:29:02.923000,421.6232095071121,95
2024-09-19 13:29:03.448000,421.5957352684898,13
2024-09-19 13:29:03.518000,421.6060734036688,8
2024-09-19 13:29:03.551000,421.571261439842,105
2024-09-19 13:29:04.153000,421.59226741089367,12
2024-09-19 13:29:04.307000,421.5679490893915,95
2024-09-19 13:29:04.337000,421.5949294909055,101
2024-09-19 13:29:04.385000,421.54488534251726,997
2024-09-19 13:29:04.393000,421.5632973309032,995
2024-09-19 13:29:04.523000,421.5886390336007,995
2024-09-19 13:29:04.570000,421.5594752179128,1005
2024-09-19 13:29:05.012000,421.5640501003227,998
2024-09-19 13:29:05.086000,421.5668227053621,1004
2024-09-19 13:29:05.265000,421.56736931050415,10
2024-09-19 13:29:05.337000,421.5636619063196,96
2024-09-19 13:29:05.474000,421.54736417047343,6
2024-09-19 13:29:05.500000,421.5940016142368,11
2024-09-19 13:29:05.540000,421.55620769684174,100
2024-09-19 13:29:05.635000,421.56189565062266,6
2024-09-19 13:29:05.796000,421.5471566678598,1000
2024-09-19 13:29:05.837000,421.5876722092987,9
2024-09-19 13:29:05.879000,421.5584238298189,996
2024-09-19 13:29:05.944000,421.5615502282773,95
2024-09-19 13:29:05.973000,421.5448825191809,7
2024-09-19 13:29:06.008000,421.6071364536817,998
2024-09-19 13:29:06.095000,421.5647260100789,1005
2024-09-19 13:29:06.191000,421.5967701513906,8
2024-09-19 13:29:06.304000,421.5943666889164,1004
2024-09-19 13:29:06.557000,421.5508518492682,1003
2024-09-19 13:29:06.644000,421.5774193559223,100
2024-09-19 13:29:06.650000,421.5518571374035,12
2024-09-19 13:29:06.668000,421.5655192415171,11
2024-09-19 13:29:06.683000,421.5569528340857,99
2024-09-19 13:29:06.912000,421.5987784444483,9
2024-09-19 13:29:06.934000,421.5448551609954,995
2024-09-19 13:29:07.035000,421.69008317696967,999
2024-09-19 13:29:07.037000,421.5983001077144,100
2024-09-19 13:29:07.058000,421.6798987171084,12
2024-09-19 13:29:07.092000,421.6162523274565,10
2024-09-19 13:29:07.093000,421.6062826162299,96
2024-09-19 13:29:07.107000,421.68087421189387,103
2024-09-19 13:29:07.198000,421.63675957018063,999
2024-09-19 13:29:07.207000,421.61630968198966,12
2024-09-19 13:29:07.209000,421.6736453334802,100
2024-09-19 13:29:07.220000,421.6748602813189,95
2024-09-19 13:29:07.244000,421.6626765166466,95
2024-09-19 13:29:07.312000,421.6764740018508,14
2024-09-19 13:29:07.332000,421.6125907120434,105
2024-09-19 13:29:07.355000,421.6667483671361,8
2024-09-19 13:29:07.418000,421.6796484069045,100
2024-09-19 13:29:07.456000,421.6749833455516,1000
2024-09-19 13:29:07.465000,421.6759490516505,99
2024-09-19 13:29:07.550000,421.6614915937534,96
2024-09-19 13:29:07.581000,421.6835598389554,995
2024-09-19 13:29:07.643000,421.6100661462564,99
2024-09-19 13:29:07.675000,421.6064759512926,1000
2024-09-19 13:29:07.777000,421.6477104309787,1004
2024-09-19 13:29:07.814000,421.60404496181945,7
2024-09-19 13:29:07.949000,421.6917700994357,14
2024-09-19 13:29:08.056000,421.6373676397717,13
2024-09-19 13:29:08.070000,421.62131533768286,1005
2024-09-19 13:29:08.242000,421.6527381171082,95
2024-09-19 13:29:08.269000,421.6250063016572,95
2024-09-19 13:29:08.404000,421.6388814488048,998
2024-09-19 13:29:08.410000,421.622915621387,996
2024-09-19 13:29:08.471000,421.6225317162978,95
2024-09-19 13:29:08.521000,421.6187113098874,996
2024-09-19 13:29:08.529000,421.6259979341989,97
2024-09-19 13:29:08.558000,421.6327145806533,100
2024-09-19 13:29:08.578000,421.6273490779923,995
2024-09-19 13:29:08.622000,421.6325715558386,96
2024-09-19 13:29:08.671000,421.6158198409401,1000
2024-09-19 13:29:08.845000,421.66999736751103,101
2024-09-19 13:29:09.052000,421.6151212360082,98
2024-09-19 13:29:09.154000,421.6227568842913,7
2024-09-19 13:29:09.154000,421.65271894650266,996
2024-09-19 13:29:09.182000,421.6539582530792,10
2024-09-19 13:29:09.204000,421.6606572356413,1003
2024-09-19 13:29:09.212000,421.6273283261023,11
2024-09-19 13:29:09.263000,421.6372679810496,103
2024-09-19 13:29:09.288000,421.6330918499924,98
2024-09-19 13:29:09.463000,421.626939247872,101
2024-09-19 13:29:09.515000,421.61522045002687,11
2024-09-19 13:29:09.533000,421.6556412168227,13
2024-09-19 13:29:09.533000,421.6330515117926,98
2024-09-19 13:29:09.672000,421.6302074549311,12
2024-09-19 13:29:09.673000,421.6413254673789,95
2024-09-19 13:29:09.705000,421.63309828804506,997
2024-09-19 13:29:09.782000,421.6329634133655,999
2024-09-19 13:29:09.785000,421.6152217205694,5
2024-09-19 13:29:09.796000,421.5956035511031,999
2024-09-19 13:29:09.835000,421.6115253292935,95
2024-09-19 13:29:09.943000,421.6178709262638,14
2024-09-19 13:29:09.945000,421.60165177628176,999
2024-09-19 13:29:09.987000,421.605801046563,95
2024-09-19 13:29:10.028000,421.56734134060775,1003
2024-09-19 13:29:10.046000,421.6511721977253,5
2024-09-19 13:29:10.133000,421.5770858984702,1004
2024-09-19 13:29:10.140000,421.5662391835752,102
2024-09-19 13:29:10.280000,421.55783999731307,998
2024-09-19 13:29:10.324000,421.6566719557984,8
2024-09-19 13:29:10.369000,421.5362883325027,99
2024-09-19 13:29:10.391000,421.561740119651,1000
2024-09-19 13:29:10.400000,421.6223932626272,997
2024-09-19 13:29:10.581000,421.5939648275498,999
2024-09-19 13:29:10.585000,421.53758211733344,7
2024-09-19 13:29:10.616000,421.6240652738933,1003
2024-09-19 13:29:10.707000,421.6305789632431,9
2024-09-19 13:29:10.721000,421.5571722665076,8
2024-09-19 13:29:10.947000,421.5471831956186,12
2024-09-19 13:29:10.965000,421.52527260721297,97
2024-09-19 13:29:10.987000,421.64065523888985,6
2024-09-19 13:29:11.059000,421.5616135441695,1001
2024-09-19 13:29:11.134000,421.5406416408791,14
2024-09-19 13:29:11.201000,421.5493990989423,100
2024-09-19 13:29:11.285000,421.5637392802213,96
2024-09-19 13:29:11.415000,421.5698375426533,1005
2024-09-19 13:29:11.435000,421.563036660724,102
2024-09-19 13:29:11.437000,421.54149353708175,14
2024-09-19 13:29:11.489000,421.55632010545474,100
2024-09-19 13:29:11.492000,421.56172699418073,97
2024-09-19 13:29:11.662000,421.5364229820577,98
2024-09-19 13:29:11.724000,421.5485202936568,13
2024-09-19 13:29:11.904000,421.55562201395855,1002
2024-09-19 13:29:11.982000,421.5541181244676,1001
2024-09-19 13:29:12.029000,421.55737169806525,97
2024-09-19 13:29:12.046000,421.53171189163857,6
2024-09-19 13:29:12.065000,421.57212942685857,1000
2024-09-19 13:29:12.092000,421.5696679244626,96
2024-09-19 13:29:12.123000,421.5721146094805,99
2024-09-19 13:29:12.133000,421.5328234425554,10
2024-09-19 13:29:12.142000,421.5436790416864,1000
2024-09-19 13:29:12.151000,421.5602356843954,100
2024-09-19 13:29:12.158000,421.6045006706332,5
2024-09-19 13:29:12.190000,421.55299065125627,102
2024-09-19 13:29:12.235000,421.5852988245536,8
2024-09-19 13:29:12.326000,421.53538823107374,1003
2024-09-19 13:29:12.388000,421.5815256957534,12
2024-09-19 13:29:12.405000,421.58285728235546,95
2024-09-19 13:29:12.424000,421.5633778447579,1002
2024-09-19 13:29:12.438000,421.5975741497459,14
2024-09-19 13:29:12.461000,421.54002920139294,12
2024-09-19 13:29:12.556000,421.5806276233199,104
2024-09-19 13:29:12.618000,421.52428032357074,99
2024-09-19 13:29:12.642000,421.5465230235452,995
2024-09-19 13:29:12.671000,421.5179787600989,998
2024-09-19 13:29:12.765000,421.5422847088005,7
2024-09-19 13:29:12.901000,421.58516542312526,11
2024-09-19 13:29:12.943000,421.575587618197,9
2024-09-19 13:29:12.967000,421.57164013253737,96
2024-09-19 13:29:13.050000,421.55010789786303,1002
2024-09-19 13:29:13.637000,421.5595926773378,10
2024-09-19 13:29:13.899000,421.5580878050209,13
2024-09-19 13:29:14.083000,421.5980908393007,995
2024-09-19 13:29:14.106000,421.5868435875559,96
2024-09-19 13:29:14.116000,421.5750857758857,96
2024-09-19 13:29:14.125000,421.5953031110468,98
2024-09-19 13:29:14.133000,421.5939760634054,102
2024-09-19 13:29:14.242000,421.5717794545939,1004
2024-09-19 13:29:14.255000,421.5958412456711,999
2024-09-19 13:29:14.279000,421.5764534059201,1004
2024-09-19 13:29:14.285000,421.5837658586118,11
2024-09-19 13:29:14.351000,421.59433673476,105
2024-09-19 13:29:14.435000,421.6006539206213,997
2024-09-19 13:29:14.438000,421.6030355388429,10
2024-09-19 13:29:14.601000,421.60258090027617,98
2024-09-19 13:29:14.670000,421.5767234177425,8
2024-09-19 13:29:14.697000,421.5730506370645,7
2024-09-19 13:29:14.850000,421.5826532839175,104
2024-09-19 13:29:14.860000,421.5873493941931,997
2024-09-19 13:29:14.887000,421.60347171667,999
2024-09-19 13:29:14.906000,421.59057107950383,97
2024-09-19 13:29:14.906000,421.6072112626669,1002
2024-09-19 13:29:14.965000,421.5784231232036,97
2024-09-19 13:29:15.003000,421.6211055697059,15
2024-09-19 13:29:15.009000,421.5091277334529,1000
2024-09-19 13:29:15.010000,421.6248903709408,11
2024-09-19 13:29:15.060000,421.49010715211455,1004
2024-09-19 13:29:15.075000,421.5905029972114,98
2024-09-19 13:29:15.125000,421.61951421544177,11
2024-09-19 13:29:15.153000,421.5773135908315,999
2024-09-19 13:29:15.159000,421.5788666616533,8
2024-09-19 13:29:15.197000,421.5889583321176,1000
2024-09-19 13:29:15.197000,421.5870228976763,5
2024-09-19 13:29:15.223000,421.5640727965864,998
2024-09-19 13:29:15.246000,421.4940357662864,9
2024-09-19 13:29:15.256000,421.6199011809301,998
2024-09-19 13:29:15.263000,421.5106576764315,12
2024-09-19 13:29:15.269000,421.60629622312246,9
2024-09-19 13:29:15.271000,421.5830216106956,9
2024-09-19 13:29:15.376000,421.5336993084981,1002
2024-09-19 13:29:15.390000,421.6132076520331,999
2024-09-19 13:29:15.531000,421.51794520321965,14
2024-09-19 13:29:15.600000,421.61833743483294,995
2024-09-19 13:29:15.650000,421.58738279559066,97
2024-09-19 13:29:15.706000,421.5509644450664,10
2024-09-19 13:29:15.735000,421.55363979524833,7
2024-09-19 13:29:15.772000,421.6034554455047,7
2024-09-19 13:29:15.942000,421.5722974590908,98
2024-09-19 13:29:15.950000,421.6126344102531,5
2024-09-19 13:29:15.988000,421.59798812449554,9
2024-09-19 13:29:15.991000,421.60417054386977,5
2024-09-19 13:29:16.055000,421.4814434648376,11
2024-09-19 13:29:16.242000,421.490817189323,105
2024-09-19 13:29:16.565000,421.49949359281,95
2024-09-19 13:29:16.738000,421.4970710722728,1002
2024-09-19 13:29:17.004000,421.4934849721748,999
2024-09-19 13:29:17.028000,421.5518058107161,995
2024-09-19 13:29:17.042000,421.5221331872128,6
2024-09-19 13:29:17.055000,421.5272923393495,105
2024-09-19 13:29:17.078000,421.53141268942966,99
2024-09-19 13:29:17.205000,421.5019275813022,1004
2024-09-19 13:29:17.214000,421.5257409701386,995
2024-09-19 13:29:17.238000,421.4974081075261,11
2024-09-19 13:29:17.241000,421.5403354293352,999
2024-09-19 13:29:17.318000,421.56033436099887,102
2024-09-19 13:29:17.444000,421.54148745812734,105
2024-09-19 13:29:17.482000,421.5414066738723,1005
2024-09-19 13:29:17.491000,421.50285954832447,999
2024-09-19 13:29:17.508000,421.5037370640591,997
2024-09-19 13:29:17.596000,421.537513294884,9
2024-09-19 13:29:17.671000,421.5384611440815,999
2024-09-19 13:29:17.707000,421.5208188739607,14
2024-09-19 13:29:17.758000,421.5386283098141,1000
2024-09-19 13:29:17.774000,421.53088495328734,95
2024-09-19 13:29:17.851000,421.4931142720607,995
2024-09-19 13:29:17.890000,421.5002692554229,104
2024-09-19 13:29:18.063000,421.5583164148063,999
2024-09-19 13:29:18.141000,421.5497831297084,12
2024-09-19 13:29:18.156000,421.564199520982,6
2024-09-19 13:29:18.172000,421.5750669355993,1004
2024-09-19 13:29:18.232000,421.5202922646806,105
2024-09-19 13:29:18.237000,421.54480496004726,99
2024-09-19 13:29:18.253000,421.5424864043116,999
2024-09-19 13:29:18.378000,421.53390491562703,1003
2024-09-19 13:29:18.554000,421.55583831198976,11
2024-09-19 13:29:18.657000,421.5741031239147,6
2024-09-19 13:29:19.837000,421.5511836271091,999
2024-09-19 13:29:19.929000,421.55418821380187,95
2024-09-19 13:29:19.942000,421.5651504682013,1003
2024-09-19 13:29:20.072000,421.55554243202414,13
2024-09-19 13:29:20.079000,421.508214708032,15
2024-09-19 13:29:20.092000,421.4838869119751,13
2024-09-19 13:29:20.173000,421.5260270002517,95
2024-09-19 13:29:20.189000,421.55391902654463,11
2024-09-19 13:29:20.250000,421.5612082722316,997
2024-09-19 13:29:20.278000,421.53606046364496,98
2024-09-19 13:29:20.301000,421.5628836711389,996
2024-09-19 13:29:20.413000,421.556550413626,997
2024-09-19 13:29:20.487000,421.4912504604005,998
2024-09-19 13:29:20.562000,421.53641674828606,14
2024-09-19 13:29:20.574000,421.5384853867596,997
2024-09-19 13:29:20.621000,421.5482159450851,11
2024-09-19 13:29:20.675000,421.5289117032309,101
2024-09-19 13:29:20.694000,421.5187341619224,11
2024-09-19 13:29:20.724000,421.5378827666461,8
2024-09-19 13:29:20.808000,421.5394070137586,100
2024-09-19 13:29:20.819000,421.5605402249296,95
2024-09-19 13:29:20.857000,421.5417292463452,999
2024-09-19 13:29:20.929000,421.50405288814,1001
2024-09-19 13:29:20.968000,421.5568114122162,14
2024-09-19 13:29:21.051000,421.4984597272489,6
2024-09-19 13:29:21.274000,421.5230021834826,105
2024-09-19 13:29:21.491000,421.5006864412679,995
2024-09-19 13:29:21.520000,421.4989339545806,996
2024-09-19 13:29:21.895000,421.52271871005416,1002
2024-09-19 13:29:21.922000,421.514664609569,7
2024-09-19 13:29:22.169000,421.47178922035846,7
2024-09-19 13:29:22.457000,421.4974249749682,996
2024-09-19 13:29:22.604000,421.4957952531901,95
2024-09-19 13:29:22.610000,421.4666296302864,999
2024-09-19 13:29:22.880000,421.4665035846061,1003
2024-09-19 13:29:22.901000,421.47516529095503,996
2024-09-19 13:29:22.951000,421.4918653661803,1005
2024-09-19 13:29:23.021000,421.37829807173546,12
2024-09-19 13:29:23.071000,421.47215417680894,996
2024-09-19 13:29:23.136000,421.4756601532858,15
2024-09-19 13:29:23.198000,421.4029713322488,996
2024-09-19 13:29:23.199000,421.48120733923554,6
2024-09-19 13:29:23.216000,421.4645916296184,97
2024-09-19 13:29:23.249000,421.3643054290301,1002
2024-09-19 13:29:23.276000,421.45372928391873,95
2024-09-19 13:29:23.361000,421.4935248974602,1002
2024-09-19 13:29:23.428000,421.3940483815584,7
2024-09-19 13:29:23.432000,421.48950231990193,997
2024-09-19 13:29:23.449000,421.4928875550676,5
2024-09-19 13:29:23.627000,421.4033669520357,1005
2024-09-19 13:29:23.714000,421.41141734992766,103
2024-09-19 13:29:23.715000,421.4954166250697,1003
2024-09-19 13:29:23.771000,421.4816953654272,96
2024-09-19 13:29:23.813000,421.51350551562086,5
2024-09-19 13:29:23.877000,421.42218353838433,97
2024-09-19 13:29:23.908000,421.4044158733169,995
2024-09-19 13:29:23.962000,421.3478934396202,1000
2024-09-19 13:29:23.974000,421.4121465115552,1005
2024-09-19 13:29:24.017000,421.4967873556453,998
2024-09-19 13:29:24.033000,421.4292456218473,8
2024-09-19 13:29:24.074000,421.4569764918959,7
2024-09-19 13:29:24.084000,421.4491068952423,95
2024-09-19 13:29:24.112000,421.4658627248825,997
2024-09-19 13:29:24.118000,421.43353865777306,7
2024-09-19 13:29:24.147000,421.399471416636,996
2024-09-19 13:29:24.188000,421.3723303592224,11
2024-09-19 13:29:24.190000,421.4217331120281,105
2024-09-19 13:29:24.360000,421.3670597395125,10
2024-09-19 13:29:24.389000,421.4973092825273,96
2024-09-19 13:29:24.403000,421.3553789766316,8
2024-09-19 13:29:24.466000,421.40392133726976,95
2024-09-19 13:29:24.620000,421.46427050363417,105
2024-09-19 13:29:24.723000,421.42851181547456,11
2024-09-19 13:29:24.818000,421.5119654560586,8
2024-09-19 13:29:24.820000,421.4155335016671,997
2024-09-19 13:29:24.830000,421.42206194858295,1005
2024-09-19 13:29:24.870000,421.4932517556728,98
2024-09-19 13:29:24.948000,421.4938542565761,105
2024-09-19 13:29:24.971000,421.3807072479759,1000
2024-09-19 13:29:24.985000,421.42264366172174,105
2024-09-19 13:29:25.037000,421.5676900830693,12
2024-09-19 13:29:25.068000,421.5670895763533,5
2024-09-19 13:29:25.134000,421.6683216806723,996
2024-09-19 13:29:25.136000,421.63387124119015,104
2024-09-19 13:29:25.171000,421.6654938734944,1001
2024-09-19 13:29:25.231000,421.50961216743326,100
2024-09-19 13:29:25.316000,421.6619894667311,998
2024-09-19 13:29:25.339000,421.6184041524415,1001
2024-09-19 13:29:25.485000,421.5220671966308,14
2024-09-19 13:29:25.511000,421.589286971341,97
2024-09-19 13:29:25.581000,421.6124234926244,6
2024-09-19 13:29:25.603000,421.6522215785387,95
2024-09-19 13:29:25.616000,421.6388775028841,99
2024-09-19 13:29:25.631000,421.63887420868326,8
2024-09-19 13:29:25.667000,421.64807379324,105
2024-09-19 13:29:25.714000,421.62672268810417,1003
2024-09-19 13:29:25.741000,421.56477994768255,5
2024-09-19 13:29:25.777000,421.6367934761017,13
2024-09-19 13:29:25.781000,421.6661836454012,1002
2024-09-19 13:29:25.842000,421.6290769875207,99
2024-09-19 13:29:25.869000,421.5456834028874,103
2024-09-19 13:29:25.912000,421.6570523140295,103
2024-09-19 13:29:25.945000,421.51861390853617,996
2024-09-19 13:29:26.044000,421.6677770379905,103
2024-09-19 13:29:26.045000,421.6715910703719,98
2024-09-19 13:29:26.115000,421.6838051722861,1003
2024-09-19 13:29:26.149000,421.66383881295087,1004
2024-09-19 13:29:26.168000,421.6438885894954,14
2024-09-19 13:29:26.228000,421.6844970366204,10
2024-09-19 13:29:26.286000,421.66056434463934,997
2024-09-19 13:29:26.296000,421.6691377238549,1001
2024-09-19 13:29:26.329000,421.67624630091103,103
2024-09-19 13:29:26.340000,421.6774115970326,995
2024-09-19 13:29:26.341000,421.66801399253376,12
2024-09-19 13:29:26.379000,421.68039981905775,13
2024-09-19 13:29:26.413000,421.65167371434615,96
2024-09-19 13:29:26.468000,421.6411840433454,1005
2024-09-19 13:29:26.560000,421.66179581500194,996
2024-09-19 13:29:26.617000,421.6807202420811,8
2024-09-19 13:29:26.640000,421.6696580899573,97
2024-09-19 13:29:26.646000,421.68771422102026,1005
2024-09-19 13:29:26.715000,421.6866055325663,1000
2024-09-19 13:29:26.751000,421.6816122721142,104
2024-09-19 13:29:26.773000,421.66805893608426,5
2024-09-19 13:29:26.865000,421.6689204854843,999
2024-09-19 13:29:26.882000,421.6622102076884,1003
2024-09-19 13:29:26.898000,421.6688335600014,10
2024-09-19 13:29:26.948000,421.69538357594166,9
2024-09-19 13:29:27.689000,421.6571106228284,105
2024-09-19 13:29:28.067000,421.6275557240238,102
2024-09-19 13:29:28.189000,421.6526529896014,999
2024-09-19 13:29:28.202000,421.6227412792741,1005
2024-09-19 13:29:28.230000,421.6286037726018,995
2024-09-19 13:29:28.320000,421.675320536196,97
2024-09-19 13:29:28.335000,421.6610218395449,95
2024-09-19 13:29:28.381000,421.6577790062759,99
2024-09-19 13:29:28.392000,421.661559553667,1002
2024-09-19 13:29:28.424000,421.64823680831466,7
2024-09-19 13:29:28.458000,421.6383239019225,100
2024-09-19 13:29:28.460000,421.6618401432547,6
2024-09-19 13:29:28.573000,421.6252118113835,15
2024-09-19 13:29:28.590000,421.6640487588873,1002
2024-09-19 13:29:28.603000,421.65375822722393,97
2024-09-19 13:29:28.767000,421.6516354948984,15
2024-09-19 13:29:28.879000,421.66262299068376,95
2024-09-19 13:29:28.885000,421.6294885770284,15
2024-09-19 13:29:28.885000,421.65339373707775,11
2024-09-19 13:29:28.942000,421.6224174942725,102
2024-09-19 13:29:29.172000,421.6627360486899,98
2024-09-19 13:29:29.815000,421.6421804729785,104
2024-09-19 13:29:30.106000,421.6768854598219,1003
2024-09-19 13:29:30.364000,421.6709268974493,10
2024-09-19 13:29:30.430000,421.70065206397055,995
2024-09-19 13:29:30.767000,421.6763723491492,11
2024-09-19 13:29:30.813000,421.6732184921708,104
2024-09-19 13:29:31.497000,421.6809384147797,103
2024-09-19 13:29:32.012000,421.77807154847807,9
2024-09-19 13:29:32.023000,421.77265412623024,6
2024-09-19 13:29:32.071000,421.69610264580433,102
2024-09-19 13:29:32.123000,421.7828555206754,102
2024-09-19 13:29:32.138000,421.7811711205641,99
2024-09-19 13:29:32.142000,421.6911892801136,7
2024-09-19 13:29:32.256000,421.7185353622148,96
2024-09-19 13:29:32.349000,421.75709598653344,96
2024-09-19 13:29:32.417000,421.7901161658144,5
2024-09-19 13:29:32.431000,421.7380270195768,9
2024-09-19 13:29:32.433000,421.7715274167375,10
2024-09-19 13:29:32.433000,421.7864597373701,9
2024-09-19 13:29:32.478000,421.6908287568932,998
2024-09-19 13:29:32.600000,421.6715916670393,99
2024-09-19 13:29:32.653000,421.6850708160991,996
2024-09-19 13:29:32.689000,421.67857814882274,5
2024-09-19 13:29:32.743000,421.7534325295208,995
2024-09-19 13:29:32.754000,421.7720179793082,12
2024-09-19 13:29:32.754000,421.7760524778639,101
2024-09-19 13:29:32.770000,421.6876707920431,10
2024-09-19 13:29:32.867000,421.6921731208435,1004
2024-09-19 13:29:32.874000,421.6856817098756,104
2024-09-19 13:29:33.345000,421.7742049058753,97
2024-09-19 13:29:33.450000,421.763551821558,9
2024-09-19 13:29:33.602000,421.7868376011277,998
2024-09-19 13:29:33.734000,421.7910504534084,95
2024-09-19 13:29:33.781000,421.7601513914786,15
2024-09-19 13:29:33.875000,421.7730350599126,13
2024-09-19 13:29:33.938000,421.77743968694045,7
2024-09-19 13:29:34.005000,421.6877461742717,14
2024-09-19 13:29:34.027000,421.705767705161,995
2024-09-19 13:29:34.066000,421.70260366589855,103
2024-09-19 13:29:34.104000,421.7109987435196,995
2024-09-19 13:29:34.107000,421.751787218612,105
2024-09-19 13:29:34.108000,421.70587743203066,8
2024-09-19 13:29:34.157000,421.7104130853139,1001
2024-09-19 13:29:34.179000,421.724715610951,6
2024-09-19 13:29:34.386000,421.6898382286853,999
2024-09-19 13:29:34.421000,421.74310854609774,15
2024-09-19 13:29:34.607000,421.7017857401364,997
2024-09-19 13:29:34.620000,421.7167881011957,11
2024-09-19 13:29:34.715000,421.70309198253057,9
2024-09-19 13:29:34.770000,421.7602874356343,104
2024-09-19 13:29:34.809000,421.7023849473328,96
2024-09-19 13:29:34.883000,421.7107991024007,9
2024-09-19 13:29:34.935000,421.7685066766495,998
2024-09-19 13:29:34.952000,421.7118952599441,10
2024-09-19 13:29:35.036000,421.59860954867656,105
2024-09-19 13:29:35.037000,421.690268066946,103
2024-09-19 13:29:35.053000,421.6081289931741,996
2024-09-19 13:29:35.077000,421.6067998748556,14
2024-09-19 13:29:35.097000,421.63679222229234,11
2024-09-19 13:29:35.313000,421.6316555621861,1001
2024-09-19 13:29:35.313000,421.6772487488345,1001
2024-09-19 13:29:35.345000,421.7024355080331,95
2024-09-19 13:29:35.363000,421.6827616595552,98
2024-09-19 13:29:35.367000,421.591806268728,1000
2024-09-19 13:29:35.398000,421.7189116220271,997
2024-09-19 13:29:35.449000,421.6596439161793,103
2024-09-19 13:29:35.449000,421.6946290645616,998
2024-09-19 13:29:35.457000,421.6002111658517,996
2024-09-19 13:29:35.503000,421.68048916421446,998
2024-09-19 13:29:35.685000,421.64827563192136,9
2024-09-19 13:29:35.699000,421.68514856796753,996
2024-09-19 13:29:35.722000,421.60511629092906,6
2024-09-19 13:29:35.729000,421.6725173867479,14
2024-09-19 13:29:35.756000,421.7103951777849,998
2024-09-19 13:29:35.767000,421.63923600657847,6
2024-09-19 13:29:35.788000,421.6810313717695,1005
2024-09-19 13:29:35.895000,421.6665703737697,7
2024-09-19 13:29:36.170000,421.61391729166064,14
2024-09-19 13:29:36.427000,421.6019631817825,998
2024-09-19 13:29:36.486000,421.6184064125066,98
2024-09-19 13:29:36.683000,421.6197422897238,104
2024-09-19 13:29:36.704000,421.6133553589739,102
2024-09-19 13:29:36.894000,421.6284183251473,8
2024-09-19 13:29:36.955000,421.5999250831744,12
2024-09-19 13:29:37.569000,421.61019434760937,14
2024-09-19 13:29:37.779000,421.6183083712281,95
2024-09-19 13:29:38.064000,421.7098082805443,105
2024-09-19 13:29:38.240000,421.6499894159202,13
2024-09-19 13:29:38.242000,421.7063679581931,96
2024-09-19 13:29:38.303000,421.645116210402,101
2024-09-19 13:29:38.309000,421.66837280688407,98
2024-09-19 13:29:38.316000,421.7013010394448,8
2024-09-19 13:29:38.323000,421.709369682485,997
2024-09-19 13:29:38.368000,421.7106683245029,99
2024-09-19 13:29:38.383000,421.6762146202142,98
2024-09-19 13:29:38.425000,421.657963020036,99
2024-09-19 13:29:38.605000,421.7127177634116,1000
2024-09-19 13:29:38.696000,421.6238459829288,1005
2024-09-19 13:29:38.764000,421.6523645249733,1005
2024-09-19 13:29:38.767000,421.6216963403072,100
2024-09-19 13:29:38.917000,421.6063132783091,12
2024-09-19 13:29:39.024000,421.7196044293573,99
2024-09-19 13:29:39.044000,421.7318824871575,8
2024-09-19 13:29:39.190000,421.716088974842,95
2024-09-19 13:29:39.398000,421.7234666472082,105
2024-09-19 13:29:39.415000,421.7216859343435,95
2024-09-19 13:29:39.423000,421.7284490950159,995
2024-09-19 13:29:39.437000,421.725112394549,1002
2024-09-19 13:29:39.599000,421.7307930499285,97
2024-09-19 13:29:39.608000,421.7330319769896,7
2024-09-19 13:29:39.747000,421.739915162439,102
2024-09-19 13:29:40.057000,421.7631209526477,997
2024-09-19 13:29:40.660000,421.7448126072751,6
2024-09-19 13:29:41.004000,421.81953918448073,103
2024-09-19 13:29:41.183000,421.7704405721447,105
2024-09-19 13:29:41.206000,421.85668892858746,99
2024-09-19 13:29:41.220000,421.8508632776251,101
2024-09-19 13:29:41.252000,421.8236405793671,11
2024-09-19 13:29:41.340000,421.8352028364384,97
2024-09-19 13:29:41.378000,421.79731354273207,104
2024-09-19 13:29:41.390000,421.8379406063648,1001
2024-09-19 13:29:41.401000,421.77083770817165,105
2024-09-19 13:29:41.409000,421.85298967458175,8
2024-09-19 13:29:41.432000,421.7726580352718,13
2024-09-19 13:29:41.446000,421.79574313884575,96
2024-09-19 13:29:41.458000,421.8138259288585,12
2024-09-19 13:29:41.515000,421.83316305791,7
2024-09-19 13:29:41.527000,421.7528114963292,99
2024-09-19 13:29:41.543000,421.8427973675928,99
2024-09-19 13:29:41.550000,421.80680874987473,11
2024-09-19 13:29:41.554000,421.8568629231545,8
2024-09-19 13:29:41.623000,421.8003671249378,104
2024-09-19 13:29:41.633000,421.76674036193725,997
2024-09-19 13:29:41.658000,421.758838323813,98
2024-09-19 13:29:41.862000,421.75890092147705,105
2024-09-19 13:29:41.920000,421.84063549821616,98
2024-09-19 13:29:41.989000,421.7601758240028,103
2024-09-19 13:29:42.012000,421.83435289367736,15
2024-09-19 13:29:42.015000,421.8225205823687,9
2024-09-19 13:29:42.016000,421.8597799234062,6
2024-09-19 13:29:42.037000,421.82613768601385,998
2024-09-19 13:29:42.224000,421.8250772125888,14
2024-09-19 13:29:42.232000,421.8778163974579,7
2024-09-19 13:29:42.241000,421.8200372118242,8
2024-09-19 13:29:42.241000,421.803517616974,104
2024-09-19 13:29:42.250000,421.92008126611074,102
2024-09-19 13:29:42.250000,421.7710021090297,99
2024-09-19 13:29:42.283000,421.85541625142776,101
2024-09-19 13:29:42.305000,421.8089794010233,101
2024-09-19 13:29:42.309000,421.850320163544,105
2024-09-19 13:29:42.330000,421.87954334489774,99
2024-09-19 13:29:42.371000,421.7765382233985,95
2024-09-19 13:29:42.376000,421.8183804724033,999
2024-09-19 13:29:42.392000,421.8084792259788,996
2024-09-19 13:29:42.517000,421.8486167495646,12
2024-09-19 13:29:42.609000,421.8053719752453,97
2024-09-19 13:29:42.651000,421.79571320279257,8
2024-09-19 13:29:42.744000,421.845756429542,998
2024-09-19 13:29:42.772000,421.76225746141375,101
2024-09-19 13:29:42.825000,421.75796265751256,1001
2024-09-19 13:29:42.852000,421.7985552973671,1000
2024-09-19 13:29:42.856000,421.8268395785439,1005
2024-09-19 13:29:42.868000,421.8175279828296,8
2024-09-19 13:29:42.964000,421.7911232141111,1003
2024-09-19 13:29:42.970000,421.8372257784783,102
2024-09-19 13:29:42.988000,421.89000352409727,1000
2024-09-19 13:29:42.999000,421.8303511329984,105
2024-09-19 13:29:43.195000,421.92239539477697,95
2024-09-19 13:29:43.486000,421.9463831262555,11
2024-09-19 13:29:43.498000,421.9192721703344,1002
2024-09-19 13:29:43.532000,421.944682986185,99
2024-09-19 13:29:43.566000,421.9356317358533,1001
2024-09-19 13:29:43.725000,421.9345432652992,13
2024-09-19 13:29:43.754000,421.9198918014445,96
2024-09-19 13:29:43.795000,421.9282936345909,15
2024-09-19 13:29:43.802000,421.9224964630829,7
2024-09-19 13:29:43.822000,421.9234942911264,99
2024-09-19 13:29:43.909000,421.9417378186008,102
2024-09-19 13:29:44.080000,421.9081149122972,1001
2024-09-19 13:29:44.110000,421.893833234568,100
2024-09-19 13:29:44.184000,421.9032283507045,1001
2024-09-19 13:29:44.221000,421.9111233733685,13
2024-09-19 13:29:44.254000,421.90886830982737,999
2024-09-19 13:29:44.288000,421.9118424442552,99
2024-09-19 13:29:44.545000,421.9037428625255,6
2024-09-19 13:29:44.639000,421.8961691089024,9
2024-09-19 13:29:44.648000,421.91302546425896,102
2024-09-19 13:29:44.717000,421.8985183400132,12
2024-09-19 13:29:44.825000,421.9074550887996,11
2024-09-19 13:29:44.905000,421.9234391671158,105
2024-09-19 13:29:44.912000,421.9169662932269,99
2024-09-19 13:29:45.012000,421.97439736369466,12
2024-09-19 13:29:45.013000,421.96054343901824,9
2024-09-19 13:29:45.081000,421.90781135233067,105
2024-09-19 13:29:45.101000,421.9050202213325,11
2024-09-19 13:29:45.176000,421.8861862622695,101
2024-09-19 13:29:45.277000,421.9113874687176,995
2024-09-19 13:29:45.325000,421.9567095755685,99
2024-09-19 13:29:45.331000,421.9154354221856,1002
2024-09-19 13:29:45.342000,421.8845742303208,1003
2024-09-19 13:29:45.349000,421.96598130415776,7
2024-09-19 13:29:45.369000,421.88841474620506,104
2024-09-19 13:29:45.464000,421.89888881039707,98
2024-09-19 13:29:45.479000,421.9366779479311,10
2024-09-19 13:29:45.497000,421.8998947297926,11
2024-09-19 13:29:45.514000,421.8866652593095,99
2024-09-19 13:29:45.582000,421.92276810664254,11
2024-09-19 13:29:45.599000,421.9623392695026,97
2024-09-19 13:29:45.604000,421.971950237876,103
2024-09-19 13:29:45.628000,421.96335003800255,7
2024-09-19 13:29:45.709000,421.9613649089322,103
2024-09-19 13:29:45.777000,421.9750216930685,9
2024-09-19 13:29:45.792000,421.87420824709966,1003
2024-09-19 13:29:45.822000,421.9688838725564,7
2024-09-19 13:29:45.822000,421.9100519061818,13
2024-09-19 13:29:45.848000,421.9041341776136,15
2024-09-19 13:29:45.873000,421.9577159072103,99
2024-09-19 13:29:45.948000,421.93365425691593,7
2024-09-19 13:29:45.950000,421.9685732117834,1002
2024-09-19 13:29:45.970000,421.97384168170873,97
2024-09-19 13:29:45.985000,421.8786201568022,102
2024-09-19 13:29:46.048000,421.9886606549356,995
2024-09-19 13:29:46.113000,421.9637814697129,5
2024-09-19 13:29:46.135000,421.9830924663376,7
2024-09-19 13:29:46.144000,421.98509251136846,995
2024-09-19 13:29:46.179000,421.98685836159984,8
2024-09-19 13:29:46.195000,421.981868428952,997
2024-09-19 13:29:46.195000,421.9962386213307,998
2024-09-19 13:29:46.223000,421.97421839124826,98
2024-09-19 13:29:46.267000,422.00601548355087,8
2024-09-19 13:29:46.306000,421.99624720573183,6
2024-09-19 13:29:46.340000,421.9903777151581,95
2024-09-19 13:29:46.344000,422.0097205811167,1000
2024-09-19 13:29:46.396000,421.9777819032478,105
2024-09-19 13:29:46.417000,421.9692084747379,95
2024-09-19 13:29:46.425000,421.9849644796635,99
2024-09-19 13:29:46.426000,421.98436659952654,1003
2024-09-19 13:29:46.436000,421.9875971249464,100
2024-09-19 13:29:46.498000,421.96935099339305,997
2024-09-19 13:29:46.531000,422.0158710519123,8
2024-09-19 13:29:46.555000,421.98302350203306,996
2024-09-19 13:29:46.633000,421.9954991709126,103
2024-09-19 13:29:46.847000,421.9885279470976,1001
2024-09-19 13:29:46.847000,421.9838874332106,96
2024-09-19 13:29:46.868000,421.9759480731659,997
2024-09-19 13:29:46.905000,421.9769622286878,101
2024-09-19 13:29:46.913000,421.99367244794655,999
2024-09-19 13:29:46.942000,422.0048527454517,13
2024-09-19 13:29:46.978000,421.9863363665021,7
2024-09-19 13:29:48.100000,421.9963758247206,105
2024-09-19 13:29:48.216000,422.010663388619,105
2024-09-19 13:29:48.256000,422.0006726689928,997
2024-09-19 13:29:48.271000,421.9721000182897,996
2024-09-19 13:29:48.286000,421.98015916360015,6
2024-09-19 13:29:48.303000,422.0208699283808,6
2024-09-19 13:29:48.389000,422.015921368365,97
2024-09-19 13:29:48.501000,421.9851303966713,98
2024-09-19 13:29:48.542000,422.0243829640441,103
2024-09-19 13:29:48.753000,422.0006607281389,15
2024-09-19 13:29:48.814000,421.9619885468115,1001
2024-09-19 13:29:49.075000,421.9999335886608,101
2024-09-19 13:29:49.105000,422.01470088284776,1000
2024-09-19 13:29:49.138000,422.0254765211184,96
2024-09-19 13:29:49.211000,422.0177583334752,100
2024-09-19 13:29:49.218000,422.02808440140825,1003
2024-09-19 13:29:49.314000,422.01275356792434,103
2024-09-19 13:29:49.329000,422.0797487989329,11
2024-09-19 13:29:49.395000,422.0170842835293,1004
2024-09-19 13:29:49.404000,421.995199254094,996
2024-09-19 13:29:49.407000,421.9985061058522,997
2024-09-19 13:29:49.409000,421.9898518827834,1004
2024-09-19 13:29:49.417000,422.01678184103775,102
2024-09-19 13:29:49.449000,422.06272935263263,12
2024-09-19 13:29:49.472000,422.0141027256834,104
2024-09-19 13:29:49.479000,421.98721149893765,96
2024-09-19 13:29:49.542000,422.0077602791605,999
2024-09-19 13:29:49.557000,421.9857606056895,13
2024-09-19 13:29:49.565000,422.0020914739487,15
2024-09-19 13:29:49.577000,422.0115457154544,11
2024-09-19 13:29:49.603000,421.9878308622039,1001
2024-09-19 13:29:49.676000,422.0103161155398,995
2024-09-19 13:29:49.681000,421.9977594816454,995
2024-09-19 13:29:49.840000,422.01109258929927,11
2024-09-19 13:29:49.863000,421.9969748879842,11
2024-09-19 13:29:49.881000,422.0115490509583,96
2024-09-19 13:29:49.881000,422.0022317099655,15
2024-09-19 13:29:49.889000,422.00504322793233,97
2024-09-19 13:29:49.898000,422.01504664845663,997
2024-09-19 13:29:49.959000,421.9858096981532,9
2024-09-19 13:29:50.024000,422.0780791988472,1003
2024-09-19 13:29:50.040000,422.0126399903476,95
2024-09-19 13:29:50.086000,422.070948389221,102
2024-09-19 13:29:50.137000,422.0671680693204,14
2024-09-19 13:29:50.185000,422.0793514855837,97
2024-09-19 13:29:50.263000,422.03199126966535,97
2024-09-19 13:29:50.316000,422.0609274089031,102
2024-09-19 13:29:50.398000,422.0809964118631,13
2024-09-19 13:29:50.400000,422.0626919213479,1003
2024-09-19 13:29:50.475000,422.03149731700427,104
2024-09-19 13:29:50.522000,422.0235293261293,104
2024-09-19 13:29:50.546000,422.0789817067836,95
2024-09-19 13:29:50.626000,422.02698831093534,97
2024-09-19 13:29:50.804000,422.0501590136658,13
2024-09-19 13:29:50.867000,422.0800566992622,5
2024-09-19 13:29:50.897000,422.0561665975618,997
2024-09-19 13:29:50.934000,422.0022417595143,15
2024-09-19 13:29:51.092000,421.96984052670047,15
2024-09-19 13:29:51.139000,421.966551057106,15
2024-09-19 13:29:51.142000,421.9144487503128,100
2024-09-19 13:29:51.177000,421.9170624506384,999
2024-09-19 13:29:51.222000,421.9153936797381,7
2024-09-19 13:29:51.325000,421.9666432621282,12
2024-09-19 13:29:51.406000,421.88321186121067,105
2024-09-19 13:29:51.472000,421.9350142226877,995
2024-09-19 13:29:51.512000,421.9326206686806,1002
2024-09-19 13:29:51.515000,421.92608008122,5
2024-09-19 13:29:51.578000,421.98967373717744,1001
2024-09-19 13:29:51.616000,421.9521402296038,97
2024-09-19 13:29:51.638000,421.9716963215551,96
2024-09-19 13:29:51.641000,421.8952391765429,13
2024-09-19 13:29:51.665000,421.8882894560184,96
2024-09-19 13:29:51.752000,421.9720972999279,999
2024-09-19 13:29:51.827000,421.9386620987009,104
2024-09-19 13:29:51.833000,421.9049333510145,104
2024-09-19 13:29:51.835000,421.92116965244526,1002
2024-09-19 13:29:51.887000,421.89342470353824,104
2024-09-19 13:29:51.945000,421.9745731863531,7
2024-09-19 13:29:51.963000,421.9432513014291,1000
2024-09-19 13:29:51.973000,421.96682028317673,95
2024-09-19 13:29:52.294000,421.94923534738473,1003
2024-09-19 13:29:52.834000,421.9476654875087,12
2024-09-19 13:29:52.948000,421.9536604912486,101
2024-09-19 13:29:53.001000,421.8890910037014,1001
2024-09-19 13:29:53.015000,421.9335017410404,999
2024-09-19 13:29:53.018000,421.929419564817,998
2024-09-19 13:29:53.033000,421.9104453467187,1002
2024-09-19 13:29:53.087000,421.93524654057165,99
2024-09-19 13:29:53.146000,421.9218952161248,100
2024-09-19 13:29:53.152000,421.9078904481205,11
2024-09-19 13:29:53.163000,421.92568761273736,995
2024-09-19 13:29:53.170000,421.9361038790831,98
2024-09-19 13:29:53.273000,421.88897141527553,15
2024-09-19 13:29:53.277000,421.89354438995855,102
2024-09-19 13:29:53.291000,421.9088767117128,96
2024-09-19 13:29:53.314000,421.9120478468489,997
2024-09-19 13:29:53.352000,421.9216021863712,995
2024-09-19 13:29:53.393000,421.9389340510587,8
2024-09-19 13:29:53.408000,421.91873345812286,97
2024-09-19 13:29:53.423000,421.9390070778616,1003
2024-09-19 13:29:53.466000,421.9516031142799,15
2024-09-19 13:29:53.514000,421.9213513583026,1005
2024-09-19 13:29:53.537000,421.92274722647,104
2024-09-19 13:29:53.547000,421.9019497481205,9
2024-09-19 13:29:53.606000,421.9095366625497,11
2024-09-19 13:29:53.638000,421.91580408716027,102
2024-09-19 13:29:53.701000,421.9271895056693,14
2024-09-19 13:29:53.813000,421.9258134331045,7
2024-09-19 13:29:53.824000,421.9240002257613,15
2024-09-19 13:29:53.894000,421.8957416063264,1005
2024-09-19 13:29:53.943000,421.9220322660359,997
2024-09-19 13:29:54.027000,421.8167546438528,1005
2024-09-19 13:29:54.112000,421.849126292213,100
2024-09-19 13:29:54.115000,421.8880409749266,1002
2024-09-19 13:29:54.121000,421.9081360073769,13
2024-09-19 13:29:54.144000,421.9005921945956,1003
2024-09-19 13:29:54.164000,421.8972170188042,7
2024-09-19 13:29:54.183000,421.90648829724194,996
2024-09-19 13:29:54.230000,421.9031525288733,997
2024-09-19 13:29:54.239000,421.901127200539,999
2024-09-19 13:29:54.248000,421.9098591863073,997
2024-09-19 13:29:54.267000,421.8813193591748,999
2024-09-19 13:29:54.275000,421.9117593870879,1004
2024-09-19 13:29:54.315000,421.84849783620217,5
2024-09-19 13:29:54.316000,421.8274950300729,996
2024-09-19 13:29:54.386000,421.87506944172935,100
2024-09-19 13:29:54.420000,421.8492930939275,998
2024-09-19 13:29:54.424000,421.9052872405011,11
2024-09-19 13:29:54.441000,421.87497984329895,11
2024-09-19 13:29:54.481000,421.9097268876168,1003
2024-09-19 13:29:54.523000,421.8678656707776,97
2024-09-19 13:29:54.558000,421.9347784554501,1005
2024-09-19 13:29:54.563000,421.8864121410794,996
2024-09-19 13:29:54.661000,421.9021130224482,996
2024-09-19 13:29:54.678000,421.8333267540687,997
2024-09-19 13:29:54.765000,421.87653805849976,103
2024-09-19 13:29:54.779000,421.9105205661278,1005
2024-09-19 13:29:54.895000,421.9112804026333,104
2024-09-19 13:29:54.986000,421.92437345458194,101
2024-09-19 13:29:55.095000,421.8585007747691,97
2024-09-19 13:29:55.140000,421.8067664022743,7
2024-09-19 13:29:55.170000,421.82368684371255,103
2024-09-19 13:29:55.273000,421.8341996576788,995
2024-09-19 13:29:55.308000,421.79818911007146,103
2024-09-19 13:29:55.337000,421.8164610730577,996
2024-09-19 13:29:55.340000,421.8200805753877,105
2024-09-19 13:29:55.340000,421.8307058343912,95
2024-09-19 13:29:55.379000,421.8144005267509,999
2024-09-19 13:29:55.424000,421.7922768177135,995
2024-09-19 13:29:55.428000,421.8400431567515,99
2024-09-19 13:29:55.432000,421.8160669952041,999
2024-09-19 13:29:55.445000,421.78956065414434,105
2024-09-19 13:29:55.630000,421.7996512785281,14
2024-09-19 13:29:55.657000,421.8053625500903,96
2024-09-19 13:29:55.696000,421.81627525966337,8
2024-09-19 13:29:55.737000,421.8287120009735,101
2024-09-19 13:29:55.818000,421.8072243245912,95
2024-09-19 13:29:55.823000,421.7943869632471,1002
2024-09-19 13:29:55.829000,421.84784030717447,105
2024-09-19 13:29:55.882000,421.8214095106243,995
2024-09-19 13:29:55.891000,421.7968514977906,1004
2024-09-19 13:29:55.928000,421.7965121300852,96
2024-09-19 13:29:55.983000,421.8279613296747,97
2024-09-19 13:29:56.063000,421.7617299253652,11
2024-09-19 13:29:56.137000,421.8056932959437,100
2024-09-19 13:29:56.155000,421.7149126889149,9
2024-09-19 13:29:56.184000,421.7595126598036,998
2024-09-19 13:29:56.192000,421.8194707069328,8
2024-09-19 13:29:56.310000,421.7552442726001,12
2024-09-19 13:29:56.324000,421.7316951256176,105
2024-09-19 13:29:56.329000,421.75586745736587,104
2024-09-19 13:29:56.362000,421.7558535559444,105
2024-09-19 13:29:56.448000,421.7585601050886,98
2024-09-19 13:29:56.594000,421.7709197278058,6
2024-09-19 13:29:56.624000,421.7651236912292,1003
2024-09-19 13:29:56.633000,421.7975193200227,998
2024-09-19 13:29:56.634000,421.8008890023365,997
2024-09-19 13:29:56.654000,421.7204494499487,996
2024-09-19 13:29:56.656000,421.7663234038356,1005
2024-09-19 13:29:56.703000,421.71086766321,13
2024-09-19 13:29:56.733000,421.760516960165,14
2024-09-19 13:29:56.785000,421.80011037768,103
2024-09-19 13:29:56.788000,421.7932994917056,998
2024-09-19 13:29:56.865000,421.78940762816353,104
2024-09-19 13:29:56.883000,421.7276302919779,99
2024-09-19 13:29:57.394000,421.7419310323999,15
2024-09-19 13:29:57.474000,421.7354236874053,96
2024-09-19 13:29:58.021000,421.6703639739012,6
2024-09-19 13:29:58.073000,421.6738135831301,103
2024-09-19 13:29:58.147000,421.67226816263457,100
2024-09-19 13:29:58.201000,421.6249411888938,103
2024-09-19 13:29:58.208000,421.6756685271144,1000
2024-09-19 13:29:58.256000,421.6760623824303,15
2024-09-19 13:29:58.271000,421.6478239063084,1004
2024-09-19 13:29:58.272000,421.7217585645639,998
2024-09-19 13:29:58.287000,421.676221774952,11
2024-09-19 13:29:58.329000,421.6232125613515,102
2024-09-19 13:29:58.356000,421.6779276401626,103
2024-09-19 13:29:58.395000,421.6522594512541,999
2024-09-19 13:29:58.439000,421.6312869770279,96
2024-09-19 13:29:58.464000,421.6687737739037,14
2024-09-19 13:29:58.470000,421.6730948629397,103
2024-09-19 13:29:58.550000,421.6362084258459,1001
2024-09-19 13:29:58.597000,421.676303879131,1001
2024-09-19 13:29:58.652000,421.6755792980283,1001
2024-09-19 13:29:58.671000,421.6687972168221,1002
2024-09-19 13:29:58.676000,421.6423886642718,104
2024-09-19 13:29:58.730000,421.6677009042869,97
2024-09-19 13:29:58.732000,421.69329169482273,105
2024-09-19 13:29:58.744000,421.6624455201233,1005
2024-09-19 13:29:58.851000,421.681329354172,105
2024-09-19 13:29:58.861000,421.67169548891,15
2024-09-19 13:29:58.896000,421.69372640192927,102
2024-09-19 13:29:58.919000,421.6766768634538,11
2024-09-19 13:29:58.986000,421.6233256861978,96
2024-09-19 13:29:59.052000,421.6051151713882,10
2024-09-19 13:29:59.066000,421.6552599982896,1003
2024-09-19 13:29:59.072000,421.6451881328006,12
2024-09-19 13:29:59.146000,421.6270289153648,103
2024-09-19 13:29:59.229000,421.63544910473377,996
2024-09-19 13:29:59.281000,421.6140114257863,6
2024-09-19 13:29:59.381000,421.64679769957297,1002
2024-09-19 13:29:59.569000,421.6437663551408,102
2024-09-19 13:29:59.613000,421.63534275227966,101
2024-09-19 13:29:59.657000,421.6281552652115,1002
2024-09-19 13:29:59.691000,421.6745915622871,100
2024-09-19 13:29:59.695000,421.66166639458686,96
2024-09-19 13:29:59.767000,421.6205724624038,997
2024-09-19 13:29:59.793000,421.6356454590805,7
2024-09-19 13:29:59.878000,421.6667650577921,7
2024-09-19 13:29:59.982000,421.6602251162929,999
