Timestamp,Price,Size
2024-09-19 11:55:00.025000,421.7869068679656,1000
2024-09-19 11:55:00.062000,421.7637051666817,100
2024-09-19 11:55:00.091000,421.7647651541844,9
2024-09-19 11:55:00.143000,421.7364768079008,10
2024-09-19 11:55:00.241000,421.7684506328924,101
2024-09-19 11:55:00.246000,421.7685072033814,104
2024-09-19 11:55:00.248000,421.7518624845602,1002
2024-09-19 11:55:00.249000,421.7352495623151,95
2024-09-19 11:55:00.252000,421.7413687600737,997
2024-09-19 11:55:00.414000,421.7687846399928,105
2024-09-19 11:55:00.427000,421.78814791695976,102
2024-09-19 11:55:00.510000,421.7496092176264,1003
2024-09-19 11:55:00.556000,421.7579981272963,1002
2024-09-19 11:55:00.592000,421.76002975709,96
2024-09-19 11:55:00.595000,421.7445199298759,105
2024-09-19 11:55:00.630000,421.75877110245335,95
2024-09-19 11:55:00.719000,421.74393959734346,14
2024-09-19 11:55:00.725000,421.7535632125392,13
2024-09-19 11:55:00.753000,421.7914871683065,999
2024-09-19 11:55:00.758000,421.7810303482103,13
2024-09-19 11:55:00.766000,421.750508437868,101
2024-09-19 11:55:00.798000,421.730796874919,98
2024-09-19 11:55:00.832000,421.7941608280857,11
2024-09-19 11:55:00.885000,421.7386496143386,7
2024-09-19 11:55:00.927000,421.7356288237125,1001
2024-09-19 11:55:00.955000,421.7688329747359,105
2024-09-19 11:55:00.992000,421.7570865241932,102
2024-09-19 11:55:01.217000,421.7431136715647,1001
2024-09-19 11:55:01.332000,421.72942494957306,6
2024-09-19 11:55:01.375000,421.7417620467885,97
2024-09-19 11:55:01.493000,421.7328766938704,10
2024-09-19 11:55:01.679000,421.7380550624834,104
2024-09-19 11:55:01.723000,421.7633432604606,5
2024-09-19 11:55:02.001000,421.7945710350933,103
2024-09-19 11:55:02.006000,421.7487388230505,995
2024-09-19 11:55:02.101000,421.78027209097615,96
2024-09-19 11:55:02.170000,421.780302397105,1003
2024-09-19 11:55:02.201000,421.7945315484279,95
2024-09-19 11:55:02.268000,421.7442611185724,11
2024-09-19 11:55:02.273000,421.8069202358318,1003
2024-09-19 11:55:02.312000,421.74642746502303,97
2024-09-19 11:55:02.340000,421.80018521045184,998
2024-09-19 11:55:02.345000,421.77285758411614,11
2024-09-19 11:55:02.407000,421.7805070850481,996
2024-09-19 11:55:02.431000,421.74619420169455,1001
2024-09-19 11:55:02.479000,421.74534300311177,8
2024-09-19 11:55:02.501000,421.7875715685121,998
2024-09-19 11:55:02.527000,421.7932167273467,101
2024-09-19 11:55:02.538000,421.74473283433554,1005
2024-09-19 11:55:02.678000,421.7961884432518,995
2024-09-19 11:55:02.689000,421.7792719556895,997
2024-09-19 11:55:02.754000,421.7743590907008,100
2024-09-19 11:55:02.759000,421.7640296660628,1002
2024-09-19 11:55:02.814000,421.7503907799773,103
2024-09-19 11:55:02.840000,421.79677680102486,96
2024-09-19 11:55:02.871000,421.7465591056118,11
2024-09-19 11:55:02.941000,421.7650859265816,6
2024-09-19 11:55:02.943000,421.77752480545456,999
2024-09-19 11:55:03.128000,421.769810992145,1003
2024-09-19 11:55:03.347000,421.7760868435671,997
2024-09-19 11:55:03.357000,421.8045552714553,13
2024-09-19 11:55:03.565000,421.7844687396618,7
2024-09-19 11:55:03.677000,421.8064375371227,7
2024-09-19 11:55:03.872000,421.7679121670145,104
2024-09-19 11:55:04.122000,421.8432669896408,8
2024-09-19 11:55:04.229000,421.8491546947282,999
2024-09-19 11:55:04.234000,421.8538643526244,12
2024-09-19 11:55:04.315000,421.8485786932348,1005
2024-09-19 11:55:04.374000,421.853577916752,5
2024-09-19 11:55:04.401000,421.83575606369993,996
2024-09-19 11:55:04.417000,421.81784071851104,104
2024-09-19 11:55:04.448000,421.8045195592733,6
2024-09-19 11:55:04.450000,421.84134016595846,95
2024-09-19 11:55:04.454000,421.83009642155247,996
2024-09-19 11:55:04.462000,421.83242881893534,11
2024-09-19 11:55:04.636000,421.87702683095887,103
2024-09-19 11:55:04.650000,421.82292907601874,9
2024-09-19 11:55:04.666000,421.87756521596725,96
2024-09-19 11:55:04.738000,421.8477341643061,95
2024-09-19 11:55:04.760000,421.8233967922086,12
2024-09-19 11:55:04.764000,421.8270974342392,1000
2024-09-19 11:55:04.806000,421.7993165328488,13
2024-09-19 11:55:04.888000,421.8473547912192,96
2024-09-19 11:55:04.908000,421.8133480061436,1000
2024-09-19 11:55:04.965000,421.85270253537664,104
2024-09-19 11:55:05.017000,421.915522994097,11
2024-09-19 11:55:05.071000,421.92134493188536,13
2024-09-19 11:55:05.124000,421.9618458034221,999
2024-09-19 11:55:05.130000,421.944338483816,7
2024-09-19 11:55:05.136000,421.9380964267321,9
2024-09-19 11:55:05.303000,421.9505014184684,8
2024-09-19 11:55:05.372000,421.9413102464352,13
2024-09-19 11:55:05.376000,421.9556562173032,103
2024-09-19 11:55:05.381000,421.9778936933364,8
2024-09-19 11:55:05.461000,421.9578988921229,11
2024-09-19 11:55:05.495000,421.9068049987552,1000
2024-09-19 11:55:05.525000,421.8830834874696,998
2024-09-19 11:55:05.763000,421.9514416089962,95
2024-09-19 11:55:05.764000,421.96502610564346,997
2024-09-19 11:55:05.852000,421.9577500921092,99
2024-09-19 11:55:05.884000,421.919985095518,15
2024-09-19 11:55:05.964000,421.9123152109012,102
2024-09-19 11:55:05.966000,421.9003451110264,1002
2024-09-19 11:55:05.968000,421.9013526528212,1003
2024-09-19 11:55:06.183000,421.99522108588224,96
2024-09-19 11:55:06.230000,421.9834689427408,102
2024-09-19 11:55:06.237000,421.9687354780592,9
2024-09-19 11:55:06.494000,421.98660124246186,996
2024-09-19 11:55:06.637000,421.9968421390585,95
2024-09-19 11:55:06.657000,421.9748833928891,102
2024-09-19 11:55:06.962000,421.9679592864511,5
2024-09-19 11:55:07.005000,422.01016239467214,6
2024-09-19 11:55:07.029000,421.9937104591239,7
2024-09-19 11:55:07.166000,421.9969821378611,1000
2024-09-19 11:55:07.247000,421.9994009247735,13
2024-09-19 11:55:07.270000,422.0089094519323,98
2024-09-19 11:55:07.274000,421.9708957098381,99
2024-09-19 11:55:07.359000,422.0196409420327,999
2024-09-19 11:55:07.380000,422.000298444258,11
2024-09-19 11:55:07.424000,422.0426757368588,96
2024-09-19 11:55:07.474000,422.03328733267927,997
2024-09-19 11:55:07.513000,422.03838950936006,105
2024-09-19 11:55:07.546000,422.0239130053393,6
2024-09-19 11:55:07.684000,422.0111830907396,12
2024-09-19 11:55:07.726000,422.0176094861539,102
2024-09-19 11:55:07.733000,422.0470639658285,7
2024-09-19 11:55:07.752000,421.9852325458215,7
2024-09-19 11:55:07.782000,422.00147737569614,100
2024-09-19 11:55:07.830000,422.00797470591726,1005
2024-09-19 11:55:07.906000,421.98669510616526,1000
2024-09-19 11:55:08.104000,422.0251798331661,12
2024-09-19 11:55:08.488000,422.0366668941697,1005
2024-09-19 11:55:08.806000,422.0423944025373,11
2024-09-19 11:55:09.932000,422.0386026729146,97
2024-09-19 11:55:10,422.0433963351872,11
2024-09-19 11:55:10.030000,422.03729769909074,1001
2024-09-19 11:55:10.053000,422.0015848198631,98
2024-09-19 11:55:10.121000,422.03755335563966,9
2024-09-19 11:55:10.126000,422.03296295654815,98
2024-09-19 11:55:10.150000,422.0323146687028,96
2024-09-19 11:55:10.336000,422.0395673068494,9
2024-09-19 11:55:10.349000,422.03204924420953,95
2024-09-19 11:55:10.367000,422.060411145153,13
2024-09-19 11:55:10.396000,422.0522524398194,8
2024-09-19 11:55:10.401000,422.0182396590624,13
2024-09-19 11:55:10.513000,422.0304807731498,12
2024-09-19 11:55:10.903000,422.0267380657887,105
2024-09-19 11:55:10.916000,422.0254130672337,997
2024-09-19 11:55:10.943000,422.0346309505066,97
2024-09-19 11:55:10.952000,422.01923396363634,1000
2024-09-19 11:55:10.981000,422.01829814530674,98
2024-09-19 11:55:11.633000,422.02505001390944,95
2024-09-19 11:55:12.107000,422.0504101926376,14
2024-09-19 11:55:12.129000,422.02598064773935,101
2024-09-19 11:55:12.231000,422.0421634134101,101
2024-09-19 11:55:12.317000,422.0542085176593,101
2024-09-19 11:55:12.419000,422.0348183592741,6
2024-09-19 11:55:12.666000,422.0547780325769,995
2024-09-19 11:55:12.672000,422.0336590299125,13
2024-09-19 11:55:12.814000,422.0379474959904,11
2024-09-19 11:55:12.833000,422.0608194483081,95
2024-09-19 11:55:12.894000,422.0470370177693,995
2024-09-19 11:55:12.901000,422.03940749516335,997
2024-09-19 11:55:12.930000,422.044453925797,998
2024-09-19 11:55:12.949000,422.0236180959203,1000
2024-09-19 11:55:13.012000,422.0523668261643,95
2024-09-19 11:55:13.049000,422.0258791393632,1003
2024-09-19 11:55:13.174000,422.0009389253027,7
2024-09-19 11:55:13.180000,422.05241064645054,101
2024-09-19 11:55:13.195000,422.0362246145863,13
2024-09-19 11:55:13.202000,422.0430589169391,104
2024-09-19 11:55:13.357000,422.0380178637807,101
2024-09-19 11:55:13.363000,422.0077663205538,103
2024-09-19 11:55:13.378000,422.0729784489516,5
2024-09-19 11:55:13.420000,422.0335437543653,11
2024-09-19 11:55:13.570000,422.0635454134956,1002
2024-09-19 11:55:13.613000,422.0306820441269,7
2024-09-19 11:55:13.674000,422.052964513173,995
2024-09-19 11:55:13.675000,422.0555059788994,1000
2024-09-19 11:55:13.724000,422.0160529801108,999
2024-09-19 11:55:13.747000,422.0827412444433,998
2024-09-19 11:55:13.857000,422.0467228137991,99
2024-09-19 11:55:13.868000,422.053004269246,103
2024-09-19 11:55:13.925000,422.0337597764437,8
2024-09-19 11:55:13.939000,422.0108870963836,99
2024-09-19 11:55:14.122000,421.9806015762674,99
2024-09-19 11:55:14.155000,421.9445812394215,5
2024-09-19 11:55:14.170000,421.9291906290853,9
2024-09-19 11:55:14.201000,421.8888048332734,999
2024-09-19 11:55:14.302000,421.9072163336559,998
2024-09-19 11:55:14.394000,422.0033586551082,15
2024-09-19 11:55:14.407000,422.0049421075028,11
2024-09-19 11:55:14.428000,422.0069966293102,10
2024-09-19 11:55:14.431000,421.8930568827553,11
2024-09-19 11:55:14.436000,421.9296753289862,102
2024-09-19 11:55:14.491000,422.0077556139285,997
2024-09-19 11:55:14.498000,422.0137396562363,105
2024-09-19 11:55:14.514000,421.9160342752011,104
2024-09-19 11:55:14.560000,421.9655465182395,12
2024-09-19 11:55:14.692000,422.00573612664215,12
2024-09-19 11:55:14.694000,421.91291367252535,11
2024-09-19 11:55:14.711000,421.99929785710646,12
2024-09-19 11:55:14.722000,422.002096121378,1002
2024-09-19 11:55:14.737000,421.9851093400763,13
2024-09-19 11:55:14.753000,421.9224902109775,97
2024-09-19 11:55:14.768000,422.0119343239919,104
2024-09-19 11:55:14.835000,421.9542131603485,996
2024-09-19 11:55:14.844000,421.9200773507936,14
2024-09-19 11:55:14.891000,421.9529424036117,100
2024-09-19 11:55:14.900000,422.0011342493464,104
2024-09-19 11:55:14.971000,422.0143240010147,13
2024-09-19 11:55:15.802000,421.8951911001144,11
2024-09-19 11:55:16.018000,421.87452590145415,1005
2024-09-19 11:55:16.132000,421.86981898240055,1002
2024-09-19 11:55:16.149000,421.8294115444627,11
2024-09-19 11:55:16.193000,421.9010221630032,101
2024-09-19 11:55:16.215000,421.82987750841113,1004
2024-09-19 11:55:16.461000,421.86405731040736,998
2024-09-19 11:55:16.581000,421.8949615652269,12
2024-09-19 11:55:16.729000,421.8429225985773,1000
2024-09-19 11:55:16.930000,421.8708379143864,100
2024-09-19 11:55:17.065000,421.84323889982056,998
2024-09-19 11:55:17.200000,421.824641558931,105
2024-09-19 11:55:17.347000,421.8851156564709,13
2024-09-19 11:55:17.349000,421.8866130637841,100
2024-09-19 11:55:17.377000,421.8619576729714,1002
2024-09-19 11:55:17.399000,421.8664133073681,1003
2024-09-19 11:55:17.414000,421.8246585484196,998
2024-09-19 11:55:17.431000,421.8526228480127,1005
2024-09-19 11:55:17.578000,421.8849593456537,14
2024-09-19 11:55:17.594000,421.8643513340368,11
2024-09-19 11:55:17.624000,421.8739051569141,11
2024-09-19 11:55:17.626000,421.8783519489983,105
2024-09-19 11:55:17.637000,421.8575029339297,9
2024-09-19 11:55:17.667000,421.8628683762493,1000
2024-09-19 11:55:17.675000,421.8772163670105,999
2024-09-19 11:55:17.715000,421.8280155372661,101
2024-09-19 11:55:17.880000,421.85414117626897,1000
2024-09-19 11:55:17.919000,421.8599739787066,14
2024-09-19 11:55:18.035000,421.875966353407,8
2024-09-19 11:55:18.139000,421.8761214714922,1005
2024-09-19 11:55:18.554000,421.877527685334,98
2024-09-19 11:55:18.676000,421.8687728076761,104
2024-09-19 11:55:18.744000,421.8866340206662,1004
2024-09-19 11:55:18.859000,421.87428344392447,9
2024-09-19 11:55:18.873000,421.86919854941794,102
2024-09-19 11:55:18.889000,421.85959775528806,1004
2024-09-19 11:55:18.903000,421.87086230635146,100
2024-09-19 11:55:19.001000,422.0022324386009,1002
2024-09-19 11:55:19.028000,421.9391849645912,13
2024-09-19 11:55:19.058000,421.9233060461975,8
2024-09-19 11:55:19.074000,421.947467077257,15
2024-09-19 11:55:19.144000,421.9310284642764,5
2024-09-19 11:55:19.172000,421.9509316218549,104
2024-09-19 11:55:19.186000,422.0132713697165,1001
2024-09-19 11:55:19.201000,421.901749979316,15
2024-09-19 11:55:19.210000,421.93157622639984,13
2024-09-19 11:55:19.227000,421.9535136768358,101
2024-09-19 11:55:19.249000,421.9989006381928,7
2024-09-19 11:55:19.306000,421.8945116677112,998
2024-09-19 11:55:19.307000,421.9405297664141,1003
2024-09-19 11:55:19.312000,421.95100725067095,101
2024-09-19 11:55:19.328000,421.93191596922935,101
2024-09-19 11:55:19.423000,422.0014312789369,10
2024-09-19 11:55:19.515000,421.94977240955626,999
2024-09-19 11:55:19.540000,421.9286264722732,99
2024-09-19 11:55:19.568000,421.9365202772626,5
2024-09-19 11:55:19.577000,421.9399568010072,1004
2024-09-19 11:55:19.687000,421.9681604312776,10
2024-09-19 11:55:19.696000,421.94325326746286,7
2024-09-19 11:55:19.828000,421.9353108612162,105
2024-09-19 11:55:19.855000,421.9952152202619,7
2024-09-19 11:55:19.921000,421.9981362726781,95
2024-09-19 11:55:19.983000,421.9301674638242,995
2024-09-19 11:55:19.999000,421.9761089954472,7
2024-09-19 11:55:20.123000,421.9927930106573,12
2024-09-19 11:55:20.237000,422.0002836819007,8
2024-09-19 11:55:20.280000,422.01224213435614,11
2024-09-19 11:55:20.289000,422.01146117575786,998
2024-09-19 11:55:20.309000,422.0171638922606,995
2024-09-19 11:55:20.350000,422.00707016908376,1005
2024-09-19 11:55:20.383000,422.0117206649184,103
2024-09-19 11:55:20.385000,422.0255970174037,95
2024-09-19 11:55:20.430000,421.9906179134804,1003
2024-09-19 11:55:20.490000,422.01760307276646,6
2024-09-19 11:55:20.499000,421.99855611261,96
2024-09-19 11:55:20.698000,422.001761263286,7
2024-09-19 11:55:20.705000,422.0232878002809,998
2024-09-19 11:55:20.738000,422.0221154128355,103
2024-09-19 11:55:20.800000,422.0017009783917,9
2024-09-19 11:55:20.905000,422.00604365918815,14
2024-09-19 11:55:21.385000,422.026094031938,105
2024-09-19 11:55:22.011000,421.9827003324076,13
2024-09-19 11:55:22.041000,421.9998931941152,9
2024-09-19 11:55:22.048000,422.0305361132173,95
2024-09-19 11:55:22.057000,422.0555598322338,96
2024-09-19 11:55:22.068000,422.0346730974388,10
2024-09-19 11:55:22.078000,422.0610860285757,997
2024-09-19 11:55:22.097000,422.04079714761457,996
2024-09-19 11:55:22.147000,422.0481269284589,5
2024-09-19 11:55:22.147000,422.04303460832256,105
2024-09-19 11:55:22.152000,422.0204276445149,99
2024-09-19 11:55:22.230000,422.0544666675794,999
2024-09-19 11:55:22.237000,422.03057425941455,996
2024-09-19 11:55:22.239000,422.0031013011616,8
2024-09-19 11:55:22.240000,422.0194828811063,15
2024-09-19 11:55:22.276000,422.033688459236,1002
2024-09-19 11:55:22.317000,422.0298950671316,11
2024-09-19 11:55:22.320000,422.0341218442704,101
2024-09-19 11:55:22.361000,422.0333497043862,6
2024-09-19 11:55:22.408000,422.0244239755904,10
2024-09-19 11:55:22.422000,422.020038927254,7
2024-09-19 11:55:22.445000,422.06097899444615,103
2024-09-19 11:55:22.486000,422.01658441111294,6
2024-09-19 11:55:22.592000,422.0266216364411,1000
2024-09-19 11:55:22.601000,421.9948186297493,105
2024-09-19 11:55:22.705000,422.0005415133453,95
2024-09-19 11:55:22.984000,421.9977286326179,103
2024-09-19 11:55:24.009000,422.0965514184278,95
2024-09-19 11:55:24.084000,422.0550920919483,998
2024-09-19 11:55:24.165000,422.13601092698894,98
2024-09-19 11:55:24.180000,422.1212313384018,995
2024-09-19 11:55:24.280000,422.094795479189,10
2024-09-19 11:55:24.283000,422.1443104252147,101
2024-09-19 11:55:24.339000,422.0157276851965,996
2024-09-19 11:55:24.377000,422.02917541882886,1001
2024-09-19 11:55:24.406000,422.0765865382298,101
2024-09-19 11:55:24.518000,422.0422082350467,103
2024-09-19 11:55:24.610000,422.1079994955144,1002
2024-09-19 11:55:24.630000,422.0640098254634,105
2024-09-19 11:55:24.750000,422.0832846709558,7
2024-09-19 11:55:24.762000,422.0692602128809,10
2024-09-19 11:55:24.782000,422.1198876284203,996
2024-09-19 11:55:24.894000,422.0360810127012,11
2024-09-19 11:55:25.178000,422.1855729654167,996
2024-09-19 11:55:25.507000,422.1580817149964,104
2024-09-19 11:55:25.878000,422.1513393977907,8
2024-09-19 11:55:27.111000,422.2436323828938,1000
2024-09-19 11:55:27.187000,422.2741957333995,15
2024-09-19 11:55:27.202000,422.22007459694953,5
2024-09-19 11:55:27.247000,422.2096715352959,13
2024-09-19 11:55:27.257000,422.2820388885858,1001
2024-09-19 11:55:27.305000,422.2922315234786,104
2024-09-19 11:55:27.359000,422.237246333054,95
2024-09-19 11:55:27.385000,422.27079956060606,8
2024-09-19 11:55:27.390000,422.23538806197024,95
2024-09-19 11:55:27.431000,422.18119711214905,6
2024-09-19 11:55:27.470000,422.2654727604864,97
2024-09-19 11:55:27.489000,422.2983958528767,9
2024-09-19 11:55:27.504000,422.2065485487835,14
2024-09-19 11:55:27.627000,422.2241370234127,5
2024-09-19 11:55:27.742000,422.2599214337639,13
2024-09-19 11:55:27.820000,422.2525840728931,100
2024-09-19 11:55:27.877000,422.2930608793226,14
2024-09-19 11:55:27.893000,422.20265613949687,14
2024-09-19 11:55:27.912000,422.28504893837055,1003
2024-09-19 11:55:27.961000,422.2496668885705,97
2024-09-19 11:55:27.994000,422.2146410616872,101
2024-09-19 11:55:28.041000,422.28241333800526,1002
2024-09-19 11:55:28.049000,422.2585217649251,8
2024-09-19 11:55:28.119000,422.2463549535444,1005
2024-09-19 11:55:28.121000,422.26875415694553,1003
2024-09-19 11:55:28.131000,422.2412437301706,11
2024-09-19 11:55:28.201000,422.2963157344188,12
2024-09-19 11:55:28.272000,422.2870107690333,9
2024-09-19 11:55:28.323000,422.2287792008733,14
2024-09-19 11:55:28.417000,422.2445150233444,1004
2024-09-19 11:55:28.449000,422.2763290463585,15
2024-09-19 11:55:28.475000,422.2907125602,15
2024-09-19 11:55:28.480000,422.3009831158557,96
2024-09-19 11:55:28.689000,422.2667800947198,11
2024-09-19 11:55:28.693000,422.2394863852287,8
2024-09-19 11:55:28.701000,422.30098839553744,5
2024-09-19 11:55:28.982000,422.2976752610935,104
2024-09-19 11:55:29.232000,422.2351078299432,998
2024-09-19 11:55:29.491000,422.2310776068641,1005
2024-09-19 11:55:30.828000,422.21109691606176,14
2024-09-19 11:55:31.044000,422.195209850001,96
2024-09-19 11:55:31.094000,422.1776017161436,98
2024-09-19 11:55:31.101000,422.19694777162414,998
2024-09-19 11:55:31.271000,422.1964165546311,6
2024-09-19 11:55:31.326000,422.2214058642684,9
2024-09-19 11:55:31.350000,422.1795499658985,997
2024-09-19 11:55:31.514000,422.2152963576696,1002
2024-09-19 11:55:31.593000,422.2187586688458,1001
2024-09-19 11:55:31.740000,422.1687756703391,15
2024-09-19 11:55:31.784000,422.1791948455442,12
2024-09-19 11:55:31.784000,422.20893913463374,996
2024-09-19 11:55:31.799000,422.19368595623087,100
2024-09-19 11:55:31.905000,422.1988536568485,101
2024-09-19 11:55:31.913000,422.2013026259528,102
2024-09-19 11:55:31.932000,422.2173657427299,1003
2024-09-19 11:55:32.333000,422.20662703988944,998
2024-09-19 11:55:32.857000,422.20710270692206,1005
2024-09-19 11:55:32.933000,422.2000867966545,103
2024-09-19 11:55:33.063000,422.1925494643333,997
2024-09-19 11:55:33.070000,422.2546698517192,1002
2024-09-19 11:55:33.107000,422.2116129182916,14
2024-09-19 11:55:33.130000,422.231018402939,99
2024-09-19 11:55:33.211000,422.2587694043247,995
2024-09-19 11:55:33.212000,422.1840283945169,100
2024-09-19 11:55:33.226000,422.2482013818657,6
2024-09-19 11:55:33.227000,422.2435161642064,15
2024-09-19 11:55:33.239000,422.19704592072617,95
2024-09-19 11:55:33.482000,422.25410313140594,105
2024-09-19 11:55:33.521000,422.2478565856477,1004
2024-09-19 11:55:33.537000,422.1891274324521,997
2024-09-19 11:55:33.557000,422.18812150324567,15
2024-09-19 11:55:33.567000,422.2352725707848,14
2024-09-19 11:55:33.686000,422.2328866815244,12
2024-09-19 11:55:33.741000,422.1922878342625,97
2024-09-19 11:55:33.809000,422.2401365842517,1000
2024-09-19 11:55:33.848000,422.24770798787193,5
2024-09-19 11:55:33.862000,422.20345690120575,15
2024-09-19 11:55:33.894000,422.206929445196,95
2024-09-19 11:55:33.918000,422.2430879917728,103
2024-09-19 11:55:33.934000,422.2474778833542,102
2024-09-19 11:55:33.969000,422.2350182473271,6
2024-09-19 11:55:34.138000,422.18445624223625,995
2024-09-19 11:55:34.587000,422.1728152210247,97
2024-09-19 11:55:35.062000,422.1696369728829,11
2024-09-19 11:55:35.095000,422.1944366338752,11
2024-09-19 11:55:35.125000,422.1956700275428,98
2024-09-19 11:55:35.221000,422.192269687744,102
2024-09-19 11:55:35.232000,422.1628998490469,5
2024-09-19 11:55:35.289000,422.18464495497903,998
2024-09-19 11:55:35.375000,422.1610456294328,100
2024-09-19 11:55:35.485000,422.1490409501802,9
2024-09-19 11:55:35.547000,422.18986402640326,102
2024-09-19 11:55:35.649000,422.185884491952,11
2024-09-19 11:55:35.733000,422.1712086827199,97
2024-09-19 11:55:36.004000,422.1690960359773,1003
2024-09-19 11:55:36.045000,422.1704322985042,997
2024-09-19 11:55:36.137000,422.1615485800788,10
2024-09-19 11:55:36.140000,422.1702655798168,11
2024-09-19 11:55:36.180000,422.173648027662,1005
2024-09-19 11:55:36.239000,422.1642962456417,99
2024-09-19 11:55:36.276000,422.1817383259727,102
2024-09-19 11:55:36.438000,422.1534485711563,999
2024-09-19 11:55:36.442000,422.1901504645541,9
2024-09-19 11:55:36.473000,422.1898765494264,8
2024-09-19 11:55:36.499000,422.1414613529639,1001
2024-09-19 11:55:36.524000,422.1802739836962,14
2024-09-19 11:55:36.564000,422.19054053684897,11
2024-09-19 11:55:36.600000,422.1737282936106,104
2024-09-19 11:55:36.797000,422.15277040345154,1001
2024-09-19 11:55:36.821000,422.1479241915053,997
2024-09-19 11:55:36.874000,422.142847781779,6
2024-09-19 11:55:36.886000,422.14144541664353,8
2024-09-19 11:55:36.886000,422.20909552844273,12
2024-09-19 11:55:37.085000,422.2424298008453,96
2024-09-19 11:55:37.178000,422.2335696457998,8
2024-09-19 11:55:37.196000,422.2496465212317,14
2024-09-19 11:55:37.268000,422.2290157882862,995
2024-09-19 11:55:37.282000,422.24837398922455,996
2024-09-19 11:55:37.313000,422.2511557390352,7
2024-09-19 11:55:37.367000,422.2190564565036,100
2024-09-19 11:55:37.561000,422.2101652102845,7
2024-09-19 11:55:37.587000,422.2331395405774,12
2024-09-19 11:55:37.764000,422.2421008652167,105
2024-09-19 11:55:37.789000,422.26742446398174,104
2024-09-19 11:55:37.903000,422.2296167938152,999
2024-09-19 11:55:37.915000,422.23250227507015,104
2024-09-19 11:55:37.950000,422.23417828734216,1001
2024-09-19 11:55:38.012000,422.2473427932429,1001
2024-09-19 11:55:38.025000,422.18088850796914,99
2024-09-19 11:55:38.079000,422.23674514061656,1005
2024-09-19 11:55:38.220000,422.22891151932873,1000
2024-09-19 11:55:38.302000,422.1894167198831,9
2024-09-19 11:55:38.354000,422.2258067553051,9
2024-09-19 11:55:38.418000,422.22593941546353,11
2024-09-19 11:55:38.443000,422.2537792177887,97
2024-09-19 11:55:38.453000,422.24635081708186,95
2024-09-19 11:55:38.475000,422.2500557034404,98
2024-09-19 11:55:38.491000,422.2574454554437,13
2024-09-19 11:55:38.549000,422.248875838153,105
2024-09-19 11:55:38.552000,422.2561172658646,5
2024-09-19 11:55:38.562000,422.26349537555865,99
2024-09-19 11:55:38.576000,422.1920282097364,995
2024-09-19 11:55:38.642000,422.2574113905607,11
2024-09-19 11:55:38.706000,422.2340243782545,101
2024-09-19 11:55:38.779000,422.24185955594777,999
2024-09-19 11:55:38.808000,422.2407013516621,1003
2024-09-19 11:55:38.822000,422.2661802394107,999
2024-09-19 11:55:38.836000,422.237703486065,997
2024-09-19 11:55:38.896000,422.2328709742162,13
2024-09-19 11:55:38.922000,422.2564520291919,102
2024-09-19 11:55:38.975000,422.2317089028232,97
2024-09-19 11:55:38.996000,422.23559823875263,105
2024-09-19 11:55:39.001000,422.1619327370095,101
2024-09-19 11:55:39.039000,422.1707889665324,998
2024-09-19 11:55:39.081000,422.1549524628645,996
2024-09-19 11:55:39.258000,422.15429031317655,13
2024-09-19 11:55:39.263000,422.1452728923977,10
2024-09-19 11:55:39.612000,422.1600488611216,103
2024-09-19 11:55:39.619000,422.1442444265446,999
2024-09-19 11:55:39.649000,422.15542675085226,1004
2024-09-19 11:55:39.838000,422.1463217083555,997
2024-09-19 11:55:39.844000,422.14210222417904,11
2024-09-19 11:55:40.025000,422.1557368876846,10
2024-09-19 11:55:40.277000,422.14617155431137,8
2024-09-19 11:55:40.481000,422.1606379808754,96
2024-09-19 11:55:40.529000,422.1606187683669,1004
2024-09-19 11:55:40.549000,422.1514662843492,1003
2024-09-19 11:55:40.586000,422.15073822991343,1003
2024-09-19 11:55:40.855000,422.1371878925916,13
2024-09-19 11:55:40.952000,422.14594667468486,99
2024-09-19 11:55:40.991000,422.159389229481,996
2024-09-19 11:55:41.130000,422.1450380376493,1002
2024-09-19 11:55:41.156000,422.1329312130949,997
2024-09-19 11:55:41.174000,422.0828277829605,1003
2024-09-19 11:55:41.206000,422.0763012087688,11
2024-09-19 11:55:41.285000,422.119655881335,95
2024-09-19 11:55:41.347000,422.1136778816615,13
2024-09-19 11:55:41.373000,422.1401555073362,1002
2024-09-19 11:55:41.383000,422.1271410594546,995
2024-09-19 11:55:41.392000,422.1545352296738,996
2024-09-19 11:55:41.455000,422.11860195400754,95
2024-09-19 11:55:41.614000,422.0779195184816,15
2024-09-19 11:55:41.630000,422.1457025014591,999
2024-09-19 11:55:41.680000,422.1356768238481,101
2024-09-19 11:55:41.873000,422.129871317094,7
2024-09-19 11:55:41.919000,422.09026608217687,15
2024-09-19 11:55:41.945000,422.10417406396,13
2024-09-19 11:55:41.955000,422.1299976041754,1001
2024-09-19 11:55:41.973000,422.1415776760152,8
2024-09-19 11:55:42.012000,422.20783916117,995
2024-09-19 11:55:42.035000,422.1507877732223,5
2024-09-19 11:55:42.112000,422.1893153705163,103
2024-09-19 11:55:42.244000,422.22063451767866,96
2024-09-19 11:55:42.481000,422.24665309970834,6
2024-09-19 11:55:42.633000,422.1424247607325,7
2024-09-19 11:55:42.743000,422.1437929500827,97
2024-09-19 11:55:42.851000,422.212676308616,13
2024-09-19 11:55:42.872000,422.1595937481752,15
2024-09-19 11:55:43.075000,422.2543390205728,101
2024-09-19 11:55:43.081000,422.2579428293205,998
2024-09-19 11:55:43.116000,422.24002574867166,13
2024-09-19 11:55:43.227000,422.2618441850842,10
2024-09-19 11:55:43.232000,422.23985213099706,1002
2024-09-19 11:55:43.252000,422.2464205085399,95
2024-09-19 11:55:43.300000,422.2326022678249,7
2024-09-19 11:55:43.317000,422.24397363789393,101
2024-09-19 11:55:43.345000,422.2504255706646,5
2024-09-19 11:55:43.387000,422.2630775956347,999
2024-09-19 11:55:43.534000,422.2446755119452,6
2024-09-19 11:55:43.571000,422.26920330845775,1000
2024-09-19 11:55:43.679000,422.2683883458483,996
2024-09-19 11:55:43.734000,422.268995017119,14
2024-09-19 11:55:43.745000,422.2346940105546,15
2024-09-19 11:55:43.834000,422.24522499570577,9
2024-09-19 11:55:43.883000,422.2561863824213,97
2024-09-19 11:55:43.887000,422.2488566959802,1005
2024-09-19 11:55:43.929000,422.2455446665576,995
2024-09-19 11:55:43.932000,422.2313314601122,1002
2024-09-19 11:55:44.023000,422.25191371894704,1000
2024-09-19 11:55:44.031000,422.25120251834414,1005
2024-09-19 11:55:44.035000,422.2454700754499,14
2024-09-19 11:55:44.102000,422.2910943124071,998
2024-09-19 11:55:44.142000,422.2498007931615,11
2024-09-19 11:55:44.231000,422.2984274769928,104
2024-09-19 11:55:44.235000,422.2821623456636,5
2024-09-19 11:55:44.308000,422.3208622304221,97
2024-09-19 11:55:44.375000,422.2325954149389,997
2024-09-19 11:55:44.382000,422.2312006436348,1005
2024-09-19 11:55:44.399000,422.2991274036589,996
2024-09-19 11:55:44.416000,422.25526920121166,102
2024-09-19 11:55:44.460000,422.3143968336267,11
2024-09-19 11:55:44.494000,422.28573583293553,104
2024-09-19 11:55:44.518000,422.2428556554779,99
2024-09-19 11:55:44.704000,422.2489753686407,95
2024-09-19 11:55:44.753000,422.2782742040802,997
2024-09-19 11:55:44.857000,422.2901155591239,999
2024-09-19 11:55:44.864000,422.2737019877247,95
2024-09-19 11:55:44.891000,422.2786323576166,7
2024-09-19 11:55:44.903000,422.2759889300133,995
2024-09-19 11:55:44.951000,422.2811388686032,998
2024-09-19 11:55:45.031000,422.28747942423206,1005
2024-09-19 11:55:45.271000,422.2683787441719,10
2024-09-19 11:55:46.085000,422.23344898462886,104
2024-09-19 11:55:46.114000,422.2421433111561,95
2024-09-19 11:55:46.157000,422.2287633350312,12
2024-09-19 11:55:46.311000,422.2734944896418,6
2024-09-19 11:55:46.370000,422.2396805324008,995
2024-09-19 11:55:46.375000,422.22053143603904,1000
2024-09-19 11:55:46.446000,422.2361558039916,997
2024-09-19 11:55:46.477000,422.2162453505372,100
2024-09-19 11:55:46.510000,422.22263558608137,995
2024-09-19 11:55:46.533000,422.2335300067839,997
2024-09-19 11:55:46.558000,422.2041693188428,104
2024-09-19 11:55:46.560000,422.24808511944303,996
2024-09-19 11:55:46.655000,422.2124329991543,1004
2024-09-19 11:55:46.661000,422.22990466548976,1001
2024-09-19 11:55:46.703000,422.20978583335705,1004
2024-09-19 11:55:46.759000,422.2276389588768,6
2024-09-19 11:55:46.764000,422.20350427012505,96
2024-09-19 11:55:46.937000,422.2433555604633,11
2024-09-19 11:55:46.980000,422.2199379601979,100
2024-09-19 11:55:46.997000,422.23327513446407,1000
2024-09-19 11:55:46.998000,422.21407535458434,997
2024-09-19 11:55:47.064000,422.2046237279382,995
2024-09-19 11:55:47.330000,422.2119736940319,101
2024-09-19 11:55:47.428000,422.2050357158508,11
2024-09-19 11:55:47.877000,422.1899460084498,99
2024-09-19 11:55:47.895000,422.2024157162958,6
2024-09-19 11:55:48.019000,422.2032527866842,104
2024-09-19 11:55:48.055000,422.20298778304334,103
2024-09-19 11:55:48.096000,422.2029197918452,5
2024-09-19 11:55:48.098000,422.2022903263476,999
2024-09-19 11:55:48.118000,422.20990185765953,9
2024-09-19 11:55:48.162000,422.1769460220468,14
2024-09-19 11:55:48.412000,422.2056301379434,7
2024-09-19 11:55:48.475000,422.1972781568439,8
2024-09-19 11:55:48.694000,422.207786432688,104
2024-09-19 11:55:48.895000,422.1976140378494,95
2024-09-19 11:55:48.927000,422.189822978362,12
2024-09-19 11:55:48.968000,422.198675414681,997
2024-09-19 11:55:48.992000,422.2096859250215,998
2024-09-19 11:55:49.011000,422.2050885281355,98
2024-09-19 11:55:49.049000,422.29807548892745,1003
2024-09-19 11:55:49.086000,422.3127951717533,997
2024-09-19 11:55:49.103000,422.3230506292237,1001
2024-09-19 11:55:49.158000,422.3095792124216,14
2024-09-19 11:55:49.205000,422.2978407923108,96
2024-09-19 11:55:49.222000,422.3181050483745,13
2024-09-19 11:55:49.229000,422.1757246644993,98
2024-09-19 11:55:49.242000,422.3146425600244,8
2024-09-19 11:55:49.245000,422.3127300942854,10
2024-09-19 11:55:49.288000,422.3118579315465,13
2024-09-19 11:55:49.338000,422.3606873411652,99
2024-09-19 11:55:49.342000,422.36632361750645,996
2024-09-19 11:55:49.423000,422.1744810121447,104
2024-09-19 11:55:49.448000,422.3403191603313,104
2024-09-19 11:55:49.485000,422.2476490481978,9
2024-09-19 11:55:49.507000,422.2864912478911,995
2024-09-19 11:55:49.516000,422.2954827477633,100
2024-09-19 11:55:49.564000,422.3009815979192,1001
2024-09-19 11:55:49.596000,422.3253985347296,101
2024-09-19 11:55:49.718000,422.3242363679031,12
2024-09-19 11:55:49.727000,422.305109824908,102
2024-09-19 11:55:49.741000,422.1840284464651,15
2024-09-19 11:55:49.754000,422.2479550760668,12
2024-09-19 11:55:49.912000,422.2986258829238,6
2024-09-19 11:55:49.914000,422.2601029974661,14
2024-09-19 11:55:49.920000,422.2111897436436,996
2024-09-19 11:55:49.956000,422.3046893566592,102
2024-09-19 11:55:50.065000,422.3613137372586,998
2024-09-19 11:55:50.145000,422.3578462370832,103
2024-09-19 11:55:50.284000,422.3558454344997,8
2024-09-19 11:55:50.413000,422.3490701820871,1001
2024-09-19 11:55:50.443000,422.37798573321743,104
2024-09-19 11:55:50.500000,422.37620018345615,98
2024-09-19 11:55:50.585000,422.3528883446084,99
2024-09-19 11:55:50.626000,422.3518140198604,1004
2024-09-19 11:55:50.670000,422.35785887910447,100
2024-09-19 11:55:50.689000,422.357538452039,5
2024-09-19 11:55:50.890000,422.36324143787454,103
2024-09-19 11:55:51.009000,422.33368192422944,1002
2024-09-19 11:55:51.070000,422.3709289104596,998
2024-09-19 11:55:51.100000,422.35787465691,10
2024-09-19 11:55:51.276000,422.34440194264886,7
2024-09-19 11:55:51.368000,422.3216052919264,1003
2024-09-19 11:55:51.398000,422.3508620956695,14
2024-09-19 11:55:51.906000,422.34913051118406,1002
2024-09-19 11:55:52.879000,422.3714462500238,13
2024-09-19 11:55:53.007000,422.3443122369417,5
2024-09-19 11:55:53.136000,422.377111593121,11
2024-09-19 11:55:53.165000,422.3689527189591,103
2024-09-19 11:55:53.362000,422.3781536792099,104
2024-09-19 11:55:53.491000,422.3706259565776,6
2024-09-19 11:55:53.524000,422.3744102403053,995
2024-09-19 11:55:53.625000,422.3801647562906,995
2024-09-19 11:55:53.788000,422.3651802432359,1000
2024-09-19 11:55:54.055000,422.3513629462632,103
2024-09-19 11:55:54.257000,422.3111543832366,11
2024-09-19 11:55:54.371000,422.256517372008,5
2024-09-19 11:55:54.381000,422.33270053186,103
2024-09-19 11:55:54.432000,422.3354052217617,10
2024-09-19 11:55:54.688000,422.2256497694065,1000
2024-09-19 11:55:54.728000,422.2452732963725,13
2024-09-19 11:55:54.782000,422.3219455377744,101
2024-09-19 11:55:54.786000,422.3198213893057,100
2024-09-19 11:55:54.789000,422.31427229299766,101
2024-09-19 11:55:54.850000,422.32729593634,104
2024-09-19 11:55:54.893000,422.3101336490854,1001
2024-09-19 11:55:54.910000,422.2863551909685,5
2024-09-19 11:55:56.792000,422.23930805120233,6
2024-09-19 11:55:56.806000,422.2140475918211,996
2024-09-19 11:55:57.108000,422.2956691000004,104
2024-09-19 11:55:57.132000,422.2019550475721,1004
2024-09-19 11:55:57.172000,422.2272088443161,6
2024-09-19 11:55:57.214000,422.2635826859267,96
2024-09-19 11:55:57.458000,422.2543061319409,1000
2024-09-19 11:55:57.539000,422.23140456700736,5
2024-09-19 11:55:57.583000,422.24908779184966,997
2024-09-19 11:55:57.601000,422.2890815610218,996
2024-09-19 11:55:57.664000,422.2444725146458,96
2024-09-19 11:55:57.677000,422.2222700081795,7
2024-09-19 11:55:57.747000,422.2738014066401,15
2024-09-19 11:55:57.780000,422.2414685977662,11
2024-09-19 11:55:57.792000,422.2578221455653,5
2024-09-19 11:55:57.796000,422.2912354338541,95
2024-09-19 11:55:57.834000,422.2494128185364,98
2024-09-19 11:55:57.848000,422.2266574406559,104
2024-09-19 11:55:57.875000,422.2146196352925,5
2024-09-19 11:55:57.884000,422.24309423148935,1001
2024-09-19 11:55:58.074000,422.2421334442668,7
2024-09-19 11:55:58.125000,422.2229940681898,95
2024-09-19 11:55:58.162000,422.24591734067286,1005
2024-09-19 11:55:58.329000,422.241903717086,996
2024-09-19 11:55:58.661000,422.2295985384887,11
2024-09-19 11:55:59.015000,422.2317126549982,1000
2024-09-19 11:55:59.093000,422.2172302039075,9
2024-09-19 11:55:59.104000,422.2189723506056,10
2024-09-19 11:55:59.132000,422.2490419130829,7
2024-09-19 11:55:59.161000,422.2594982513874,6
2024-09-19 11:55:59.183000,422.20998407693946,6
2024-09-19 11:55:59.280000,422.2248176477584,97
2024-09-19 11:55:59.280000,422.20573733685393,1003
2024-09-19 11:55:59.355000,422.2432945671528,8
2024-09-19 11:55:59.386000,422.24109537103016,95
2024-09-19 11:55:59.392000,422.2198278262298,104
2024-09-19 11:55:59.481000,422.188359700861,95
2024-09-19 11:55:59.572000,422.1995570786811,1004
2024-09-19 11:55:59.614000,422.1982854373842,6
2024-09-19 11:55:59.693000,422.2191290584281,998
2024-09-19 11:55:59.707000,422.1940211140584,1000
2024-09-19 11:55:59.744000,422.2266700431511,103
2024-09-19 11:55:59.788000,422.249721342326,10
2024-09-19 11:55:59.807000,422.2253380154476,8
2024-09-19 11:55:59.808000,422.2284560953782,97
2024-09-19 11:55:59.817000,422.2230095039822,7
2024-09-19 11:55:59.859000,422.2356594341659,98
2024-09-19 11:55:59.895000,422.2115075749971,101
