Timestamp,Price,Size
2024-09-20 13:15:00.628000,428.3625669832382,5
2024-09-20 13:15:00.629000,428.3696437765082,95
2024-09-20 13:15:00.655000,428.38093651982257,999
2024-09-20 13:15:00.911000,428.3694623086155,105
2024-09-20 13:15:01.029000,428.4040313207786,1000
2024-09-20 13:15:01.128000,428.4334536405233,7
2024-09-20 13:15:01.147000,428.4397927359732,999
2024-09-20 13:15:01.205000,428.3635959195008,995
2024-09-20 13:15:01.215000,428.4018440958753,97
2024-09-20 13:15:01.273000,428.4366722612465,1004
2024-09-20 13:15:01.274000,428.4118502130699,104
2024-09-20 13:15:01.282000,428.44400532910936,1003
2024-09-20 13:15:01.333000,428.38930367668746,14
2024-09-20 13:15:01.356000,428.4117368635784,1005
2024-09-20 13:15:01.376000,428.40623754457744,12
2024-09-20 13:15:01.394000,428.3957035119168,98
2024-09-20 13:15:01.414000,428.4052737523736,104
2024-09-20 13:15:01.495000,428.39343098513984,99
2024-09-20 13:15:01.518000,428.4079638851532,103
2024-09-20 13:15:01.550000,428.4040296770134,1004
2024-09-20 13:15:01.567000,428.3814431035493,996
2024-09-20 13:15:01.605000,428.4293647469167,997
2024-09-20 13:15:01.612000,428.4224903078653,105
2024-09-20 13:15:01.716000,428.4069917816536,9
2024-09-20 13:15:01.722000,428.3895080882287,105
2024-09-20 13:15:01.748000,428.4155426741866,100
2024-09-20 13:15:01.821000,428.3842869633543,105
2024-09-20 13:15:01.837000,428.3784214509809,100
2024-09-20 13:15:01.854000,428.41689814685816,99
2024-09-20 13:15:01.864000,428.3753519569179,104
2024-09-20 13:15:01.879000,428.3988978736028,999
2024-09-20 13:15:01.883000,428.3665620092879,95
2024-09-20 13:15:01.894000,428.4181686554048,99
2024-09-20 13:15:01.897000,428.4205775650378,1003
2024-09-20 13:15:02.006000,428.4270655420807,12
2024-09-20 13:15:02.007000,428.4081302381793,13
2024-09-20 13:15:02.062000,428.4082215553527,101
2024-09-20 13:15:02.112000,428.4183990432008,1001
2024-09-20 13:15:02.217000,428.429883487137,97
2024-09-20 13:15:02.230000,428.4378778378322,999
2024-09-20 13:15:02.269000,428.41543116817166,95
2024-09-20 13:15:02.317000,428.4299979073209,15
2024-09-20 13:15:02.338000,428.4150910237064,1002
2024-09-20 13:15:02.437000,428.39688901126925,6
2024-09-20 13:15:02.466000,428.4047481832529,1000
2024-09-20 13:15:02.520000,428.4172030149032,997
2024-09-20 13:15:02.530000,428.400089217108,7
2024-09-20 13:15:02.538000,428.405195260782,10
2024-09-20 13:15:02.598000,428.4512500381867,5
2024-09-20 13:15:02.632000,428.4428157344734,99
2024-09-20 13:15:02.649000,428.42082993259385,1000
2024-09-20 13:15:02.700000,428.4194127835529,96
2024-09-20 13:15:02.748000,428.4147452493913,13
2024-09-20 13:15:02.764000,428.4064840334865,101
2024-09-20 13:15:02.866000,428.4164045196206,998
2024-09-20 13:15:02.876000,428.406360370844,1003
2024-09-20 13:15:02.892000,428.4128389233971,997
2024-09-20 13:15:02.935000,428.4197180933801,105
2024-09-20 13:15:02.941000,428.424240246318,997
2024-09-20 13:15:02.992000,428.4550887401964,997
2024-09-20 13:15:03.018000,428.3630247355301,102
2024-09-20 13:15:03.038000,428.3927590589962,6
2024-09-20 13:15:03.105000,428.3900661946411,100
2024-09-20 13:15:03.110000,428.37227525811545,95
2024-09-20 13:15:03.148000,428.3681877803678,1001
2024-09-20 13:15:03.208000,428.3422819107483,98
2024-09-20 13:15:03.326000,428.3571924406444,13
2024-09-20 13:15:03.352000,428.3073184853832,96
2024-09-20 13:15:03.366000,428.3639789619788,11
2024-09-20 13:15:03.388000,428.34698434223793,98
2024-09-20 13:15:03.408000,428.3521637020939,999
2024-09-20 13:15:03.471000,428.3727535896095,9
2024-09-20 13:15:03.474000,428.3780978050876,10
2024-09-20 13:15:03.479000,428.3784221364666,12
2024-09-20 13:15:03.483000,428.3707000811214,104
2024-09-20 13:15:03.493000,428.3297421894712,101
2024-09-20 13:15:03.590000,428.3897791865029,13
2024-09-20 13:15:03.615000,428.3252232251277,8
2024-09-20 13:15:03.700000,428.30377881924056,997
2024-09-20 13:15:03.719000,428.35672223779073,998
2024-09-20 13:15:03.720000,428.388114355974,95
2024-09-20 13:15:03.745000,428.3562675247762,95
2024-09-20 13:15:03.756000,428.3794415750708,102
2024-09-20 13:15:03.832000,428.3613706118635,7
2024-09-20 13:15:03.889000,428.368820337854,998
2024-09-20 13:15:03.894000,428.3745184847541,10
2024-09-20 13:15:03.898000,428.39066095567927,5
2024-09-20 13:15:03.900000,428.3625263316494,1002
2024-09-20 13:15:03.918000,428.3773747623158,12
2024-09-20 13:15:03.972000,428.3605180716096,996
2024-09-20 13:15:04.244000,428.31158024011296,6
2024-09-20 13:15:04.319000,428.3012196559412,1000
2024-09-20 13:15:05.018000,428.3128680756021,996
2024-09-20 13:15:05.518000,428.3208985402371,999
2024-09-20 13:15:05.623000,428.3202883965744,104
2024-09-20 13:15:05.662000,428.3201183806349,997
2024-09-20 13:15:05.697000,428.3109050184456,5
2024-09-20 13:15:05.941000,428.3261539771676,12
2024-09-20 13:15:06.290000,428.3183362260557,11
2024-09-20 13:15:06.457000,428.3288355990781,998
2024-09-20 13:15:06.832000,428.3300943908216,11
2024-09-20 13:15:06.939000,428.3173943466716,8
2024-09-20 13:15:06.944000,428.3020958796936,7
2024-09-20 13:15:07.014000,428.32371531966135,1002
2024-09-20 13:15:07.051000,428.33240850115845,1001
2024-09-20 13:15:07.285000,428.32772023627285,1003
2024-09-20 13:15:07.288000,428.3187284644711,1001
2024-09-20 13:15:07.300000,428.3389323080343,11
2024-09-20 13:15:07.325000,428.3427937980933,11
2024-09-20 13:15:07.377000,428.3082323194025,95
2024-09-20 13:15:07.399000,428.3239164328496,102
2024-09-20 13:15:07.540000,428.33001955787904,999
2024-09-20 13:15:07.595000,428.32855235703744,97
2024-09-20 13:15:07.602000,428.30011170861366,1002
2024-09-20 13:15:07.605000,428.3444875472251,998
2024-09-20 13:15:07.716000,428.2918301551763,7
2024-09-20 13:15:07.906000,428.336343737112,1005
2024-09-20 13:15:07.974000,428.31996573055886,101
2024-09-20 13:15:08.298000,428.25837259175097,10
2024-09-20 13:15:08.330000,428.3053071822063,95
2024-09-20 13:15:08.350000,428.25794485197406,97
2024-09-20 13:15:08.489000,428.229570063334,15
2024-09-20 13:15:08.586000,428.2695294712342,5
2024-09-20 13:15:08.598000,428.2601098746335,105
2024-09-20 13:15:08.913000,428.2910511474703,1004
2024-09-20 13:15:08.928000,428.2824277348916,11
2024-09-20 13:15:08.983000,428.2261207081425,999
2024-09-20 13:15:09.052000,428.24500840075694,98
2024-09-20 13:15:09.127000,428.2874114198685,96
2024-09-20 13:15:09.205000,428.2740878218081,95
2024-09-20 13:15:09.206000,428.25019060228647,104
2024-09-20 13:15:09.230000,428.2734134833301,14
2024-09-20 13:15:09.322000,428.248246004569,6
2024-09-20 13:15:09.324000,428.2388820871744,998
2024-09-20 13:15:09.350000,428.2599414845292,1000
2024-09-20 13:15:09.375000,428.27607138705366,997
2024-09-20 13:15:09.377000,428.27621144687527,998
2024-09-20 13:15:09.386000,428.2658744090981,998
2024-09-20 13:15:09.400000,428.2772513379655,7
2024-09-20 13:15:09.486000,428.2484689754455,1003
2024-09-20 13:15:09.619000,428.2474322910252,999
2024-09-20 13:15:09.632000,428.2656119871818,98
2024-09-20 13:15:09.683000,428.250890044526,1005
2024-09-20 13:15:09.837000,428.2441160371449,102
2024-09-20 13:15:09.918000,428.28794503488535,14
2024-09-20 13:15:09.959000,428.2584587930591,104
2024-09-20 13:15:10.047000,428.11365027604216,104
2024-09-20 13:15:10.048000,428.1523091094962,10
2024-09-20 13:15:10.089000,428.2062565306718,1005
2024-09-20 13:15:10.215000,428.1961804714638,996
2024-09-20 13:15:10.223000,428.2492963903551,103
2024-09-20 13:15:10.242000,428.1100040733719,8
2024-09-20 13:15:10.256000,428.18374869118696,1002
2024-09-20 13:15:10.324000,428.1967302451459,96
2024-09-20 13:15:10.353000,428.1805909690302,101
2024-09-20 13:15:10.358000,428.12485131508697,1003
2024-09-20 13:15:10.378000,428.1801721939539,999
2024-09-20 13:15:10.382000,428.1685455661084,11
2024-09-20 13:15:10.456000,428.1820412806561,1005
2024-09-20 13:15:10.466000,428.1292770326699,11
2024-09-20 13:15:10.483000,428.2132125475764,100
2024-09-20 13:15:10.512000,428.1407299375521,13
2024-09-20 13:15:10.535000,428.17771720916153,997
2024-09-20 13:15:10.536000,428.1368659273951,14
2024-09-20 13:15:10.561000,428.18536037148095,7
2024-09-20 13:15:10.566000,428.149480640646,14
2024-09-20 13:15:10.583000,428.12874185631625,13
2024-09-20 13:15:10.677000,428.1210649923509,105
2024-09-20 13:15:10.730000,428.1517406822896,997
2024-09-20 13:15:10.742000,428.2223990498409,96
2024-09-20 13:15:10.849000,428.24348964562927,103
2024-09-20 13:15:10.932000,428.1404588531921,97
2024-09-20 13:15:10.966000,428.152401783054,8
2024-09-20 13:15:10.991000,428.1254129262692,999
2024-09-20 13:15:11.039000,428.062189690188,105
2024-09-20 13:15:11.064000,428.07979727452494,1001
2024-09-20 13:15:11.073000,428.07065047019694,99
2024-09-20 13:15:11.081000,428.09472863687074,6
2024-09-20 13:15:11.131000,428.0831587334112,101
2024-09-20 13:15:11.135000,428.0654664967684,999
2024-09-20 13:15:11.181000,428.09538804387785,1004
2024-09-20 13:15:11.210000,428.0680161359221,8
2024-09-20 13:15:11.213000,428.0715041434684,997
2024-09-20 13:15:11.270000,428.12618244338057,13
2024-09-20 13:15:11.375000,428.09349446280726,98
2024-09-20 13:15:11.526000,428.1047497945066,996
2024-09-20 13:15:11.539000,428.0480551863936,97
2024-09-20 13:15:11.555000,428.1195593355166,8
2024-09-20 13:15:11.556000,428.0546910741975,995
2024-09-20 13:15:11.648000,428.0781979250183,996
2024-09-20 13:15:11.655000,428.1003187441797,1002
2024-09-20 13:15:11.667000,428.1307000471752,996
2024-09-20 13:15:11.726000,428.0596163189297,104
2024-09-20 13:15:11.763000,428.0622941505778,1004
2024-09-20 13:15:11.786000,428.0905191748223,998
2024-09-20 13:15:11.789000,428.0945267271457,1002
2024-09-20 13:15:11.824000,428.1285952705877,103
2024-09-20 13:15:11.827000,428.10641524549993,100
2024-09-20 13:15:11.928000,428.1251068156668,1002
2024-09-20 13:15:11.960000,428.1500740319364,9
2024-09-20 13:15:11.973000,428.061381851599,97
2024-09-20 13:15:11.989000,428.0582057126901,997
2024-09-20 13:15:12.007000,428.0308505586866,15
2024-09-20 13:15:12.055000,428.0911217473496,9
2024-09-20 13:15:12.102000,428.1371961761812,105
2024-09-20 13:15:12.113000,428.11726915682425,1000
2024-09-20 13:15:12.134000,428.1071154548748,5
2024-09-20 13:15:12.195000,428.09266100903534,6
2024-09-20 13:15:12.242000,428.0312489953106,996
2024-09-20 13:15:12.367000,428.1208670432549,1002
2024-09-20 13:15:12.498000,428.09495333810094,1001
2024-09-20 13:15:12.516000,428.1164875530951,997
2024-09-20 13:15:12.672000,428.0987338801383,9
2024-09-20 13:15:12.760000,428.1326886561526,102
2024-09-20 13:15:12.876000,428.0452567234764,1003
2024-09-20 13:15:12.913000,428.0998727650708,998
2024-09-20 13:15:12.930000,428.1165309898194,14
2024-09-20 13:15:12.937000,428.1058774285465,8
2024-09-20 13:15:12.967000,428.1218585232876,98
2024-09-20 13:15:12.971000,428.0473986229648,999
2024-09-20 13:15:13.092000,428.1289693238463,1002
2024-09-20 13:15:13.094000,428.12459054916906,11
2024-09-20 13:15:13.220000,428.13860174246594,6
2024-09-20 13:15:13.280000,428.1025398056153,1004
2024-09-20 13:15:13.307000,428.10968937646805,9
2024-09-20 13:15:13.343000,428.1475564628576,12
2024-09-20 13:15:13.377000,428.1557551320051,996
2024-09-20 13:15:13.575000,428.1148378953519,96
2024-09-20 13:15:13.624000,428.1264240910541,101
2024-09-20 13:15:13.629000,428.1570766502709,13
2024-09-20 13:15:13.736000,428.1734032637559,102
2024-09-20 13:15:13.797000,428.1660702262716,101
2024-09-20 13:15:13.828000,428.143176693992,98
2024-09-20 13:15:13.843000,428.1854529255,1002
2024-09-20 13:15:14.744000,428.14610502533054,997
2024-09-20 13:15:16.010000,428.14563741760367,12
2024-09-20 13:15:16.108000,428.1390696695138,1004
2024-09-20 13:15:16.298000,428.1426318399649,99
2024-09-20 13:15:16.342000,428.1294579446157,1000
2024-09-20 13:15:16.359000,428.11036337857246,1005
2024-09-20 13:15:16.738000,428.1123526345096,5
2024-09-20 13:15:16.748000,428.1032098301545,996
2024-09-20 13:15:16.823000,428.1239460703064,97
2024-09-20 13:15:16.841000,428.1072107324849,102
2024-09-20 13:15:16.963000,428.14057816506136,6
2024-09-20 13:15:17.118000,428.1571168155075,9
2024-09-20 13:15:17.189000,428.1614133962103,1003
2024-09-20 13:15:17.234000,428.1336672098947,1004
2024-09-20 13:15:17.309000,428.1708391913247,13
2024-09-20 13:15:17.420000,428.1359149607596,12
2024-09-20 13:15:17.432000,428.15234128095807,5
2024-09-20 13:15:17.454000,428.1128723688851,105
2024-09-20 13:15:17.478000,428.1408442078308,13
2024-09-20 13:15:17.530000,428.1401657377432,1003
2024-09-20 13:15:17.594000,428.1626523205887,996
2024-09-20 13:15:17.599000,428.1650274637928,95
2024-09-20 13:15:17.763000,428.1444455309765,6
2024-09-20 13:15:18.057000,428.0956412844682,104
2024-09-20 13:15:18.163000,428.10432150819423,996
2024-09-20 13:15:18.283000,428.0834594530887,8
2024-09-20 13:15:18.496000,428.08082945544487,97
2024-09-20 13:15:18.590000,428.1107006221044,105
2024-09-20 13:15:18.603000,428.1044316598317,998
2024-09-20 13:15:18.642000,428.07724195365904,997
2024-09-20 13:15:18.817000,428.11432327078313,1003
2024-09-20 13:15:18.935000,428.0825547712864,8
2024-09-20 13:15:18.988000,428.0910963002573,995
2024-09-20 13:15:18.997000,428.0844420107303,95
2024-09-20 13:15:19.044000,428.1240543611997,95
2024-09-20 13:15:19.206000,428.1096314233932,99
2024-09-20 13:15:19.252000,428.1322407190325,996
2024-09-20 13:15:19.263000,428.1084696167402,6
2024-09-20 13:15:19.493000,428.1288797657146,98
2024-09-20 13:15:19.509000,428.1148413044497,1003
2024-09-20 13:15:19.532000,428.121925653626,5
2024-09-20 13:15:19.572000,428.13195268359937,1002
2024-09-20 13:15:19.635000,428.109552949736,1002
2024-09-20 13:15:19.689000,428.1281884757319,15
2024-09-20 13:15:19.873000,428.1163028790096,997
2024-09-20 13:15:20.258000,428.1231495924852,6
2024-09-20 13:15:20.373000,428.0969960646556,100
2024-09-20 13:15:20.501000,428.1243033652378,103
2024-09-20 13:15:20.502000,428.1147199878547,97
2024-09-20 13:15:20.729000,428.1304445034469,98
2024-09-20 13:15:20.982000,428.1244013843644,97
2024-09-20 13:15:21.232000,428.1246289893232,1003
2024-09-20 13:15:21.356000,428.1029578101725,14
2024-09-20 13:15:21.520000,428.0956395593495,1004
2024-09-20 13:15:21.637000,428.1070393007858,13
2024-09-20 13:15:21.770000,428.08878837947015,997
2024-09-20 13:15:21.994000,428.0859032482201,1002
2024-09-20 13:15:22.450000,428.1419544027462,12
2024-09-20 13:15:22.671000,428.11298842961,995
2024-09-20 13:15:22.762000,428.122404984788,102
2024-09-20 13:15:22.805000,428.1067333723584,1000
2024-09-20 13:15:22.961000,428.1319949972333,10
2024-09-20 13:15:23.018000,428.1016905654001,101
2024-09-20 13:15:23.087000,428.14486126317934,995
2024-09-20 13:15:23.165000,428.1028662840183,11
2024-09-20 13:15:23.171000,428.1053096153447,998
2024-09-20 13:15:23.182000,428.0966293565289,999
2024-09-20 13:15:23.332000,428.1225724908496,100
2024-09-20 13:15:23.370000,428.1404558581942,995
2024-09-20 13:15:23.590000,428.1024275891875,15
2024-09-20 13:15:23.661000,428.1082873253098,103
2024-09-20 13:15:23.665000,428.1293164151305,14
2024-09-20 13:15:23.892000,428.10052721885074,1005
2024-09-20 13:15:23.993000,428.0874767755688,97
2024-09-20 13:15:24.005000,428.0925639865004,1005
2024-09-20 13:15:24.048000,428.1101056884333,95
2024-09-20 13:15:24.137000,428.0954791327659,8
2024-09-20 13:15:24.160000,428.0989759288789,1000
2024-09-20 13:15:24.185000,428.09875044386007,1002
2024-09-20 13:15:24.210000,428.1841471772411,97
2024-09-20 13:15:24.222000,428.08966975924136,1004
2024-09-20 13:15:24.245000,428.1916631027764,95
2024-09-20 13:15:24.466000,428.2122272722035,96
2024-09-20 13:15:24.485000,428.1043649272871,96
2024-09-20 13:15:24.504000,428.0941499429175,1001
2024-09-20 13:15:24.527000,428.1166327344752,15
2024-09-20 13:15:24.559000,428.1455676847219,8
2024-09-20 13:15:24.702000,428.133894156675,999
2024-09-20 13:15:24.727000,428.1508107225862,103
2024-09-20 13:15:24.768000,428.1198294439136,96
2024-09-20 13:15:24.865000,428.1229537593229,15
2024-09-20 13:15:24.922000,428.1478810018663,5
2024-09-20 13:15:24.990000,428.1115358538256,1001
2024-09-20 13:15:25.085000,428.2317919439106,104
2024-09-20 13:15:25.094000,428.2258139560401,5
2024-09-20 13:15:25.173000,428.22539933856393,7
2024-09-20 13:15:25.392000,428.2622460284292,11
2024-09-20 13:15:25.479000,428.2830898590511,13
2024-09-20 13:15:25.503000,428.2972285925052,1001
2024-09-20 13:15:25.689000,428.2570692751344,99
2024-09-20 13:15:25.703000,428.23305519551866,104
2024-09-20 13:15:26.039000,428.30510643738097,1002
2024-09-20 13:15:26.085000,428.2561632079031,1001
2024-09-20 13:15:26.159000,428.2458578104131,998
2024-09-20 13:15:26.261000,428.2726973883365,996
2024-09-20 13:15:26.292000,428.292860213196,997
2024-09-20 13:15:26.336000,428.2962939733574,8
2024-09-20 13:15:26.527000,428.28073779984135,10
2024-09-20 13:15:26.555000,428.2607491428517,5
2024-09-20 13:15:26.557000,428.2596907778292,1003
2024-09-20 13:15:26.813000,428.2724008643497,12
2024-09-20 13:15:26.866000,428.2951747827833,105
2024-09-20 13:15:26.891000,428.26127012263777,102
2024-09-20 13:15:26.892000,428.2986439924208,100
2024-09-20 13:15:26.911000,428.28010410308417,15
2024-09-20 13:15:26.922000,428.27365966580265,10
2024-09-20 13:15:27.180000,428.3099257428682,14
2024-09-20 13:15:28.076000,428.2928933286185,96
2024-09-20 13:15:28.142000,428.2417632199077,9
2024-09-20 13:15:28.287000,428.282303040992,1005
2024-09-20 13:15:28.300000,428.2705677653602,96
2024-09-20 13:15:28.327000,428.25052145251766,7
2024-09-20 13:15:28.349000,428.28042584658994,11
2024-09-20 13:15:28.367000,428.28831841900944,1005
2024-09-20 13:15:28.377000,428.26567298189,8
2024-09-20 13:15:28.409000,428.27455800835867,12
2024-09-20 13:15:28.416000,428.2944763841078,1000
2024-09-20 13:15:28.429000,428.2993968024728,995
2024-09-20 13:15:28.452000,428.2777407131571,996
2024-09-20 13:15:28.470000,428.2734535503075,999
2024-09-20 13:15:28.536000,428.24801315884696,14
2024-09-20 13:15:28.544000,428.2808576455784,11
2024-09-20 13:15:28.568000,428.2573414189426,1004
2024-09-20 13:15:28.622000,428.2601475893725,1001
2024-09-20 13:15:28.634000,428.3050210425948,8
2024-09-20 13:15:28.672000,428.24341964719457,1003
2024-09-20 13:15:28.677000,428.29402447234,1001
2024-09-20 13:15:28.774000,428.2676708053575,95
2024-09-20 13:15:28.799000,428.2594348466831,12
2024-09-20 13:15:28.805000,428.3018730604599,8
2024-09-20 13:15:28.949000,428.2829619526311,1004
2024-09-20 13:15:28.958000,428.29570929370334,102
2024-09-20 13:15:28.987000,428.2612224013613,102
2024-09-20 13:15:29.016000,428.2378402842646,998
2024-09-20 13:15:29.076000,428.2032559316419,97
2024-09-20 13:15:29.344000,428.2203220463414,105
2024-09-20 13:15:29.346000,428.219924187947,102
2024-09-20 13:15:29.485000,428.2199585767022,12
2024-09-20 13:15:29.804000,428.2089612740997,996
2024-09-20 13:15:29.891000,428.21790382895455,996
2024-09-20 13:15:29.915000,428.2227326631734,5
2024-09-20 13:15:29.933000,428.19668051048393,97
2024-09-20 13:15:30.049000,428.2201067708378,1005
2024-09-20 13:15:30.178000,428.2347725725395,104
2024-09-20 13:15:30.209000,428.24351450262384,13
2024-09-20 13:15:30.211000,428.22583475100055,14
2024-09-20 13:15:30.237000,428.1877941264702,12
2024-09-20 13:15:30.293000,428.2269881502098,100
2024-09-20 13:15:30.333000,428.2333860894834,996
2024-09-20 13:15:30.353000,428.22565673934224,98
2024-09-20 13:15:30.366000,428.2153424044312,1005
2024-09-20 13:15:30.368000,428.2167160200193,103
2024-09-20 13:15:30.371000,428.2228960271861,97
2024-09-20 13:15:30.401000,428.2160821287499,1001
2024-09-20 13:15:30.403000,428.1869167715217,1000
2024-09-20 13:15:30.478000,428.2089898208257,7
2024-09-20 13:15:30.588000,428.1916737310551,13
2024-09-20 13:15:30.598000,428.1915663938518,998
2024-09-20 13:15:30.627000,428.2591863434976,14
2024-09-20 13:15:30.679000,428.21968469835184,996
2024-09-20 13:15:30.700000,428.2125463753363,1004
2024-09-20 13:15:30.766000,428.2256159635756,14
2024-09-20 13:15:30.766000,428.2417343760396,15
2024-09-20 13:15:30.833000,428.244248827519,995
2024-09-20 13:15:30.851000,428.23599712679095,1001
2024-09-20 13:15:30.880000,428.2474241029408,997
2024-09-20 13:15:30.894000,428.2330915173209,102
2024-09-20 13:15:30.953000,428.2491851338532,1001
2024-09-20 13:15:30.981000,428.1993387840781,999
2024-09-20 13:15:31.179000,428.2392431342816,995
2024-09-20 13:15:31.357000,428.239723596078,998
2024-09-20 13:15:32.128000,428.2031914238022,11
2024-09-20 13:15:32.168000,428.2005318245496,1005
2024-09-20 13:15:32.377000,428.1950089797329,105
2024-09-20 13:15:32.665000,428.2027943558156,12
2024-09-20 13:15:32.705000,428.2075762211426,1003
2024-09-20 13:15:32.789000,428.2177518914775,13
2024-09-20 13:15:32.806000,428.2195062285894,13
2024-09-20 13:15:32.812000,428.2369623862021,7
2024-09-20 13:15:33.220000,428.1849640447136,104
2024-09-20 13:15:33.265000,428.17518114220366,15
2024-09-20 13:15:33.350000,428.171664102233,1002
2024-09-20 13:15:33.370000,428.1772713537585,96
2024-09-20 13:15:33.379000,428.1955864417935,15
2024-09-20 13:15:33.421000,428.18155101457023,10
2024-09-20 13:15:33.548000,428.16341374527696,7
2024-09-20 13:15:33.605000,428.1521429746265,102
2024-09-20 13:15:33.612000,428.1598229057375,98
2024-09-20 13:15:33.949000,428.1906879842548,6
2024-09-20 13:15:33.975000,428.1563999770462,99
2024-09-20 13:15:34.041000,428.1669115237557,14
2024-09-20 13:15:34.071000,428.13595767900574,7
2024-09-20 13:15:34.095000,428.1515274095599,1004
2024-09-20 13:15:34.128000,428.1462213555067,105
2024-09-20 13:15:34.170000,428.1161817941124,12
2024-09-20 13:15:34.238000,428.1761473602416,995
2024-09-20 13:15:34.253000,428.1409640635748,11
2024-09-20 13:15:34.256000,428.15854692633616,14
2024-09-20 13:15:34.317000,428.15373393772046,104
2024-09-20 13:15:34.442000,428.1389303474623,1000
2024-09-20 13:15:34.464000,428.1457777584249,12
2024-09-20 13:15:34.520000,428.1546625937629,96
2024-09-20 13:15:34.529000,428.12032256705857,105
2024-09-20 13:15:34.565000,428.1488513421943,8
2024-09-20 13:15:34.568000,428.1537272551094,1005
2024-09-20 13:15:34.655000,428.13355851342527,15
2024-09-20 13:15:34.686000,428.136994854861,1005
2024-09-20 13:15:34.717000,428.166700486831,14
2024-09-20 13:15:34.740000,428.1575202964535,8
2024-09-20 13:15:34.753000,428.1656621072528,100
2024-09-20 13:15:34.870000,428.1777351172181,1004
2024-09-20 13:15:34.877000,428.151896312423,11
2024-09-20 13:15:34.934000,428.1323188117211,1004
2024-09-20 13:15:34.964000,428.1523976652916,105
2024-09-20 13:15:34.983000,428.1578493058447,9
2024-09-20 13:15:34.989000,428.1362434073107,103
2024-09-20 13:15:35.797000,428.14042988766073,7
2024-09-20 13:15:36.115000,428.1863304957084,14
2024-09-20 13:15:36.172000,428.14840169884457,1001
2024-09-20 13:15:36.216000,428.15722065742,99
2024-09-20 13:15:36.234000,428.15656323595135,97
2024-09-20 13:15:36.268000,428.15732517073593,15
2024-09-20 13:15:36.301000,428.1560426417497,15
2024-09-20 13:15:36.353000,428.1723093730623,1003
2024-09-20 13:15:36.393000,428.1705777954327,98
2024-09-20 13:15:36.628000,428.14990057629336,101
2024-09-20 13:15:36.652000,428.1550971663186,997
2024-09-20 13:15:36.653000,428.15425004933735,998
2024-09-20 13:15:36.695000,428.1614097812597,5
2024-09-20 13:15:36.759000,428.1801743505443,995
2024-09-20 13:15:36.776000,428.13980065294186,1002
2024-09-20 13:15:36.839000,428.1568552572404,15
2024-09-20 13:15:36.906000,428.1664454725229,15
2024-09-20 13:15:36.944000,428.15805866926985,96
2024-09-20 13:15:37.310000,428.16647283998526,13
2024-09-20 13:15:37.393000,428.16397918819183,999
2024-09-20 13:15:37.746000,428.1530214715125,12
2024-09-20 13:15:37.783000,428.1503193618301,995
2024-09-20 13:15:37.797000,428.1475178254553,95
2024-09-20 13:15:38.042000,428.1904396228063,995
2024-09-20 13:15:38.097000,428.2114683004606,998
2024-09-20 13:15:38.149000,428.18981880872775,5
2024-09-20 13:15:38.157000,428.1808507160548,1005
2024-09-20 13:15:38.222000,428.1753382303471,1003
2024-09-20 13:15:38.299000,428.21176427043446,97
2024-09-20 13:15:38.315000,428.1894775600608,15
2024-09-20 13:15:38.346000,428.1989121679837,998
2024-09-20 13:15:38.348000,428.2086447776313,14
2024-09-20 13:15:38.383000,428.19349820034,1002
2024-09-20 13:15:38.402000,428.1909341321905,5
2024-09-20 13:15:38.456000,428.1914918846078,97
2024-09-20 13:15:38.601000,428.2059634045826,99
2024-09-20 13:15:38.623000,428.2052502839471,15
2024-09-20 13:15:38.636000,428.20771902235657,104
2024-09-20 13:15:38.676000,428.1746976885798,1000
2024-09-20 13:15:38.710000,428.2054547753176,100
2024-09-20 13:15:38.722000,428.2110356845948,998
2024-09-20 13:15:38.752000,428.2051038503338,996
2024-09-20 13:15:38.757000,428.19609471972126,96
2024-09-20 13:15:38.874000,428.1909821725891,1002
2024-09-20 13:15:38.899000,428.2063968894832,996
2024-09-20 13:15:38.934000,428.201607189552,999
2024-09-20 13:15:38.992000,428.1804990566569,5
2024-09-20 13:15:39.024000,428.1840385262836,8
2024-09-20 13:15:39.044000,428.198305866143,8
2024-09-20 13:15:39.056000,428.1546886199088,98
2024-09-20 13:15:39.097000,428.1739633747427,12
2024-09-20 13:15:39.164000,428.1698170562352,1004
2024-09-20 13:15:39.173000,428.1554539988276,1004
2024-09-20 13:15:39.216000,428.169642319948,14
2024-09-20 13:15:39.334000,428.1736340205506,95
2024-09-20 13:15:39.531000,428.1563945574045,100
2024-09-20 13:15:39.559000,428.16663750520746,5
2024-09-20 13:15:39.562000,428.18912011658045,96
2024-09-20 13:15:39.600000,428.1756880082565,1000
2024-09-20 13:15:39.623000,428.191801221146,100
2024-09-20 13:15:39.639000,428.171015842241,100
2024-09-20 13:15:39.679000,428.1537701716978,103
2024-09-20 13:15:39.710000,428.1836685882568,12
2024-09-20 13:15:39.798000,428.1588497027219,6
2024-09-20 13:15:39.850000,428.1760771438199,11
2024-09-20 13:15:39.904000,428.1890739297732,996
2024-09-20 13:15:39.915000,428.1702099896639,98
2024-09-20 13:15:39.974000,428.1769421090896,996
2024-09-20 13:15:40.071000,428.17067969441257,100
2024-09-20 13:15:40.081000,428.17811578507866,1000
2024-09-20 13:15:40.088000,428.20284325100505,1002
2024-09-20 13:15:40.170000,428.1891857473442,997
2024-09-20 13:15:40.275000,428.1884452614515,15
2024-09-20 13:15:40.337000,428.1905658427141,102
2024-09-20 13:15:40.464000,428.1880171486983,995
2024-09-20 13:15:40.569000,428.1892144861761,97
2024-09-20 13:15:40.664000,428.1797405972662,6
2024-09-20 13:15:40.671000,428.1806890632976,997
2024-09-20 13:15:40.712000,428.1624161602513,999
2024-09-20 13:15:40.726000,428.1871454805974,15
2024-09-20 13:15:40.737000,428.1879900566362,7
2024-09-20 13:15:40.771000,428.1822600015695,97
2024-09-20 13:15:40.811000,428.1607281934757,95
2024-09-20 13:15:40.951000,428.1770781202551,7
2024-09-20 13:15:40.955000,428.15915755444576,14
2024-09-20 13:15:41.061000,428.1634868895244,1003
2024-09-20 13:15:41.121000,428.173731622149,15
2024-09-20 13:15:41.289000,428.1716161416366,12
2024-09-20 13:15:41.407000,428.1409972491181,1004
2024-09-20 13:15:41.429000,428.1426386536917,1002
2024-09-20 13:15:41.534000,428.1540453278042,5
2024-09-20 13:15:41.573000,428.1657685062112,8
2024-09-20 13:15:41.598000,428.1708404126663,1005
2024-09-20 13:15:41.600000,428.1713602313189,97
2024-09-20 13:15:41.665000,428.1417465984301,1003
2024-09-20 13:15:41.963000,428.1449422784741,1004
2024-09-20 13:15:41.990000,428.1325074777693,997
2024-09-20 13:15:42.056000,428.1609052498402,6
2024-09-20 13:15:42.257000,428.1299566648223,999
2024-09-20 13:15:42.278000,428.1223090564946,998
2024-09-20 13:15:42.331000,428.1012282207562,1005
2024-09-20 13:15:42.473000,428.15460119499687,104
2024-09-20 13:15:42.553000,428.16907808199807,5
2024-09-20 13:15:42.696000,428.0981802138248,998
2024-09-20 13:15:42.765000,428.1592089961182,102
2024-09-20 13:15:42.827000,428.1631749810999,96
2024-09-20 13:15:42.841000,428.0959061160447,104
2024-09-20 13:15:42.852000,428.1814481323479,99
2024-09-20 13:15:42.909000,428.09063293818144,7
2024-09-20 13:15:42.929000,428.1509973033555,95
2024-09-20 13:15:43.140000,428.079835536903,1005
2024-09-20 13:15:43.421000,428.0905100003998,1002
2024-09-20 13:15:43.532000,428.0793843969897,8
2024-09-20 13:15:43.652000,428.1005804144774,95
2024-09-20 13:15:43.681000,428.0684325567765,1003
2024-09-20 13:15:43.724000,428.0785743054713,100
2024-09-20 13:15:43.835000,428.093290085766,10
2024-09-20 13:15:44.247000,428.1064490974693,997
2024-09-20 13:15:44.644000,428.1092180572769,10
2024-09-20 13:15:44.706000,428.1051782444404,998
2024-09-20 13:15:44.729000,428.1036319695193,100
2024-09-20 13:15:44.747000,428.0825092181733,15
2024-09-20 13:15:45,428.10355300480313,1000
2024-09-20 13:15:45.062000,428.1045596516665,12
2024-09-20 13:15:45.323000,428.1008960280043,105
2024-09-20 13:15:45.325000,428.10165865549226,8
2024-09-20 13:15:45.343000,428.0970200023151,998
2024-09-20 13:15:45.435000,428.0902390048481,1002
2024-09-20 13:15:45.498000,428.101367329037,99
2024-09-20 13:15:45.588000,428.0911271912108,15
2024-09-20 13:15:45.623000,428.1174354387152,102
2024-09-20 13:15:45.633000,428.107085229371,8
2024-09-20 13:15:45.701000,428.1172540553071,104
2024-09-20 13:15:45.815000,428.1126509777421,1000
2024-09-20 13:15:46.003000,428.1025196652815,105
2024-09-20 13:15:46.021000,428.1036364724043,10
2024-09-20 13:15:46.066000,428.11208859995287,7
2024-09-20 13:15:46.076000,428.1205403817687,99
2024-09-20 13:15:46.093000,428.10824009265326,7
2024-09-20 13:15:46.108000,428.02325734389,996
2024-09-20 13:15:46.175000,428.1132460552009,8
2024-09-20 13:15:46.246000,428.136871006084,1005
2024-09-20 13:15:46.258000,428.0278710646873,1004
2024-09-20 13:15:46.291000,428.1226632981798,95
2024-09-20 13:15:46.330000,428.1117219829637,5
2024-09-20 13:15:46.352000,428.07697868203576,9
2024-09-20 13:15:46.362000,428.0815510993492,1004
2024-09-20 13:15:46.424000,428.1417727657188,95
2024-09-20 13:15:46.447000,428.072991626801,96
2024-09-20 13:15:46.522000,428.1223332805432,7
2024-09-20 13:15:46.628000,428.10980511309685,14
2024-09-20 13:15:46.656000,428.1285928164772,102
2024-09-20 13:15:46.748000,428.1039184865375,8
2024-09-20 13:15:46.794000,428.0688388459782,9
2024-09-20 13:15:46.803000,428.11700790921776,996
2024-09-20 13:15:46.814000,428.11465303210434,999
2024-09-20 13:15:46.861000,428.02760973967287,96
2024-09-20 13:15:46.889000,428.1052328795938,12
2024-09-20 13:15:46.896000,428.0563679476372,98
2024-09-20 13:15:46.897000,428.1115617121538,11
2024-09-20 13:15:46.915000,428.08904592455366,105
2024-09-20 13:15:46.956000,428.0954692703471,998
2024-09-20 13:15:47.164000,428.07582396422015,101
2024-09-20 13:15:47.238000,428.0661742337609,999
2024-09-20 13:15:47.301000,428.0427741583642,8
2024-09-20 13:15:47.315000,428.0238133843787,7
2024-09-20 13:15:47.317000,428.0423027676004,10
2024-09-20 13:15:47.380000,428.0273191429921,14
2024-09-20 13:15:47.396000,428.0587709303736,103
2024-09-20 13:15:47.404000,428.0881866790604,105
2024-09-20 13:15:47.427000,428.0380529866621,99
2024-09-20 13:15:47.632000,428.0558660989368,9
2024-09-20 13:15:47.702000,428.0144029316971,1000
2024-09-20 13:15:47.839000,428.0351199898554,100
2024-09-20 13:15:47.906000,428.07278380568965,998
2024-09-20 13:15:47.941000,428.0395950682008,103
2024-09-20 13:15:47.952000,428.0423760268261,995
2024-09-20 13:15:47.983000,428.0221924976557,5
2024-09-20 13:15:48.236000,428.0914726011465,102
2024-09-20 13:15:48.706000,428.0810065059687,11
2024-09-20 13:15:48.839000,428.0861816269504,100
2024-09-20 13:15:48.867000,428.0887121550334,95
2024-09-20 13:15:48.972000,428.08806103296,10
2024-09-20 13:15:49.047000,428.0316559746702,10
2024-09-20 13:15:49.075000,428.0542773145213,10
2024-09-20 13:15:49.099000,428.0357290608391,102
2024-09-20 13:15:49.102000,428.1098823860781,997
2024-09-20 13:15:49.122000,428.0970788697135,6
2024-09-20 13:15:49.151000,428.0939639399511,5
2024-09-20 13:15:49.176000,428.0562911607473,97
2024-09-20 13:15:49.180000,428.0694184750597,13
2024-09-20 13:15:49.229000,428.09002434852255,8
2024-09-20 13:15:49.243000,428.02334671539296,103
2024-09-20 13:15:49.358000,428.0302631392638,996
2024-09-20 13:15:49.438000,428.0066964695832,101
2024-09-20 13:15:49.497000,428.0652813384898,15
2024-09-20 13:15:49.580000,428.0268388956833,1001
2024-09-20 13:15:49.616000,427.9851352816602,1004
2024-09-20 13:15:49.646000,428.0076527720619,1000
2024-09-20 13:15:49.653000,428.11357859447526,997
2024-09-20 13:15:49.824000,428.10762977717206,98
2024-09-20 13:15:50.013000,427.9831458244154,99
2024-09-20 13:15:50.036000,427.9691854177631,104
2024-09-20 13:15:50.044000,427.9659001954242,13
2024-09-20 13:15:50.085000,427.99151981688135,997
2024-09-20 13:15:50.164000,427.9860678118585,100
2024-09-20 13:15:50.294000,427.9708155175732,1003
2024-09-20 13:15:50.696000,427.99719810744506,997
2024-09-20 13:15:50.828000,427.9558033599732,1003
2024-09-20 13:15:50.858000,427.98669641897976,996
2024-09-20 13:15:51.176000,427.99485218388367,6
2024-09-20 13:15:51.301000,427.9857742797849,1005
2024-09-20 13:15:51.310000,427.9477718434315,997
2024-09-20 13:15:51.405000,427.9811683114075,7
2024-09-20 13:15:51.635000,427.99703033541135,102
2024-09-20 13:15:51.655000,427.9748342625836,999
2024-09-20 13:15:51.699000,427.9885350732258,97
2024-09-20 13:15:51.773000,427.9676325092072,96
2024-09-20 13:15:51.933000,427.9768270275929,14
2024-09-20 13:15:52.248000,428.01237048640047,995
2024-09-20 13:15:52.458000,427.97250095422623,1000
2024-09-20 13:15:52.532000,428.0390741546761,7
2024-09-20 13:15:52.573000,428.0183349553597,13
2024-09-20 13:15:52.610000,428.0191330503111,1002
2024-09-20 13:15:52.616000,427.9697436262989,13
2024-09-20 13:15:52.721000,427.9843238771772,8
2024-09-20 13:15:52.889000,427.985343375877,1005
2024-09-20 13:15:52.937000,428.029521082261,98
2024-09-20 13:15:53.005000,428.0053496486856,12
2024-09-20 13:15:53.075000,428.0101940688477,1005
2024-09-20 13:15:53.106000,428.0183399456876,99
2024-09-20 13:15:53.131000,428.0435235531267,5
2024-09-20 13:15:53.138000,428.04107887369,102
2024-09-20 13:15:53.212000,428.011542733631,998
2024-09-20 13:15:53.242000,428.03029368990576,14
2024-09-20 13:15:53.255000,428.02468033867166,999
2024-09-20 13:15:53.335000,427.964381139069,96
2024-09-20 13:15:53.423000,427.9767310086545,995
2024-09-20 13:15:53.447000,427.9893466909842,98
2024-09-20 13:15:53.483000,428.0396872710504,1004
2024-09-20 13:15:53.486000,427.990189620294,998
2024-09-20 13:15:53.549000,428.0554464711204,12
2024-09-20 13:15:53.649000,427.9858017704406,1003
2024-09-20 13:15:53.822000,427.9737535615413,101
2024-09-20 13:15:53.891000,427.9976839340927,105
2024-09-20 13:15:53.959000,427.9625450339287,96
2024-09-20 13:15:53.987000,428.0100761951116,96
2024-09-20 13:15:54.031000,427.9807756027845,105
2024-09-20 13:15:54.162000,427.95274992614605,104
2024-09-20 13:15:54.416000,427.962708803881,99
2024-09-20 13:15:54.476000,427.9763099248992,100
2024-09-20 13:15:54.744000,427.9651962712852,999
2024-09-20 13:15:55.003000,427.9591182296705,9
2024-09-20 13:15:55.210000,427.9675631531072,97
2024-09-20 13:15:55.374000,427.9695803520472,97
2024-09-20 13:15:55.417000,427.9677374932303,5
2024-09-20 13:15:55.421000,427.9703304990797,5
2024-09-20 13:15:56.062000,427.9864218333012,98
2024-09-20 13:15:56.074000,427.9434196124217,6
2024-09-20 13:15:56.091000,427.9260081565847,6
2024-09-20 13:15:56.402000,427.9736039615665,10
2024-09-20 13:15:56.514000,427.9977615001996,96
2024-09-20 13:15:56.555000,427.9827159190591,15
2024-09-20 13:15:56.592000,427.9692729378023,100
2024-09-20 13:15:56.592000,427.9466261269769,95
2024-09-20 13:15:56.665000,427.9858159978214,5
2024-09-20 13:15:56.684000,427.9690703388292,995
2024-09-20 13:15:56.714000,427.9795100946442,10
2024-09-20 13:15:56.724000,427.9715827574126,1004
2024-09-20 13:15:56.814000,427.94018347262727,101
2024-09-20 13:15:57.081000,427.9525171211461,100
2024-09-20 13:15:57.086000,427.9496517047104,1002
2024-09-20 13:15:57.613000,427.9462346147543,14
2024-09-20 13:15:57.710000,427.963244667744,7
2024-09-20 13:15:57.798000,427.95142602827855,101
2024-09-20 13:15:57.872000,427.9501132833034,997
2024-09-20 13:15:58.001000,427.9620071874557,100
2024-09-20 13:15:58.041000,427.9497244821456,104
2024-09-20 13:15:58.134000,427.9516987192405,1004
2024-09-20 13:15:58.167000,427.9455993548647,103
2024-09-20 13:15:58.175000,427.94849383026326,1004
2024-09-20 13:15:58.194000,427.9632991882364,96
2024-09-20 13:15:58.204000,427.94945247345095,1001
2024-09-20 13:15:58.325000,427.9296326396349,996
2024-09-20 13:15:58.340000,427.9445935692463,1001
2024-09-20 13:15:58.360000,427.956278841264,100
2024-09-20 13:15:58.396000,427.94671525470096,103
2024-09-20 13:15:58.414000,427.95466267385433,997
2024-09-20 13:15:58.522000,427.9426494466653,103
2024-09-20 13:15:58.532000,427.9577031119409,10
2024-09-20 13:15:58.573000,427.957310770265,1001
2024-09-20 13:15:58.588000,427.9393140083786,100
2024-09-20 13:15:58.631000,427.92468840244,1003
2024-09-20 13:15:58.672000,427.9532074636507,1003
2024-09-20 13:15:58.794000,427.9481833061475,103
2024-09-20 13:15:58.796000,427.9445786836097,96
2024-09-20 13:15:58.798000,427.959528371841,1000
2024-09-20 13:15:58.818000,427.94374259269466,95
2024-09-20 13:15:58.861000,427.96981677640576,98
2024-09-20 13:15:58.951000,427.9509660825476,104
2024-09-20 13:15:59.144000,427.9628464667784,7
2024-09-20 13:15:59.268000,427.9199388113122,95
2024-09-20 13:15:59.312000,427.91435694960046,7
2024-09-20 13:15:59.397000,427.9157473341957,12
2024-09-20 13:15:59.459000,427.9495063736832,100
2024-09-20 13:15:59.475000,427.9627771132091,1003
2024-09-20 13:15:59.812000,427.9321609935092,95
2024-09-20 13:15:59.868000,427.9338174808709,99
2024-09-20 13:15:59.882000,427.9357186675661,1002
2024-09-20 13:15:59.899000,427.9664385561833,996
