Timestamp,Price,Size
2024-09-16 10:40:00.214000,417.46293603403376,15
2024-09-16 10:40:00.245000,417.4370602399101,996
2024-09-16 10:40:00.249000,417.4508442143895,5
2024-09-16 10:40:00.250000,417.4403971897402,998
2024-09-16 10:40:00.282000,417.4625839524727,100
2024-09-16 10:40:00.283000,417.4743570540394,997
2024-09-16 10:40:00.391000,417.4807994567131,7
2024-09-16 10:40:00.391000,417.436964958096,100
2024-09-16 10:40:00.395000,417.4377615486728,996
2024-09-16 10:40:00.427000,417.4813011924303,12
2024-09-16 10:40:00.452000,417.4288708781335,96
2024-09-16 10:40:00.453000,417.4973192980484,96
2024-09-16 10:40:00.494000,417.46870235044594,997
2024-09-16 10:40:00.571000,417.4431504631464,9
2024-09-16 10:40:00.611000,417.4526919947904,999
2024-09-16 10:40:00.636000,417.443350322869,12
2024-09-16 10:40:00.645000,417.4377194584273,1003
2024-09-16 10:40:00.674000,417.4426278030215,9
2024-09-16 10:40:00.723000,417.43774754612986,103
2024-09-16 10:40:00.781000,417.4839140345728,8
2024-09-16 10:40:00.802000,417.4621970113318,6
2024-09-16 10:40:00.857000,417.4361542300262,104
2024-09-16 10:40:00.936000,417.480056375683,1003
2024-09-16 10:40:00.940000,417.45853719458296,10
2024-09-16 10:40:00.949000,417.4732488511434,101
2024-09-16 10:40:00.963000,417.45683360275433,996
2024-09-16 10:40:00.988000,417.4400640577872,99
2024-09-16 10:40:01.131000,417.5197604536147,105
2024-09-16 10:40:01.230000,417.5412562502774,96
2024-09-16 10:40:01.231000,417.5234991686103,96
2024-09-16 10:40:01.290000,417.494607462589,12
2024-09-16 10:40:01.370000,417.48212861562826,102
2024-09-16 10:40:01.372000,417.4554543601392,100
2024-09-16 10:40:01.374000,417.51991202241726,1002
2024-09-16 10:40:01.405000,417.5356143721644,7
2024-09-16 10:40:01.465000,417.50082889705936,15
2024-09-16 10:40:01.734000,417.52137378153424,6
2024-09-16 10:40:01.739000,417.4702168858602,1003
2024-09-16 10:40:01.839000,417.5419393781488,13
2024-09-16 10:40:01.872000,417.5200408847813,9
2024-09-16 10:40:01.920000,417.5486868656321,105
2024-09-16 10:40:02.118000,417.471620108936,105
2024-09-16 10:40:02.353000,417.4762360527726,103
2024-09-16 10:40:02.362000,417.46238339788806,103
2024-09-16 10:40:02.464000,417.4735467224701,95
2024-09-16 10:40:02.487000,417.4939069176715,10
2024-09-16 10:40:02.633000,417.4552933440944,1005
2024-09-16 10:40:03.073000,417.4617926743037,999
2024-09-16 10:40:03.372000,417.45028715791375,1005
2024-09-16 10:40:03.915000,417.47421790033866,15
2024-09-16 10:40:03.943000,417.4827975259752,5
2024-09-16 10:40:04.179000,417.46993700272407,100
2024-09-16 10:40:04.227000,417.46234623779145,1005
2024-09-16 10:40:04.244000,417.46413771436727,1004
2024-09-16 10:40:04.607000,417.4814470449409,13
2024-09-16 10:40:04.805000,417.4817260894547,15
2024-09-16 10:40:04.812000,417.4634288870906,102
2024-09-16 10:40:04.815000,417.4742889722346,7
2024-09-16 10:40:04.878000,417.4742343539866,1004
2024-09-16 10:40:05.031000,417.4778108852558,105
2024-09-16 10:40:05.057000,417.47340516086587,7
2024-09-16 10:40:05.107000,417.4906809669187,7
2024-09-16 10:40:05.158000,417.4789210699934,9
2024-09-16 10:40:05.235000,417.4877542515574,5
2024-09-16 10:40:05.288000,417.4685720336234,97
2024-09-16 10:40:05.337000,417.4843414304732,995
2024-09-16 10:40:05.373000,417.4851096306975,12
2024-09-16 10:40:05.427000,417.4802195378861,105
2024-09-16 10:40:05.490000,417.486401745264,996
2024-09-16 10:40:05.526000,417.4664396003269,103
2024-09-16 10:40:05.546000,417.4852738000861,7
2024-09-16 10:40:05.570000,417.4876653892568,15
2024-09-16 10:40:05.615000,417.4818774940916,5
2024-09-16 10:40:05.634000,417.4846980237355,6
2024-09-16 10:40:05.672000,417.47922138402816,103
2024-09-16 10:40:05.762000,417.477156404001,10
2024-09-16 10:40:05.791000,417.4665996638989,996
2024-09-16 10:40:06.007000,417.4885036926934,998
2024-09-16 10:40:06.025000,417.474044116458,5
2024-09-16 10:40:06.046000,417.5003324015018,1000
2024-09-16 10:40:06.160000,417.4729748026314,999
2024-09-16 10:40:06.226000,417.46729190464686,97
2024-09-16 10:40:06.227000,417.5103595376064,9
2024-09-16 10:40:06.230000,417.4686241310935,995
2024-09-16 10:40:06.261000,417.5274580727142,999
2024-09-16 10:40:06.338000,417.480474094906,99
2024-09-16 10:40:06.357000,417.4825957527787,102
2024-09-16 10:40:06.363000,417.48810488624406,95
2024-09-16 10:40:06.442000,417.4698555091187,6
2024-09-16 10:40:06.450000,417.4915814939167,1002
2024-09-16 10:40:06.496000,417.49771501339023,104
2024-09-16 10:40:06.518000,417.5197072366586,1000
2024-09-16 10:40:06.607000,417.5212917840333,96
2024-09-16 10:40:06.635000,417.4843970900991,98
2024-09-16 10:40:06.648000,417.4776725236069,998
2024-09-16 10:40:06.764000,417.5197462497481,999
2024-09-16 10:40:06.775000,417.473591325479,11
2024-09-16 10:40:06.808000,417.4684737669029,1004
2024-09-16 10:40:06.866000,417.4981378246549,15
2024-09-16 10:40:06.906000,417.4955604582741,997
2024-09-16 10:40:06.914000,417.4870748499532,998
2024-09-16 10:40:06.963000,417.5175762270824,6
2024-09-16 10:40:08.015000,417.5227254168752,102
2024-09-16 10:40:08.097000,417.5221596814842,1005
2024-09-16 10:40:08.242000,417.5084115904799,96
2024-09-16 10:40:08.316000,417.5151057625292,11
2024-09-16 10:40:08.504000,417.52515370973856,8
2024-09-16 10:40:08.713000,417.5283711064493,105
2024-09-16 10:40:08.931000,417.5419515248345,995
2024-09-16 10:40:09.097000,417.552035204662,101
2024-09-16 10:40:09.120000,417.5573224115466,9
2024-09-16 10:40:09.133000,417.56718189440267,1001
2024-09-16 10:40:09.237000,417.5450625570605,1003
2024-09-16 10:40:09.241000,417.6055676876767,995
2024-09-16 10:40:09.282000,417.5604127319793,995
2024-09-16 10:40:09.286000,417.57367702257767,95
2024-09-16 10:40:09.390000,417.5721436561736,12
2024-09-16 10:40:09.411000,417.5687513637856,998
2024-09-16 10:40:09.442000,417.5587560366894,5
2024-09-16 10:40:09.463000,417.5815765660402,99
2024-09-16 10:40:09.509000,417.5506794411836,997
2024-09-16 10:40:09.517000,417.5384011797075,997
2024-09-16 10:40:09.525000,417.55659278518175,103
2024-09-16 10:40:09.540000,417.5642372345189,996
2024-09-16 10:40:09.590000,417.569785929798,6
2024-09-16 10:40:09.692000,417.53392611035264,100
2024-09-16 10:40:09.710000,417.5828339192252,998
2024-09-16 10:40:09.748000,417.5493043736549,12
2024-09-16 10:40:09.827000,417.5580626379483,1005
2024-09-16 10:40:09.833000,417.5789248283156,1003
2024-09-16 10:40:09.848000,417.561369011652,7
2024-09-16 10:40:10.016000,417.52496125811246,105
2024-09-16 10:40:10.077000,417.5309695710873,995
2024-09-16 10:40:10.172000,417.4672898853033,96
2024-09-16 10:40:10.243000,417.4606923614759,9
2024-09-16 10:40:10.276000,417.48789751883226,99
2024-09-16 10:40:10.317000,417.49542910679713,997
2024-09-16 10:40:10.321000,417.484316844734,15
2024-09-16 10:40:10.347000,417.4826158638065,96
2024-09-16 10:40:10.368000,417.5283759308708,1002
2024-09-16 10:40:10.446000,417.4712651097007,995
2024-09-16 10:40:10.547000,417.4792598786633,13
2024-09-16 10:40:10.567000,417.4786664428803,1005
2024-09-16 10:40:10.646000,417.4987091959544,998
2024-09-16 10:40:10.680000,417.4739303083829,102
2024-09-16 10:40:10.717000,417.47591913872026,999
2024-09-16 10:40:10.766000,417.49337798822353,7
2024-09-16 10:40:10.841000,417.519228024128,1004
2024-09-16 10:40:10.851000,417.5266920820727,98
2024-09-16 10:40:10.866000,417.4963533117487,995
2024-09-16 10:40:10.917000,417.5151890561662,995
2024-09-16 10:40:10.948000,417.49871264234287,13
2024-09-16 10:40:10.959000,417.4934458327788,103
2024-09-16 10:40:11.015000,417.3665133098171,1003
2024-09-16 10:40:11.031000,417.4599933015673,13
2024-09-16 10:40:11.108000,417.5050048806564,1004
2024-09-16 10:40:11.146000,417.3388440887687,995
2024-09-16 10:40:11.219000,417.491309705621,98
2024-09-16 10:40:11.339000,417.3618917066729,100
2024-09-16 10:40:11.402000,417.444917073796,13
2024-09-16 10:40:11.403000,417.4610045019976,10
2024-09-16 10:40:11.451000,417.3763320120646,997
2024-09-16 10:40:11.493000,417.4049822110485,100
2024-09-16 10:40:11.535000,417.4057721073692,13
2024-09-16 10:40:11.553000,417.40286325424574,7
2024-09-16 10:40:11.575000,417.4025336505004,103
2024-09-16 10:40:11.580000,417.3841945469067,8
2024-09-16 10:40:11.665000,417.3671574925792,101
2024-09-16 10:40:11.709000,417.4019231797633,105
2024-09-16 10:40:11.724000,417.38340635368456,97
2024-09-16 10:40:11.739000,417.3474155872418,7
2024-09-16 10:40:11.779000,417.39985795228745,1003
2024-09-16 10:40:11.795000,417.4488519054104,97
2024-09-16 10:40:11.821000,417.4208569989038,1001
2024-09-16 10:40:11.833000,417.4027120523928,11
2024-09-16 10:40:11.834000,417.42351588944535,997
2024-09-16 10:40:11.853000,417.4219612718315,97
2024-09-16 10:40:11.881000,417.5068918356453,999
2024-09-16 10:40:11.979000,417.36314087622657,14
2024-09-16 10:40:11.981000,417.3649499179101,103
2024-09-16 10:40:11.992000,417.41961869824667,13
2024-09-16 10:40:11.992000,417.37621696005766,99
2024-09-16 10:40:12.542000,417.34425163370446,997
2024-09-16 10:40:12.875000,417.35652256629896,13
2024-09-16 10:40:13.752000,417.3896392892705,101
2024-09-16 10:40:13.770000,417.3668077702624,1000
2024-09-16 10:40:13.846000,417.3700283355209,13
2024-09-16 10:40:14.010000,417.3300767177657,13
2024-09-16 10:40:14.051000,417.387893547554,995
2024-09-16 10:40:14.054000,417.3879834293372,11
2024-09-16 10:40:14.071000,417.38167088382113,95
2024-09-16 10:40:14.106000,417.3555118769602,101
2024-09-16 10:40:14.115000,417.3467766328082,1003
2024-09-16 10:40:14.159000,417.3862854253345,8
2024-09-16 10:40:14.237000,417.31202563370033,999
2024-09-16 10:40:14.345000,417.3660471114147,103
2024-09-16 10:40:14.370000,417.37197570594094,105
2024-09-16 10:40:14.376000,417.379780809276,98
2024-09-16 10:40:14.384000,417.3812231119348,1003
2024-09-16 10:40:14.430000,417.3580201658773,103
2024-09-16 10:40:14.503000,417.3812709524194,997
2024-09-16 10:40:14.530000,417.36640829658427,1001
2024-09-16 10:40:14.550000,417.3609051642876,100
2024-09-16 10:40:14.622000,417.36881252493646,14
2024-09-16 10:40:14.630000,417.3628352823784,8
2024-09-16 10:40:14.698000,417.3710696228066,95
2024-09-16 10:40:14.710000,417.32219209964416,100
2024-09-16 10:40:14.725000,417.3261943119656,997
2024-09-16 10:40:14.783000,417.376758208933,14
2024-09-16 10:40:14.906000,417.383766104816,11
2024-09-16 10:40:14.936000,417.364158613755,6
2024-09-16 10:40:14.980000,417.3656834025313,102
2024-09-16 10:40:15.227000,417.3282825120879,98
2024-09-16 10:40:15.233000,417.3487277858231,11
2024-09-16 10:40:15.240000,417.3392329599651,102
2024-09-16 10:40:15.350000,417.3365410378444,100
2024-09-16 10:40:15.371000,417.351486351027,103
2024-09-16 10:40:15.408000,417.3113640796875,105
2024-09-16 10:40:15.416000,417.31148182555785,1005
2024-09-16 10:40:15.496000,417.32748370870365,11
2024-09-16 10:40:15.541000,417.3548392162282,100
2024-09-16 10:40:15.607000,417.31744101388,5
2024-09-16 10:40:15.626000,417.3495061534553,997
2024-09-16 10:40:15.655000,417.3298225344671,11
2024-09-16 10:40:15.684000,417.3458050574829,995
2024-09-16 10:40:15.695000,417.3478387242148,10
2024-09-16 10:40:15.709000,417.3128069917438,997
2024-09-16 10:40:15.778000,417.3631809783422,15
2024-09-16 10:40:15.792000,417.36725569481575,13
2024-09-16 10:40:15.865000,417.3752163353516,14
2024-09-16 10:40:15.918000,417.3494521416394,95
2024-09-16 10:40:15.921000,417.3532842728302,11
2024-09-16 10:40:15.931000,417.3441647764788,999
2024-09-16 10:40:15.940000,417.3162558572616,14
2024-09-16 10:40:15.942000,417.32966898593503,1004
2024-09-16 10:40:16.129000,417.3777042329245,1005
2024-09-16 10:40:16.148000,417.387145944617,105
2024-09-16 10:40:16.172000,417.3688634252428,105
2024-09-16 10:40:16.191000,417.3730091871027,11
2024-09-16 10:40:16.260000,417.3783148434375,100
2024-09-16 10:40:16.278000,417.3895814454667,995
2024-09-16 10:40:16.401000,417.36733903597184,12
2024-09-16 10:40:16.458000,417.3641640547944,13
2024-09-16 10:40:16.461000,417.36541687581627,11
2024-09-16 10:40:16.569000,417.3522124980818,6
2024-09-16 10:40:16.706000,417.38846011061554,96
2024-09-16 10:40:16.734000,417.3612445079798,103
2024-09-16 10:40:16.833000,417.36207735126425,104
2024-09-16 10:40:17.084000,417.3165755573255,13
2024-09-16 10:40:17.270000,417.31813727886407,5
2024-09-16 10:40:17.315000,417.3362143262137,998
2024-09-16 10:40:17.452000,417.3164906861927,11
2024-09-16 10:40:17.834000,417.299847975704,6
2024-09-16 10:40:18.244000,417.301955591932,995
2024-09-16 10:40:18.447000,417.3174906656409,10
2024-09-16 10:40:18.465000,417.3010156887789,1004
2024-09-16 10:40:18.510000,417.3477737211091,95
2024-09-16 10:40:18.519000,417.29527290981576,15
2024-09-16 10:40:18.575000,417.2910711417472,9
2024-09-16 10:40:18.626000,417.310709895555,103
2024-09-16 10:40:18.638000,417.3062518390655,1001
2024-09-16 10:40:18.640000,417.3351146571437,95
2024-09-16 10:40:18.735000,417.2906362498088,995
2024-09-16 10:40:18.841000,417.3186470887735,995
2024-09-16 10:40:18.921000,417.2956625576162,105
2024-09-16 10:40:18.933000,417.2824857396018,6
2024-09-16 10:40:18.972000,417.2915372586913,13
2024-09-16 10:40:19.053000,417.4681085204549,98
2024-09-16 10:40:19.088000,417.4631539396401,996
2024-09-16 10:40:19.122000,417.4390961151897,102
2024-09-16 10:40:19.138000,417.3505205300587,1004
2024-09-16 10:40:19.150000,417.4305272243226,1005
2024-09-16 10:40:19.192000,417.3579477331709,13
2024-09-16 10:40:19.215000,417.4415192695615,100
2024-09-16 10:40:19.235000,417.4478397861981,1002
2024-09-16 10:40:19.324000,417.3665815743008,999
2024-09-16 10:40:19.324000,417.36533433975774,96
2024-09-16 10:40:19.336000,417.43210005906747,97
2024-09-16 10:40:19.342000,417.4322900416093,997
2024-09-16 10:40:19.347000,417.4021208959597,8
2024-09-16 10:40:19.371000,417.4764505854548,12
2024-09-16 10:40:19.433000,417.3453542454613,5
2024-09-16 10:40:19.507000,417.43681823261295,8
2024-09-16 10:40:19.508000,417.3717849115584,104
2024-09-16 10:40:19.509000,417.36671562970906,97
2024-09-16 10:40:19.516000,417.4376499812238,10
2024-09-16 10:40:19.594000,417.341280423179,12
2024-09-16 10:40:19.643000,417.4187474826055,104
2024-09-16 10:40:19.669000,417.4601506632669,101
2024-09-16 10:40:19.715000,417.3866501431829,12
2024-09-16 10:40:19.809000,417.343852098945,12
2024-09-16 10:40:19.845000,417.4288976677263,12
2024-09-16 10:40:19.848000,417.4482312045928,998
2024-09-16 10:40:19.896000,417.36223217479926,98
2024-09-16 10:40:19.912000,417.41534392435375,96
2024-09-16 10:40:19.932000,417.4162352139936,14
2024-09-16 10:40:19.955000,417.40045477965896,99
2024-09-16 10:40:20.018000,417.4988647670325,996
2024-09-16 10:40:20.102000,417.4497028134331,104
2024-09-16 10:40:20.117000,417.4541568843,996
2024-09-16 10:40:20.133000,417.4298538047959,998
2024-09-16 10:40:20.174000,417.4331659052149,1002
2024-09-16 10:40:20.208000,417.4684949349581,95
2024-09-16 10:40:20.272000,417.463104208705,9
2024-09-16 10:40:20.272000,417.46409153285686,102
2024-09-16 10:40:20.279000,417.4460209629983,1000
2024-09-16 10:40:20.324000,417.4648190550991,7
2024-09-16 10:40:20.352000,417.4443321121733,1002
2024-09-16 10:40:20.442000,417.4466601391349,12
2024-09-16 10:40:20.534000,417.4557381634824,10
2024-09-16 10:40:20.557000,417.4708778122087,101
2024-09-16 10:40:20.590000,417.473597456698,104
2024-09-16 10:40:20.638000,417.500729448204,12
2024-09-16 10:40:20.698000,417.457168895742,15
2024-09-16 10:40:20.792000,417.4346982469679,103
2024-09-16 10:40:20.845000,417.440817380444,996
2024-09-16 10:40:21.756000,417.4265046440127,6
2024-09-16 10:40:21.912000,417.42295325130834,105
2024-09-16 10:40:22.011000,417.4190856087425,1004
2024-09-16 10:40:22.027000,417.3770772234436,8
2024-09-16 10:40:22.055000,417.3990221890244,13
2024-09-16 10:40:22.089000,417.39027430771085,105
2024-09-16 10:40:22.105000,417.3660200769495,997
2024-09-16 10:40:22.112000,417.4128622205087,102
2024-09-16 10:40:22.132000,417.4021629994117,1000
2024-09-16 10:40:22.134000,417.41875395765305,95
2024-09-16 10:40:22.138000,417.4079541777829,6
2024-09-16 10:40:22.246000,417.4038223464348,8
2024-09-16 10:40:22.285000,417.3950478293338,102
2024-09-16 10:40:22.468000,417.39119105137394,103
2024-09-16 10:40:22.500000,417.3924874306538,100
2024-09-16 10:40:22.503000,417.4290132629086,99
2024-09-16 10:40:22.552000,417.386411265318,12
2024-09-16 10:40:22.567000,417.4013750810204,6
2024-09-16 10:40:22.596000,417.3985122174668,101
2024-09-16 10:40:22.672000,417.4072379576504,100
2024-09-16 10:40:22.683000,417.4081344710218,1005
2024-09-16 10:40:22.685000,417.401486758713,104
2024-09-16 10:40:22.770000,417.4027551588814,95
2024-09-16 10:40:22.793000,417.43106268327017,15
2024-09-16 10:40:22.800000,417.414604674289,996
2024-09-16 10:40:22.826000,417.4059333769227,999
2024-09-16 10:40:23.039000,417.4071829859594,999
2024-09-16 10:40:23.050000,417.4293198424709,7
2024-09-16 10:40:23.081000,417.3999560321175,96
2024-09-16 10:40:23.131000,417.398798532972,995
2024-09-16 10:40:23.182000,417.4038627409929,997
2024-09-16 10:40:23.219000,417.40339548530727,996
2024-09-16 10:40:23.230000,417.41188118281394,100
2024-09-16 10:40:23.247000,417.40998069026585,97
2024-09-16 10:40:23.461000,417.4242422310342,97
2024-09-16 10:40:23.510000,417.4233704421087,96
2024-09-16 10:40:23.615000,417.411738791783,11
2024-09-16 10:40:23.637000,417.4078955166816,7
2024-09-16 10:40:23.783000,417.3923679606336,95
2024-09-16 10:40:23.848000,417.40535506657545,1005
2024-09-16 10:40:23.920000,417.4222965161372,14
2024-09-16 10:40:23.936000,417.3915509467245,99
2024-09-16 10:40:23.950000,417.4196886837306,11
2024-09-16 10:40:23.976000,417.4036152524315,14
2024-09-16 10:40:24.051000,417.433243603,13
2024-09-16 10:40:24.056000,417.4739131359788,13
2024-09-16 10:40:24.109000,417.4909801174973,12
2024-09-16 10:40:24.151000,417.4015733257614,998
2024-09-16 10:40:24.233000,417.4124894245197,12
2024-09-16 10:40:24.294000,417.3920277823218,96
2024-09-16 10:40:24.315000,417.4483412463528,1000
2024-09-16 10:40:24.318000,417.4073869937606,96
2024-09-16 10:40:24.338000,417.3951438472234,1003
2024-09-16 10:40:24.353000,417.4466761351786,96
2024-09-16 10:40:24.365000,417.4572486603004,99
2024-09-16 10:40:24.477000,417.440654343585,997
2024-09-16 10:40:24.478000,417.4587311868818,1000
2024-09-16 10:40:24.503000,417.48489773524153,102
2024-09-16 10:40:24.560000,417.450973912311,5
2024-09-16 10:40:24.577000,417.45691411426577,96
2024-09-16 10:40:24.639000,417.4442545832859,1000
2024-09-16 10:40:24.654000,417.454859843125,13
2024-09-16 10:40:24.763000,417.448271730688,105
2024-09-16 10:40:24.808000,417.4607994504387,1001
2024-09-16 10:40:25.191000,417.442063401943,103
2024-09-16 10:40:25.261000,417.48590266465663,97
2024-09-16 10:40:25.397000,417.4115400743653,1002
2024-09-16 10:40:25.425000,417.45565301107536,105
2024-09-16 10:40:25.480000,417.4648092736838,15
2024-09-16 10:40:25.580000,417.4482109610309,1003
2024-09-16 10:40:25.679000,417.43387236926753,95
2024-09-16 10:40:25.698000,417.4848446329865,101
2024-09-16 10:40:25.709000,417.4115079668839,1000
2024-09-16 10:40:25.798000,417.4226155709805,995
2024-09-16 10:40:25.816000,417.5000977627422,10
2024-09-16 10:40:25.918000,417.4479635359032,9
2024-09-16 10:40:25.969000,417.4895971504762,100
2024-09-16 10:40:26.011000,417.43636545642346,5
2024-09-16 10:40:26.096000,417.4071127037283,5
2024-09-16 10:40:26.098000,417.4233650833015,8
2024-09-16 10:40:26.166000,417.4415272574703,7
2024-09-16 10:40:26.167000,417.4084181029207,1003
2024-09-16 10:40:26.290000,417.3965688210045,1003
2024-09-16 10:40:26.333000,417.39037451551866,11
2024-09-16 10:40:26.492000,417.4427359384413,1002
2024-09-16 10:40:26.493000,417.4151276098447,15
2024-09-16 10:40:26.532000,417.4179307216889,14
2024-09-16 10:40:26.556000,417.42335039247774,5
2024-09-16 10:40:26.607000,417.4215738744368,1003
2024-09-16 10:40:26.661000,417.4115517556626,1001
2024-09-16 10:40:26.711000,417.418260588393,6
2024-09-16 10:40:26.727000,417.4192092033096,104
2024-09-16 10:40:26.780000,417.3985021031543,98
2024-09-16 10:40:26.953000,417.4229347664567,102
2024-09-16 10:40:26.962000,417.4163150871529,12
2024-09-16 10:40:26.974000,417.4010708723116,998
2024-09-16 10:40:27.096000,417.39979989659736,9
2024-09-16 10:40:27.114000,417.4104559350428,101
2024-09-16 10:40:27.183000,417.4153406856428,998
2024-09-16 10:40:27.190000,417.4118589000144,15
2024-09-16 10:40:27.234000,417.4102842785298,102
2024-09-16 10:40:27.235000,417.41066463262814,1000
2024-09-16 10:40:27.392000,417.422652032373,12
2024-09-16 10:40:27.566000,417.397403181631,999
2024-09-16 10:40:27.583000,417.4145033836471,14
2024-09-16 10:40:27.653000,417.4374532921968,98
2024-09-16 10:40:27.771000,417.4041613954332,996
2024-09-16 10:40:27.905000,417.3919555881397,99
2024-09-16 10:40:28.060000,417.43387792313,100
2024-09-16 10:40:28.064000,417.4290933977088,1003
2024-09-16 10:40:28.700000,417.4143387209834,11
2024-09-16 10:40:29.022000,417.457703531081,100
2024-09-16 10:40:29.043000,417.42676864175456,99
2024-09-16 10:40:29.076000,417.41424050789857,999
2024-09-16 10:40:29.214000,417.4249096775028,5
2024-09-16 10:40:29.308000,417.44896906010825,97
2024-09-16 10:40:29.311000,417.4276303836809,8
2024-09-16 10:40:29.349000,417.424097942242,96
2024-09-16 10:40:29.476000,417.43500650470855,995
2024-09-16 10:40:29.503000,417.42335849223,105
2024-09-16 10:40:29.934000,417.44576131046273,97
2024-09-16 10:40:29.951000,417.43056928212167,1003
2024-09-16 10:40:30.084000,417.4137894924693,12
2024-09-16 10:40:30.088000,417.4315010157626,5
2024-09-16 10:40:30.249000,417.3863370614968,1001
2024-09-16 10:40:30.314000,417.4554830677016,105
2024-09-16 10:40:30.358000,417.4446158628987,105
2024-09-16 10:40:30.396000,417.4511559720413,7
2024-09-16 10:40:30.588000,417.4308363186761,13
2024-09-16 10:40:30.643000,417.400680820301,1005
2024-09-16 10:40:30.660000,417.4471579286404,97
2024-09-16 10:40:30.686000,417.4032723943968,104
2024-09-16 10:40:30.727000,417.4439291579444,5
2024-09-16 10:40:30.734000,417.43702845394233,98
2024-09-16 10:40:30.765000,417.4760502181174,12
2024-09-16 10:40:30.793000,417.45839240622985,96
2024-09-16 10:40:30.838000,417.4014904941852,999
2024-09-16 10:40:30.880000,417.4690150390983,998
2024-09-16 10:40:31.069000,417.39698702975926,9
2024-09-16 10:40:31.170000,417.3459527121137,5
2024-09-16 10:40:31.325000,417.3654735612977,997
2024-09-16 10:40:31.422000,417.362332252277,97
2024-09-16 10:40:31.840000,417.3611478011603,8
2024-09-16 10:40:31.926000,417.349797740575,7
2024-09-16 10:40:32.001000,417.35072859608425,999
2024-09-16 10:40:32.008000,417.376813250138,10
2024-09-16 10:40:32.468000,417.3743763065965,5
2024-09-16 10:40:32.512000,417.3993918296429,98
2024-09-16 10:40:32.518000,417.3856543210484,997
2024-09-16 10:40:32.559000,417.3456322906776,9
2024-09-16 10:40:32.646000,417.39113981540834,97
2024-09-16 10:40:33.716000,417.3696801515569,995
2024-09-16 10:40:33.822000,417.3629370096232,15
2024-09-16 10:40:34.065000,417.4182383143274,1000
2024-09-16 10:40:34.092000,417.4121738499915,6
2024-09-16 10:40:34.094000,417.392672315557,1002
2024-09-16 10:40:34.121000,417.39420612680095,14
2024-09-16 10:40:34.123000,417.45218864196994,96
2024-09-16 10:40:34.154000,417.4293423240839,6
2024-09-16 10:40:34.243000,417.3938084959688,98
2024-09-16 10:40:34.259000,417.4085495901396,997
2024-09-16 10:40:34.304000,417.4122182780413,6
2024-09-16 10:40:34.315000,417.3954475568008,11
2024-09-16 10:40:34.325000,417.4200645164337,100
2024-09-16 10:40:34.335000,417.4422332793372,12
2024-09-16 10:40:34.348000,417.44436066839296,104
2024-09-16 10:40:34.374000,417.4352663914606,1003
2024-09-16 10:40:34.441000,417.4147372080452,1005
2024-09-16 10:40:34.493000,417.4187173814942,1002
2024-09-16 10:40:34.533000,417.40822914124,98
2024-09-16 10:40:34.536000,417.4292033131044,97
2024-09-16 10:40:34.541000,417.418295374004,9
2024-09-16 10:40:34.576000,417.4526865227339,5
2024-09-16 10:40:34.589000,417.4054292208355,14
2024-09-16 10:40:34.663000,417.4437396615926,11
2024-09-16 10:40:34.669000,417.3974177521748,9
2024-09-16 10:40:34.783000,417.4380684460642,7
2024-09-16 10:40:34.822000,417.43747191119496,1003
2024-09-16 10:40:34.870000,417.4478613721022,996
2024-09-16 10:40:34.971000,417.4596505265922,9
2024-09-16 10:40:35.067000,417.4411547998657,99
2024-09-16 10:40:35.363000,417.46043102503296,10
2024-09-16 10:40:35.364000,417.4399269647446,1000
2024-09-16 10:40:35.378000,417.4319677975049,10
2024-09-16 10:40:35.441000,417.4219158631756,9
2024-09-16 10:40:35.476000,417.4574700693129,1001
2024-09-16 10:40:35.479000,417.4253740633961,9
2024-09-16 10:40:35.552000,417.4531204864,997
2024-09-16 10:40:35.613000,417.4390875621413,6
2024-09-16 10:40:35.943000,417.44401059804574,1005
2024-09-16 10:40:35.952000,417.4435046312549,7
2024-09-16 10:40:36.086000,417.4382309541014,6
2024-09-16 10:40:36.161000,417.4527607931871,998
2024-09-16 10:40:36.161000,417.47974335484446,10
2024-09-16 10:40:36.219000,417.46802964722326,999
2024-09-16 10:40:36.494000,417.4498084108368,1003
2024-09-16 10:40:36.505000,417.4288934365492,10
2024-09-16 10:40:36.512000,417.4422658686479,995
2024-09-16 10:40:36.698000,417.45052013290456,1005
2024-09-16 10:40:36.707000,417.46156793914304,104
2024-09-16 10:40:36.741000,417.44439016823327,99
2024-09-16 10:40:36.804000,417.44502631705774,6
2024-09-16 10:40:36.850000,417.44895185581487,5
2024-09-16 10:40:36.897000,417.4688480018797,6
2024-09-16 10:40:36.986000,417.4362713362304,1005
2024-09-16 10:40:37.012000,417.40932021675127,96
2024-09-16 10:40:37.073000,417.3392542230155,996
2024-09-16 10:40:37.100000,417.3892907596469,10
2024-09-16 10:40:37.141000,417.3641721653162,104
2024-09-16 10:40:37.172000,417.3477030686847,14
2024-09-16 10:40:37.211000,417.39276659612966,11
2024-09-16 10:40:37.256000,417.3865102461544,1003
2024-09-16 10:40:37.320000,417.3786437583647,1005
2024-09-16 10:40:37.366000,417.4016410889395,98
2024-09-16 10:40:37.426000,417.4207868024043,11
2024-09-16 10:40:37.429000,417.3656462095924,5
2024-09-16 10:40:37.442000,417.4072838411859,12
2024-09-16 10:40:37.626000,417.4092075566023,1002
2024-09-16 10:40:37.638000,417.365038883624,104
2024-09-16 10:40:37.843000,417.39817137420647,97
2024-09-16 10:40:37.917000,417.37054620560974,12
2024-09-16 10:40:37.935000,417.3859139770332,98
2024-09-16 10:40:38.046000,417.4270034631386,1005
2024-09-16 10:40:38.064000,417.41896601820827,997
2024-09-16 10:40:38.107000,417.4032418034847,7
2024-09-16 10:40:38.249000,417.4009633204373,11
2024-09-16 10:40:38.395000,417.4235848283428,96
2024-09-16 10:40:38.463000,417.4225757308725,101
2024-09-16 10:40:38.569000,417.40085721808,99
2024-09-16 10:40:38.581000,417.3894399740897,96
2024-09-16 10:40:38.690000,417.409702994706,8
2024-09-16 10:40:38.698000,417.43302830972215,105
2024-09-16 10:40:38.707000,417.40684800988834,7
2024-09-16 10:40:38.759000,417.40016130315087,95
2024-09-16 10:40:38.824000,417.4285195039423,1000
2024-09-16 10:40:38.829000,417.42670309177686,996
2024-09-16 10:40:38.859000,417.4157629280426,104
2024-09-16 10:40:38.880000,417.4288732765076,10
2024-09-16 10:40:38.913000,417.4131982917176,95
2024-09-16 10:40:38.957000,417.4335943062832,97
2024-09-16 10:40:40.540000,417.41872755513305,103
2024-09-16 10:40:40.695000,417.4081894280593,9
2024-09-16 10:40:40.715000,417.4151070587032,997
2024-09-16 10:40:40.794000,417.4266695556044,996
2024-09-16 10:40:40.930000,417.4124160226789,1001
2024-09-16 10:40:41.009000,417.488934645348,97
2024-09-16 10:40:41.014000,417.4707982124173,105
2024-09-16 10:40:41.016000,417.40140320190375,97
2024-09-16 10:40:41.039000,417.4371477399271,102
2024-09-16 10:40:41.042000,417.3946658738777,995
2024-09-16 10:40:41.083000,417.4776523337468,97
2024-09-16 10:40:41.086000,417.4984797125906,1003
2024-09-16 10:40:41.090000,417.4547888291467,12
2024-09-16 10:40:41.186000,417.45435396390377,96
2024-09-16 10:40:41.253000,417.4357850791413,997
2024-09-16 10:40:41.355000,417.48772074219016,996
2024-09-16 10:40:41.372000,417.4071202199023,95
2024-09-16 10:40:41.383000,417.4838618664078,1001
2024-09-16 10:40:41.457000,417.48680807103256,9
2024-09-16 10:40:41.554000,417.4880530563614,11
2024-09-16 10:40:41.620000,417.48711588138326,1001
2024-09-16 10:40:41.696000,417.4654726608777,1001
2024-09-16 10:40:41.754000,417.479622568384,1005
2024-09-16 10:40:41.835000,417.49111773124656,13
2024-09-16 10:40:41.884000,417.497700894674,1003
2024-09-16 10:40:41.901000,417.4675601583916,999
2024-09-16 10:40:41.910000,417.4720032183231,7
2024-09-16 10:40:41.932000,417.4138404552255,998
2024-09-16 10:40:41.954000,417.47864003478526,998
2024-09-16 10:40:41.966000,417.48474474772064,996
2024-09-16 10:40:42.010000,417.5087368761253,1005
2024-09-16 10:40:42.030000,417.5243332326563,100
2024-09-16 10:40:42.075000,417.5424537581714,7
2024-09-16 10:40:42.129000,417.4871914288805,13
2024-09-16 10:40:42.193000,417.4767988243761,1001
2024-09-16 10:40:42.198000,417.4966307096987,1001
2024-09-16 10:40:42.223000,417.4857387806448,10
2024-09-16 10:40:42.223000,417.5192681859427,99
2024-09-16 10:40:42.324000,417.49607715604753,102
2024-09-16 10:40:42.332000,417.53384776057015,104
2024-09-16 10:40:42.398000,417.5168210085069,99
2024-09-16 10:40:42.410000,417.5062503150472,103
2024-09-16 10:40:42.445000,417.5012298835959,105
2024-09-16 10:40:42.457000,417.49583824305074,1001
2024-09-16 10:40:42.459000,417.48263051528,14
2024-09-16 10:40:42.463000,417.5549631037106,1002
2024-09-16 10:40:42.520000,417.54386524034726,102
2024-09-16 10:40:42.756000,417.51084731017,12
2024-09-16 10:40:42.776000,417.5010176089618,98
2024-09-16 10:40:42.800000,417.49063153750257,1005
2024-09-16 10:40:42.838000,417.5562012885927,999
2024-09-16 10:40:42.889000,417.50180766201487,10
2024-09-16 10:40:42.912000,417.5252473382128,100
2024-09-16 10:40:43.028000,417.5113572849229,97
2024-09-16 10:40:43.040000,417.5177428426131,99
2024-09-16 10:40:43.177000,417.55708352719176,9
2024-09-16 10:40:43.193000,417.5356941477893,105
2024-09-16 10:40:43.277000,417.5354519139217,1000
2024-09-16 10:40:43.339000,417.5565842856257,14
2024-09-16 10:40:43.405000,417.5581352117278,11
2024-09-16 10:40:43.484000,417.4985424024403,14
2024-09-16 10:40:43.568000,417.5599903140799,9
2024-09-16 10:40:43.571000,417.54958218019794,105
2024-09-16 10:40:43.586000,417.559671109698,1002
2024-09-16 10:40:43.646000,417.5301729455544,998
2024-09-16 10:40:43.701000,417.5187227728259,9
2024-09-16 10:40:43.713000,417.5248367823812,5
2024-09-16 10:40:43.739000,417.5264818393295,101
2024-09-16 10:40:43.779000,417.5070903338094,996
2024-09-16 10:40:43.785000,417.5080510311456,1004
2024-09-16 10:40:43.856000,417.5228454177899,995
2024-09-16 10:40:43.881000,417.5140453868868,996
2024-09-16 10:40:43.898000,417.513941954901,104
2024-09-16 10:40:43.966000,417.568089599194,105
2024-09-16 10:40:44.050000,417.4755842970626,1002
2024-09-16 10:40:44.163000,417.4657222734928,999
2024-09-16 10:40:44.179000,417.53123882312536,8
2024-09-16 10:40:44.249000,417.4883805462191,998
2024-09-16 10:40:44.258000,417.5060265964753,1005
2024-09-16 10:40:44.269000,417.4637974647974,999
2024-09-16 10:40:44.486000,417.5018944319862,13
2024-09-16 10:40:44.537000,417.5407710360429,95
2024-09-16 10:40:44.589000,417.49547252690985,105
2024-09-16 10:40:44.603000,417.47554306883086,102
2024-09-16 10:40:44.652000,417.4963352564429,105
2024-09-16 10:40:44.679000,417.483331602916,9
2024-09-16 10:40:44.680000,417.49700765120633,14
2024-09-16 10:40:44.723000,417.500900002417,102
2024-09-16 10:40:44.723000,417.5332534460296,8
2024-09-16 10:40:44.767000,417.46843427548026,100
2024-09-16 10:40:44.863000,417.4694726348427,1005
2024-09-16 10:40:44.873000,417.5007939213795,103
2024-09-16 10:40:44.886000,417.5378395789558,102
2024-09-16 10:40:44.887000,417.4806493213383,102
2024-09-16 10:40:44.897000,417.4800511191848,6
2024-09-16 10:40:44.948000,417.5319347884607,1004
2024-09-16 10:40:44.994000,417.52362779927046,15
2024-09-16 10:40:44.995000,417.5268513986622,998
2024-09-16 10:40:44.996000,417.4593282917573,1005
2024-09-16 10:40:45.049000,417.47342732058826,7
2024-09-16 10:40:45.132000,417.5018934317076,1000
2024-09-16 10:40:45.145000,417.5367659091127,13
2024-09-16 10:40:45.158000,417.54256547695474,997
2024-09-16 10:40:45.225000,417.5407201357567,11
2024-09-16 10:40:45.288000,417.5253729988463,101
2024-09-16 10:40:45.326000,417.50514193910334,1005
2024-09-16 10:40:45.330000,417.5228986694644,101
2024-09-16 10:40:45.380000,417.46840536264256,105
2024-09-16 10:40:45.389000,417.54541551456384,1001
2024-09-16 10:40:45.418000,417.5009438874868,6
2024-09-16 10:40:45.483000,417.4680934024087,14
2024-09-16 10:40:45.549000,417.5366250216396,1005
2024-09-16 10:40:45.665000,417.4743815274642,998
2024-09-16 10:40:45.705000,417.4630320760558,1005
2024-09-16 10:40:45.723000,417.4989469021216,97
2024-09-16 10:40:45.729000,417.51224931380966,11
2024-09-16 10:40:45.733000,417.5398533576344,13
2024-09-16 10:40:45.746000,417.5291039003995,1001
2024-09-16 10:40:45.844000,417.521696709223,5
2024-09-16 10:40:45.846000,417.5422157059691,5
2024-09-16 10:40:45.906000,417.4636741940392,101
2024-09-16 10:40:45.924000,417.5269019967352,15
2024-09-16 10:40:45.976000,417.5075227728144,1000
2024-09-16 10:40:46.511000,417.5071465233684,15
2024-09-16 10:40:47.044000,417.6124447135247,9
2024-09-16 10:40:47.050000,417.6131804210894,9
2024-09-16 10:40:47.072000,417.5733347015884,99
2024-09-16 10:40:47.279000,417.55901194952577,12
2024-09-16 10:40:47.302000,417.6083883087463,98
2024-09-16 10:40:47.331000,417.5798684845374,98
2024-09-16 10:40:47.348000,417.6020856443644,103
2024-09-16 10:40:47.365000,417.5630812706223,15
2024-09-16 10:40:47.368000,417.5536402793109,9
2024-09-16 10:40:47.378000,417.6108871648227,11
2024-09-16 10:40:47.403000,417.5634957099423,12
2024-09-16 10:40:47.430000,417.5008467818342,996
2024-09-16 10:40:47.478000,417.5905113891466,100
2024-09-16 10:40:47.513000,417.55695504274087,97
2024-09-16 10:40:47.554000,417.55739929850506,995
2024-09-16 10:40:47.674000,417.5714833581807,97
2024-09-16 10:40:47.754000,417.5492308536231,997
2024-09-16 10:40:47.761000,417.5643310261851,15
2024-09-16 10:40:47.830000,417.5233122226459,1004
2024-09-16 10:40:47.849000,417.5414037743268,95
2024-09-16 10:40:47.884000,417.6271943687586,1005
2024-09-16 10:40:47.947000,417.5820622944205,1005
2024-09-16 10:40:48.013000,417.5575492031885,97
2024-09-16 10:40:48.032000,417.55451366496766,15
2024-09-16 10:40:48.057000,417.56830531301097,995
2024-09-16 10:40:48.071000,417.5748921644425,8
2024-09-16 10:40:48.122000,417.564508346002,1004
2024-09-16 10:40:48.248000,417.5533355325751,13
2024-09-16 10:40:48.359000,417.58760877689264,1004
2024-09-16 10:40:48.359000,417.5597630835181,5
2024-09-16 10:40:48.667000,417.5723580685739,8
2024-09-16 10:40:48.689000,417.5706049796146,999
2024-09-16 10:40:48.888000,417.5994581683238,97
2024-09-16 10:40:48.963000,417.6010021827181,100
2024-09-16 10:40:49.290000,417.6147185972992,11
2024-09-16 10:40:49.323000,417.59402799469785,6
2024-09-16 10:40:49.384000,417.5836194266577,999
2024-09-16 10:40:49.540000,417.6248477905783,1004
2024-09-16 10:40:49.562000,417.5754992834058,6
2024-09-16 10:40:50.101000,417.5900303785308,10
2024-09-16 10:40:50.163000,417.62771318192176,5
2024-09-16 10:40:50.310000,417.60701511277466,1000
2024-09-16 10:40:50.359000,417.6385639771744,12
2024-09-16 10:40:50.635000,417.5790989112704,95
2024-09-16 10:40:50.638000,417.59657041092737,1005
2024-09-16 10:40:50.639000,417.6155383074269,1001
2024-09-16 10:40:50.658000,417.5979837575638,96
2024-09-16 10:40:50.688000,417.58366028146014,7
2024-09-16 10:40:50.788000,417.5729069214108,6
2024-09-16 10:40:50.881000,417.62183526907256,104
2024-09-16 10:40:50.913000,417.6050648226391,99
2024-09-16 10:40:50.939000,417.61263022970655,1003
2024-09-16 10:40:51.122000,417.6156122859185,999
2024-09-16 10:40:51.180000,417.58352356656513,103
2024-09-16 10:40:51.246000,417.561606020985,14
2024-09-16 10:40:52.062000,417.65903776993935,96
2024-09-16 10:40:52.069000,417.6448380905402,1001
2024-09-16 10:40:52.081000,417.6687508843608,97
2024-09-16 10:40:52.089000,417.6826727122161,12
2024-09-16 10:40:52.146000,417.683702472431,99
2024-09-16 10:40:52.206000,417.654425677785,14
2024-09-16 10:40:52.225000,417.6132491001364,6
2024-09-16 10:40:52.234000,417.6711781858922,1002
2024-09-16 10:40:52.240000,417.60600695439433,11
2024-09-16 10:40:52.252000,417.6080265419685,997
2024-09-16 10:40:52.307000,417.6455766082002,104
2024-09-16 10:40:52.345000,417.6559061849635,105
2024-09-16 10:40:52.379000,417.67849157915566,1000
2024-09-16 10:40:52.482000,417.6832202735533,101
2024-09-16 10:40:52.512000,417.6593125158993,8
2024-09-16 10:40:52.538000,417.6652923590535,1002
2024-09-16 10:40:52.709000,417.6585507252197,12
2024-09-16 10:40:52.768000,417.6769677341336,1004
2024-09-16 10:40:52.862000,417.6229380641816,97
2024-09-16 10:40:53.129000,417.5365696913646,10
2024-09-16 10:40:53.322000,417.5538830912511,1002
2024-09-16 10:40:53.339000,417.5329752253808,998
2024-09-16 10:40:53.365000,417.5776846352939,997
2024-09-16 10:40:53.377000,417.5489002317801,97
2024-09-16 10:40:53.746000,417.5498416033941,1003
2024-09-16 10:40:53.976000,417.565423513704,996
2024-09-16 10:40:54.018000,417.5887903050121,101
2024-09-16 10:40:54.026000,417.5845077539272,97
2024-09-16 10:40:54.036000,417.5477399246137,997
2024-09-16 10:40:54.045000,417.56460767554177,9
2024-09-16 10:40:54.070000,417.5650578094797,97
2024-09-16 10:40:54.122000,417.5694789574876,14
2024-09-16 10:40:54.133000,417.5463794447917,98
2024-09-16 10:40:54.180000,417.5653420185784,15
2024-09-16 10:40:54.184000,417.5460235845656,97
2024-09-16 10:40:54.224000,417.6120938008991,995
2024-09-16 10:40:54.241000,417.5557695164809,98
2024-09-16 10:40:54.313000,417.5376981450385,15
2024-09-16 10:40:54.366000,417.5647401469655,13
2024-09-16 10:40:54.376000,417.5305116023372,101
2024-09-16 10:40:54.383000,417.58973619657854,103
2024-09-16 10:40:54.451000,417.5809256670026,997
2024-09-16 10:40:54.470000,417.5962987200256,999
2024-09-16 10:40:54.540000,417.557928798208,1000
2024-09-16 10:40:54.545000,417.5395786065028,1005
2024-09-16 10:40:54.550000,417.6179803506818,14
2024-09-16 10:40:54.634000,417.6187051804948,6
2024-09-16 10:40:54.670000,417.58986662242825,1003
2024-09-16 10:40:54.690000,417.5740718938381,14
2024-09-16 10:40:54.712000,417.5735973358491,996
2024-09-16 10:40:54.728000,417.5589004663541,105
2024-09-16 10:40:54.782000,417.5547174329947,1004
2024-09-16 10:40:54.809000,417.5804849266971,15
2024-09-16 10:40:54.872000,417.5683318424974,998
2024-09-16 10:40:54.949000,417.5236550879337,8
2024-09-16 10:40:55.584000,417.5843681408511,998
2024-09-16 10:40:55.640000,417.583222465939,8
2024-09-16 10:40:56.036000,417.6338656078668,11
2024-09-16 10:40:56.110000,417.5954955171604,9
2024-09-16 10:40:56.149000,417.6034304028226,997
2024-09-16 10:40:56.197000,417.59416444977785,996
2024-09-16 10:40:56.208000,417.5978236352544,995
2024-09-16 10:40:56.223000,417.608151812753,1001
2024-09-16 10:40:56.299000,417.6154308111562,100
2024-09-16 10:40:56.310000,417.6105175870576,12
2024-09-16 10:40:56.348000,417.6013984747489,998
2024-09-16 10:40:56.449000,417.5966353305203,8
2024-09-16 10:40:56.451000,417.6312827475062,1000
2024-09-16 10:40:56.516000,417.6249637490864,1001
2024-09-16 10:40:56.635000,417.5937980658964,5
2024-09-16 10:40:56.661000,417.58734061529407,995
2024-09-16 10:40:56.805000,417.6198100337397,998
2024-09-16 10:40:56.880000,417.5879751884199,9
2024-09-16 10:40:56.948000,417.592793881404,1002
2024-09-16 10:40:56.960000,417.6022680684143,10
2024-09-16 10:40:57.021000,417.6209038408084,5
2024-09-16 10:40:57.057000,417.6009240534616,104
2024-09-16 10:40:57.151000,417.60080799864016,1003
2024-09-16 10:40:57.194000,417.6050568674904,102
2024-09-16 10:40:57.201000,417.59804931862993,9
2024-09-16 10:40:57.237000,417.60443823241616,10
2024-09-16 10:40:57.278000,417.5968797063899,11
2024-09-16 10:40:57.297000,417.6244827064821,102
2024-09-16 10:40:57.386000,417.6056491064049,5
2024-09-16 10:40:57.412000,417.6091303591729,96
2024-09-16 10:40:57.425000,417.6130397369152,95
2024-09-16 10:40:57.476000,417.5958485499417,103
2024-09-16 10:40:57.500000,417.6270146574792,1000
2024-09-16 10:40:57.609000,417.5822764421698,1001
2024-09-16 10:40:57.621000,417.6039465789688,997
2024-09-16 10:40:57.633000,417.6184638487141,1002
2024-09-16 10:40:57.699000,417.6006325823492,95
2024-09-16 10:40:57.720000,417.6001232985083,9
2024-09-16 10:40:57.734000,417.6130131210935,105
2024-09-16 10:40:57.741000,417.5975435600768,103
2024-09-16 10:40:57.752000,417.64023676394254,1005
2024-09-16 10:40:57.753000,417.6149515701682,998
2024-09-16 10:40:57.753000,417.6204001734548,7
2024-09-16 10:40:57.773000,417.6053788317577,15
2024-09-16 10:40:57.783000,417.59849431815593,1002
2024-09-16 10:40:57.870000,417.6255353231346,7
2024-09-16 10:40:57.993000,417.6242431371018,999
2024-09-16 10:40:57.994000,417.6149501952348,998
2024-09-16 10:40:58.124000,417.6584447643557,1002
2024-09-16 10:40:58.158000,417.6791341406944,12
2024-09-16 10:40:58.158000,417.62604626604417,104
2024-09-16 10:40:58.195000,417.5823721153741,6
2024-09-16 10:40:58.205000,417.64636556914064,103
2024-09-16 10:40:58.272000,417.6628709918896,97
2024-09-16 10:40:58.342000,417.58733386917135,996
2024-09-16 10:40:58.380000,417.58355598831776,100
2024-09-16 10:40:58.390000,417.6374297211485,12
2024-09-16 10:40:58.390000,417.6129528726723,99
2024-09-16 10:40:58.403000,417.5971801511505,11
2024-09-16 10:40:58.451000,417.57802427493374,101
2024-09-16 10:40:58.474000,417.6146816647426,105
2024-09-16 10:40:58.494000,417.61688547733263,95
2024-09-16 10:40:58.534000,417.5996161702214,95
2024-09-16 10:40:58.575000,417.5852879952046,12
2024-09-16 10:40:58.577000,417.5761240543312,1005
2024-09-16 10:40:58.633000,417.62440094667727,1003
2024-09-16 10:40:58.691000,417.6458983653393,1000
2024-09-16 10:40:58.772000,417.6280715786764,8
2024-09-16 10:40:58.786000,417.625289760154,96
2024-09-16 10:40:58.805000,417.5996599388189,101
2024-09-16 10:40:58.832000,417.6256528874507,95
2024-09-16 10:40:58.859000,417.6391277858744,15
2024-09-16 10:40:58.878000,417.6005847883274,1005
2024-09-16 10:40:58.884000,417.6220794424907,97
2024-09-16 10:40:58.886000,417.6065772885361,997
2024-09-16 10:40:58.956000,417.6473416171798,13
2024-09-16 10:40:58.960000,417.58790487593626,101
2024-09-16 10:40:59.042000,417.5155097074901,1004
2024-09-16 10:40:59.075000,417.5167643827939,99
2024-09-16 10:40:59.122000,417.5732848457954,97
2024-09-16 10:40:59.155000,417.5842550730732,96
2024-09-16 10:40:59.250000,417.5556673528182,97
2024-09-16 10:40:59.284000,417.5266122614616,102
2024-09-16 10:40:59.418000,417.5361383255473,98
2024-09-16 10:40:59.441000,417.57195017926966,12
2024-09-16 10:40:59.495000,417.51545610669,102
2024-09-16 10:40:59.735000,417.5539976734552,7
2024-09-16 10:40:59.821000,417.561359750978,100
2024-09-16 10:40:59.828000,417.5664428587699,995
2024-09-16 10:40:59.906000,417.5306365601412,104
