Timestamp,Price,Size
2024-09-18 10:57:00.008000,411.9010097010232,97
2024-09-18 10:57:00.110000,411.9088070418932,1005
2024-09-18 10:57:00.133000,411.9141538946752,12
2024-09-18 10:57:00.219000,411.9256410708688,12
2024-09-18 10:57:00.541000,411.8824844207013,103
2024-09-18 10:57:00.550000,411.9082790670257,995
2024-09-18 10:57:00.870000,411.8980554459064,96
2024-09-18 10:57:00.989000,411.9023616197919,104
2024-09-18 10:57:01.032000,411.9015406559047,9
2024-09-18 10:57:01.034000,411.91635280400334,97
2024-09-18 10:57:01.121000,411.9413080809037,103
2024-09-18 10:57:01.145000,411.92395800644186,998
2024-09-18 10:57:01.159000,411.939073405186,996
2024-09-18 10:57:01.161000,411.9193653145624,6
2024-09-18 10:57:01.218000,411.9301063735858,1000
2024-09-18 10:57:01.250000,411.91125865018967,1004
2024-09-18 10:57:01.292000,411.8965679510866,95
2024-09-18 10:57:01.373000,412.00302260483903,998
2024-09-18 10:57:01.432000,411.9348123675812,996
2024-09-18 10:57:01.503000,411.9696246053972,1003
2024-09-18 10:57:01.513000,411.9004765834454,15
2024-09-18 10:57:01.629000,411.92721673581696,10
2024-09-18 10:57:01.650000,411.9029499615417,999
2024-09-18 10:57:01.661000,411.91218578941726,103
2024-09-18 10:57:01.691000,411.93847260184185,14
2024-09-18 10:57:01.750000,411.9386300491855,105
2024-09-18 10:57:01.865000,411.93650448655546,1000
2024-09-18 10:57:01.926000,411.9313476172399,6
2024-09-18 10:57:01.960000,411.9237296425388,1002
2024-09-18 10:57:02.064000,411.9019412867679,10
2024-09-18 10:57:02.097000,411.9426005336186,96
2024-09-18 10:57:02.151000,411.98317878715017,13
2024-09-18 10:57:02.215000,411.91674622324354,9
2024-09-18 10:57:02.236000,411.9287575409535,98
2024-09-18 10:57:02.295000,411.9305017479607,14
2024-09-18 10:57:02.310000,411.8659678061176,1002
2024-09-18 10:57:02.349000,411.9408982190703,10
2024-09-18 10:57:02.399000,411.9393521939644,997
2024-09-18 10:57:02.441000,411.918572902126,12
2024-09-18 10:57:02.447000,411.946761651635,997
2024-09-18 10:57:02.464000,411.9371114726238,14
2024-09-18 10:57:02.485000,411.9097023356799,12
2024-09-18 10:57:02.493000,411.9151695496312,97
2024-09-18 10:57:02.516000,411.97246644974615,102
2024-09-18 10:57:02.566000,411.886608487587,1000
2024-09-18 10:57:02.610000,411.986038270556,9
2024-09-18 10:57:02.617000,411.9314805431375,8
2024-09-18 10:57:02.647000,411.9349866829008,9
2024-09-18 10:57:02.668000,411.8772971519686,1002
2024-09-18 10:57:02.706000,411.9128875119339,7
2024-09-18 10:57:02.719000,411.9541035407244,10
2024-09-18 10:57:02.782000,411.90168756879984,104
2024-09-18 10:57:02.787000,411.9591859102255,1001
2024-09-18 10:57:02.864000,411.9565822261698,1004
2024-09-18 10:57:02.874000,411.91372215630906,105
2024-09-18 10:57:02.926000,411.90211339331,105
2024-09-18 10:57:02.941000,411.9063155203899,997
2024-09-18 10:57:02.999000,411.8908111452919,1000
2024-09-18 10:57:03.037000,411.9784203520386,97
2024-09-18 10:57:03.115000,411.9449911983489,995
2024-09-18 10:57:03.453000,411.9031124244474,1003
2024-09-18 10:57:03.591000,411.9565910967648,1005
2024-09-18 10:57:03.653000,411.93598518410965,12
2024-09-18 10:57:03.955000,411.887698343984,9
2024-09-18 10:57:03.988000,411.9225358281786,98
2024-09-18 10:57:04.027000,411.9747221365237,12
2024-09-18 10:57:04.033000,411.9779751785321,1004
2024-09-18 10:57:04.110000,411.9278999994154,12
2024-09-18 10:57:04.194000,411.97631680103297,11
2024-09-18 10:57:04.222000,411.9295223010348,1001
2024-09-18 10:57:04.236000,411.99233718969913,95
2024-09-18 10:57:04.243000,411.97599639268446,8
2024-09-18 10:57:04.260000,411.9422016277309,12
2024-09-18 10:57:04.268000,411.9387447440529,100
2024-09-18 10:57:04.303000,411.9274558340547,1000
2024-09-18 10:57:04.391000,411.9664136378159,1001
2024-09-18 10:57:04.498000,411.9534317276116,96
2024-09-18 10:57:04.516000,411.97482980257325,102
2024-09-18 10:57:04.519000,411.9435761923757,103
2024-09-18 10:57:04.533000,411.94051893786406,6
2024-09-18 10:57:04.601000,411.9661107793113,11
2024-09-18 10:57:04.620000,411.9252929137893,999
2024-09-18 10:57:04.648000,411.9815533929412,1002
2024-09-18 10:57:04.717000,411.9643679738005,997
2024-09-18 10:57:04.721000,411.92737187449,103
2024-09-18 10:57:04.722000,411.9314033479751,14
2024-09-18 10:57:04.760000,411.9477461848977,96
2024-09-18 10:57:04.788000,411.9674798251701,9
2024-09-18 10:57:04.841000,411.9701407506285,14
2024-09-18 10:57:04.892000,411.9377164970972,1003
2024-09-18 10:57:04.929000,411.9210376565433,6
2024-09-18 10:57:04.932000,411.94986183064856,1003
2024-09-18 10:57:04.967000,411.9556578213149,6
2024-09-18 10:57:04.978000,411.92139566250967,100
2024-09-18 10:57:05.036000,411.9407023789141,98
2024-09-18 10:57:05.100000,411.95510213114784,96
2024-09-18 10:57:05.131000,411.9655525619568,999
2024-09-18 10:57:05.190000,411.92647939426894,998
2024-09-18 10:57:05.372000,411.9656228480839,101
2024-09-18 10:57:05.426000,411.985276569876,104
2024-09-18 10:57:05.625000,411.9360177598229,104
2024-09-18 10:57:05.676000,411.96014521886985,102
2024-09-18 10:57:05.678000,411.9159035579836,5
2024-09-18 10:57:05.701000,411.9635815515172,99
2024-09-18 10:57:05.701000,411.9740911721212,9
2024-09-18 10:57:05.795000,411.9191746115487,8
2024-09-18 10:57:05.831000,411.95607604979136,98
2024-09-18 10:57:06.102000,411.937191185242,99
2024-09-18 10:57:06.197000,411.9575208523362,102
2024-09-18 10:57:06.244000,411.9400371402367,103
2024-09-18 10:57:06.288000,411.9490482000613,96
2024-09-18 10:57:06.393000,411.9492024893189,7
2024-09-18 10:57:06.437000,411.9092239644777,101
2024-09-18 10:57:06.486000,411.95460882954086,102
2024-09-18 10:57:06.526000,411.9247880728626,5
2024-09-18 10:57:06.536000,411.93885997867625,100
2024-09-18 10:57:06.561000,411.9403910855291,999
2024-09-18 10:57:06.572000,411.9158406894246,98
2024-09-18 10:57:06.601000,411.9538751895675,995
2024-09-18 10:57:06.682000,411.96631025332965,8
2024-09-18 10:57:06.698000,411.9319398087125,5
2024-09-18 10:57:06.740000,411.97267378893525,104
2024-09-18 10:57:06.807000,411.952008902798,13
2024-09-18 10:57:06.837000,411.9557314651888,98
2024-09-18 10:57:06.865000,411.9390859149397,99
2024-09-18 10:57:06.918000,411.9125830350146,1004
2024-09-18 10:57:06.956000,411.9078405643834,95
2024-09-18 10:57:06.959000,411.93434286588007,1002
2024-09-18 10:57:07.199000,411.90562117268337,995
2024-09-18 10:57:07.535000,411.9380215577197,97
2024-09-18 10:57:07.592000,411.9282009443661,97
2024-09-18 10:57:07.831000,411.9105167086025,1001
2024-09-18 10:57:07.933000,411.9414302300324,1002
2024-09-18 10:57:08.047000,412.0059607560444,1000
2024-09-18 10:57:08.055000,411.92068938285496,96
2024-09-18 10:57:08.064000,411.9568588568063,1002
2024-09-18 10:57:08.071000,411.9283942016557,6
2024-09-18 10:57:08.078000,411.9271136798776,97
2024-09-18 10:57:08.112000,411.8954592331888,101
2024-09-18 10:57:08.114000,411.9360865553121,99
2024-09-18 10:57:08.132000,411.9182326234892,9
2024-09-18 10:57:08.248000,411.91328527914817,101
2024-09-18 10:57:08.250000,411.9555707968326,95
2024-09-18 10:57:08.284000,411.90065518225146,10
2024-09-18 10:57:08.307000,411.9400383073784,997
2024-09-18 10:57:08.333000,411.8930116837056,98
2024-09-18 10:57:08.410000,411.9884919554163,7
2024-09-18 10:57:08.497000,411.899152710893,1002
2024-09-18 10:57:08.513000,411.9316347572741,998
2024-09-18 10:57:08.524000,411.9866706064088,95
2024-09-18 10:57:08.531000,411.9951780545544,9
2024-09-18 10:57:08.549000,411.9950008624602,999
2024-09-18 10:57:08.594000,411.91824475809096,15
2024-09-18 10:57:08.594000,411.9181005184595,98
2024-09-18 10:57:08.827000,411.9228217766475,8
2024-09-18 10:57:08.838000,411.9034050629471,996
2024-09-18 10:57:08.867000,411.9061922566975,102
2024-09-18 10:57:08.872000,411.9010036512751,11
2024-09-18 10:57:08.890000,412.00747028514456,102
2024-09-18 10:57:08.944000,411.99444705235214,14
2024-09-18 10:57:08.959000,411.9998947516159,1001
2024-09-18 10:57:08.979000,411.92586868378135,99
2024-09-18 10:57:09.056000,412.0124586083868,97
2024-09-18 10:57:09.061000,412.0157714824799,8
2024-09-18 10:57:09.077000,412.0071339508341,9
2024-09-18 10:57:09.097000,412.01280722980687,5
2024-09-18 10:57:09.106000,411.98442360470426,95
2024-09-18 10:57:09.110000,412.0060021802276,103
2024-09-18 10:57:09.220000,412.0249328653912,95
2024-09-18 10:57:09.262000,411.99345696978514,12
2024-09-18 10:57:09.285000,411.9970908785134,997
2024-09-18 10:57:09.343000,411.9818751444167,9
2024-09-18 10:57:09.437000,411.995288451051,1002
2024-09-18 10:57:09.464000,412.0001961597438,11
2024-09-18 10:57:09.492000,412.01273343778,5
2024-09-18 10:57:09.498000,411.98270206424286,1002
2024-09-18 10:57:09.564000,412.0013904175794,996
2024-09-18 10:57:09.576000,412.0019555056734,100
2024-09-18 10:57:09.611000,411.9929424429501,101
2024-09-18 10:57:09.655000,411.976643099926,14
2024-09-18 10:57:09.685000,411.9794555399508,1003
2024-09-18 10:57:09.772000,412.0041187299258,1005
2024-09-18 10:57:09.798000,412.00483203119126,1003
2024-09-18 10:57:09.876000,411.99060045702737,104
2024-09-18 10:57:10.050000,412.0166772978319,97
2024-09-18 10:57:10.083000,412.0179957848618,10
2024-09-18 10:57:10.130000,412.0329690240944,1002
2024-09-18 10:57:10.149000,412.0033825906335,11
2024-09-18 10:57:10.278000,412.0063152558269,998
2024-09-18 10:57:10.327000,411.9997433634702,104
2024-09-18 10:57:10.332000,412.0339859268464,10
2024-09-18 10:57:10.424000,412.0014317180939,1001
2024-09-18 10:57:10.571000,411.9958121424463,12
2024-09-18 10:57:10.818000,411.9985510290853,8
2024-09-18 10:57:11.034000,411.9679743641713,995
2024-09-18 10:57:11.075000,412.0006378175126,105
2024-09-18 10:57:11.082000,412.00249401469046,100
2024-09-18 10:57:11.101000,411.9945546801,6
2024-09-18 10:57:11.141000,411.9594232120015,1000
2024-09-18 10:57:11.146000,411.9455318054313,13
2024-09-18 10:57:11.237000,411.9719127291255,100
2024-09-18 10:57:11.272000,411.94343115020746,1003
2024-09-18 10:57:11.272000,412.0235092668922,103
2024-09-18 10:57:11.282000,411.9817098063693,995
2024-09-18 10:57:11.389000,412.01748044052266,995
2024-09-18 10:57:11.446000,411.9734294891803,1002
2024-09-18 10:57:11.470000,411.9657837856211,13
2024-09-18 10:57:11.492000,412.0095707221081,1004
2024-09-18 10:57:11.546000,411.9991344964451,6
2024-09-18 10:57:11.588000,411.9917348797403,14
2024-09-18 10:57:11.692000,411.9949033391729,997
2024-09-18 10:57:11.716000,411.9755862485212,1003
2024-09-18 10:57:11.797000,411.9909064541503,14
2024-09-18 10:57:11.811000,411.9530396561152,995
2024-09-18 10:57:11.816000,412.0020143549141,6
2024-09-18 10:57:11.840000,411.941003764653,105
2024-09-18 10:57:11.857000,411.9456127463352,999
2024-09-18 10:57:11.910000,411.94512838273744,14
2024-09-18 10:57:11.915000,411.999856378677,104
2024-09-18 10:57:11.918000,411.99938099435326,1001
2024-09-18 10:57:11.996000,411.9748849486831,10
2024-09-18 10:57:12.032000,411.9669275857575,8
2024-09-18 10:57:12.189000,411.9859295869806,1004
2024-09-18 10:57:12.541000,411.9725142362413,103
2024-09-18 10:57:12.591000,411.9757110529649,98
2024-09-18 10:57:12.726000,411.998424837456,10
2024-09-18 10:57:12.769000,411.967731310192,1005
2024-09-18 10:57:12.858000,411.97586589714274,8
2024-09-18 10:57:12.994000,412.00990136464776,1005
2024-09-18 10:57:13.017000,412.0367363032982,11
2024-09-18 10:57:13.116000,412.0383031933439,7
2024-09-18 10:57:13.187000,412.0110262264655,6
2024-09-18 10:57:13.288000,411.9848951163148,97
2024-09-18 10:57:13.361000,412.0359523154968,1000
2024-09-18 10:57:13.406000,412.0125221205854,1005
2024-09-18 10:57:13.629000,411.9909536065489,7
2024-09-18 10:57:13.798000,412.0264105128019,100
2024-09-18 10:57:13.962000,412.0266978953002,1000
2024-09-18 10:57:14.097000,412.0593391117913,999
2024-09-18 10:57:14.439000,412.0607353983197,15
2024-09-18 10:57:14.894000,412.0568578230531,996
2024-09-18 10:57:15.117000,412.1834417721783,6
2024-09-18 10:57:15.124000,412.164515905538,10
2024-09-18 10:57:15.158000,412.1261976743024,15
2024-09-18 10:57:15.184000,412.1365168367743,10
2024-09-18 10:57:15.265000,412.14177029906585,1002
2024-09-18 10:57:15.278000,412.1811804742883,998
2024-09-18 10:57:15.296000,412.1714968779485,103
2024-09-18 10:57:15.316000,412.1356050062877,10
2024-09-18 10:57:15.392000,412.1567826993887,99
2024-09-18 10:57:15.432000,412.13857287804535,999
2024-09-18 10:57:15.456000,412.1083755405522,96
2024-09-18 10:57:15.479000,412.09615703316194,101
2024-09-18 10:57:15.513000,412.17766246610114,1000
2024-09-18 10:57:15.527000,412.1447405836208,104
2024-09-18 10:57:15.534000,412.1345775754029,999
2024-09-18 10:57:15.586000,412.18089641502206,102
2024-09-18 10:57:15.627000,412.1159394405615,98
2024-09-18 10:57:15.685000,412.1401086505737,1005
2024-09-18 10:57:15.737000,412.1999066419178,96
2024-09-18 10:57:15.737000,412.07721988673865,103
2024-09-18 10:57:15.794000,412.1921007802804,1000
2024-09-18 10:57:15.809000,412.1925788894469,1001
2024-09-18 10:57:15.826000,412.1483636498944,995
2024-09-18 10:57:15.838000,412.1745070146322,995
2024-09-18 10:57:15.846000,412.14715912677167,96
2024-09-18 10:57:15.847000,412.18312001446,1001
2024-09-18 10:57:15.917000,412.1709027029335,1005
2024-09-18 10:57:15.958000,412.11110426901473,1004
2024-09-18 10:57:16.082000,412.2210359340732,998
2024-09-18 10:57:16.115000,412.20476678246587,1000
2024-09-18 10:57:16.172000,412.1893505866282,1000
2024-09-18 10:57:16.221000,412.1863502941784,996
2024-09-18 10:57:16.374000,412.19902864056274,105
2024-09-18 10:57:16.463000,412.2125997292006,97
2024-09-18 10:57:16.571000,412.2055875642083,6
2024-09-18 10:57:16.683000,412.2195093643168,1003
2024-09-18 10:57:16.754000,412.2037677000197,105
2024-09-18 10:57:16.790000,412.2039270557927,1000
2024-09-18 10:57:16.896000,412.188893205247,997
2024-09-18 10:57:16.917000,412.19172862442736,9
2024-09-18 10:57:17.106000,412.2029845523211,101
2024-09-18 10:57:17.153000,412.1862259965096,11
2024-09-18 10:57:17.281000,412.2018758493657,996
2024-09-18 10:57:17.530000,412.1942580330983,104
2024-09-18 10:57:17.680000,412.18718735070894,1004
2024-09-18 10:57:17.687000,412.1810645581662,1005
2024-09-18 10:57:17.854000,412.1524908351358,995
2024-09-18 10:57:18.046000,412.1044201463416,12
2024-09-18 10:57:18.059000,412.12198643448846,9
2024-09-18 10:57:18.234000,412.1350217905504,997
2024-09-18 10:57:18.262000,412.1463542058806,105
2024-09-18 10:57:18.285000,412.0912509436413,1004
2024-09-18 10:57:18.286000,412.1124691381133,7
2024-09-18 10:57:18.327000,412.11772557878936,5
2024-09-18 10:57:18.338000,412.137894751115,11
2024-09-18 10:57:18.341000,412.1453116445227,97
2024-09-18 10:57:18.356000,412.1214034401447,11
2024-09-18 10:57:18.358000,412.1145726460151,15
2024-09-18 10:57:18.397000,412.1271059007183,95
2024-09-18 10:57:18.417000,412.11909952819,8
2024-09-18 10:57:18.429000,412.1318616761467,996
2024-09-18 10:57:18.458000,412.1169753781618,6
2024-09-18 10:57:18.478000,412.1524767625432,96
2024-09-18 10:57:18.482000,412.1274813902732,5
2024-09-18 10:57:18.510000,412.1381437318919,995
2024-09-18 10:57:18.524000,412.14280604847374,10
2024-09-18 10:57:18.537000,412.12004308007886,100
2024-09-18 10:57:18.547000,412.1249685765275,14
2024-09-18 10:57:18.591000,412.1302066048138,15
2024-09-18 10:57:18.597000,412.14348087676245,1001
2024-09-18 10:57:18.618000,412.1387317100556,1002
2024-09-18 10:57:18.695000,412.1172613806038,998
2024-09-18 10:57:18.822000,412.1300559437633,12
2024-09-18 10:57:18.876000,412.1279054338032,11
2024-09-18 10:57:18.921000,412.1370718129215,100
2024-09-18 10:57:18.931000,412.0916105413427,996
2024-09-18 10:57:18.971000,412.1135697860644,995
2024-09-18 10:57:19.016000,412.1136483683758,1005
2024-09-18 10:57:19.145000,412.1215299129424,97
2024-09-18 10:57:19.310000,412.1108607524476,998
2024-09-18 10:57:19.372000,412.1010725829827,11
2024-09-18 10:57:19.377000,412.0974986888549,8
2024-09-18 10:57:19.430000,412.1058045845427,105
2024-09-18 10:57:19.432000,412.11228094335337,96
2024-09-18 10:57:19.440000,412.0910042510654,101
2024-09-18 10:57:19.617000,412.1046686759043,997
2024-09-18 10:57:19.652000,412.1101983099831,96
2024-09-18 10:57:19.672000,412.100931602642,1004
2024-09-18 10:57:19.688000,412.1048787993647,8
2024-09-18 10:57:19.728000,412.11281987656514,100
2024-09-18 10:57:19.792000,412.1140137206274,6
2024-09-18 10:57:19.865000,412.08627325106994,99
2024-09-18 10:57:19.866000,412.1126089925717,7
2024-09-18 10:57:19.885000,412.1006446909848,1004
2024-09-18 10:57:19.903000,412.1133147237218,105
2024-09-18 10:57:19.947000,412.11669663567415,97
2024-09-18 10:57:20.054000,412.1022869419808,105
2024-09-18 10:57:20.284000,412.1625769369122,6
2024-09-18 10:57:20.432000,412.1373173702226,995
2024-09-18 10:57:20.488000,412.1477238325456,7
2024-09-18 10:57:20.613000,412.1181329926796,15
2024-09-18 10:57:20.677000,412.11743890039605,1002
2024-09-18 10:57:20.698000,412.1494553419121,5
2024-09-18 10:57:20.723000,412.1234452767927,10
2024-09-18 10:57:20.838000,412.1465219917394,98
2024-09-18 10:57:20.846000,412.1595507313444,1004
2024-09-18 10:57:20.924000,412.1191628089485,100
2024-09-18 10:57:20.938000,412.1567716345193,7
2024-09-18 10:57:20.969000,412.0985464138572,7
2024-09-18 10:57:20.982000,412.11746708734233,13
2024-09-18 10:57:21.071000,412.1203957264274,15
2024-09-18 10:57:21.138000,412.1363028178344,1005
2024-09-18 10:57:21.297000,412.1309496786741,7
2024-09-18 10:57:21.337000,412.1360340171643,8
2024-09-18 10:57:21.622000,412.1259791764989,103
2024-09-18 10:57:21.973000,412.1346842105251,995
2024-09-18 10:57:23.015000,412.1546877406955,995
2024-09-18 10:57:23.081000,412.1044023309413,7
2024-09-18 10:57:23.120000,412.1173877183355,997
2024-09-18 10:57:23.129000,412.1216059823965,95
2024-09-18 10:57:23.144000,412.1164455650015,96
2024-09-18 10:57:23.210000,412.1665428841424,8
2024-09-18 10:57:23.243000,412.1039094294751,14
2024-09-18 10:57:23.255000,412.1293518939452,11
2024-09-18 10:57:23.348000,412.1329829965427,998
2024-09-18 10:57:23.424000,412.1725031773403,13
2024-09-18 10:57:23.434000,412.11072460031806,995
2024-09-18 10:57:23.439000,412.1114767662692,13
2024-09-18 10:57:23.459000,412.1589885860814,1003
2024-09-18 10:57:23.524000,412.1678601163042,12
2024-09-18 10:57:23.543000,412.1189130636554,5
2024-09-18 10:57:23.639000,412.1653332138879,104
2024-09-18 10:57:23.646000,412.1081429318349,103
2024-09-18 10:57:23.651000,412.1034818712595,13
2024-09-18 10:57:23.670000,412.1042295298568,997
2024-09-18 10:57:23.728000,412.1779516163296,11
2024-09-18 10:57:23.752000,412.17052516776295,14
2024-09-18 10:57:23.754000,412.1593001282209,9
2024-09-18 10:57:23.806000,412.1095470803728,11
2024-09-18 10:57:23.845000,412.10743673573694,1000
2024-09-18 10:57:23.858000,412.1254158031446,11
2024-09-18 10:57:23.858000,412.1738958934996,1003
2024-09-18 10:57:23.925000,412.1335992050938,104
2024-09-18 10:57:24.009000,412.1107190123274,105
2024-09-18 10:57:24.147000,412.1050476613339,95
2024-09-18 10:57:24.172000,412.1237522074071,997
2024-09-18 10:57:24.184000,412.1259057327578,6
2024-09-18 10:57:24.206000,412.171704497348,101
2024-09-18 10:57:24.240000,412.12296524954303,101
2024-09-18 10:57:24.268000,412.13055124134553,95
2024-09-18 10:57:24.294000,412.1451332311023,995
2024-09-18 10:57:24.314000,412.1175763333354,97
2024-09-18 10:57:24.338000,412.07381868519406,100
2024-09-18 10:57:24.347000,412.1148210414262,97
2024-09-18 10:57:24.454000,412.0925385911166,1001
2024-09-18 10:57:24.457000,412.1254393306582,102
2024-09-18 10:57:24.472000,412.1096823492703,15
2024-09-18 10:57:24.545000,412.17427138783376,1001
2024-09-18 10:57:24.559000,412.17342190276025,8
2024-09-18 10:57:24.687000,412.11588973385904,1002
2024-09-18 10:57:24.702000,412.104171934606,98
2024-09-18 10:57:24.742000,412.1045606231013,102
2024-09-18 10:57:24.850000,412.1252731563983,104
2024-09-18 10:57:24.860000,412.0928380415187,95
2024-09-18 10:57:24.916000,412.1749069411529,1003
2024-09-18 10:57:24.940000,412.0870143680075,10
2024-09-18 10:57:24.987000,412.1766847454283,8
2024-09-18 10:57:25.031000,412.0946283967074,1005
2024-09-18 10:57:25.069000,412.126445127221,96
2024-09-18 10:57:25.070000,412.0897138940669,997
2024-09-18 10:57:25.120000,412.0736450404957,1002
2024-09-18 10:57:25.150000,412.1015590591468,6
2024-09-18 10:57:25.153000,412.1230037753464,103
2024-09-18 10:57:25.173000,412.12798849702375,1004
2024-09-18 10:57:25.235000,412.1284662610936,13
2024-09-18 10:57:25.321000,412.1088830069525,104
2024-09-18 10:57:25.370000,412.0642427411773,12
2024-09-18 10:57:25.390000,412.08525820536073,1002
2024-09-18 10:57:25.400000,412.1108802330005,1005
2024-09-18 10:57:25.416000,412.1081931404711,103
2024-09-18 10:57:25.458000,412.1233115033834,6
2024-09-18 10:57:25.622000,412.0971966354815,1000
2024-09-18 10:57:25.637000,412.0708797398304,103
2024-09-18 10:57:25.708000,412.0977136164698,5
2024-09-18 10:57:25.720000,412.0727586254932,8
2024-09-18 10:57:25.798000,412.1099963895936,1002
2024-09-18 10:57:25.828000,412.0750593235094,13
2024-09-18 10:57:25.835000,412.0917437926066,996
2024-09-18 10:57:25.880000,412.10625236810847,103
2024-09-18 10:57:25.976000,412.0877512086057,100
2024-09-18 10:57:25.978000,412.1403232200644,1001
2024-09-18 10:57:25.983000,412.14477775261054,15
2024-09-18 10:57:26.184000,412.1501682524055,7
2024-09-18 10:57:26.220000,412.161583728993,998
2024-09-18 10:57:26.288000,412.16077000389055,998
2024-09-18 10:57:26.315000,412.1360256919805,1001
2024-09-18 10:57:26.382000,412.1708160533133,11
2024-09-18 10:57:26.528000,412.1375573814711,8
2024-09-18 10:57:26.588000,412.13644489548494,6
2024-09-18 10:57:26.967000,412.1429546296698,102
2024-09-18 10:57:27.024000,412.1725987827227,14
2024-09-18 10:57:27.085000,412.1573317497314,12
2024-09-18 10:57:27.150000,412.1554456349837,998
2024-09-18 10:57:27.178000,412.18365131809486,8
2024-09-18 10:57:27.195000,412.1236937843593,98
2024-09-18 10:57:27.201000,412.1231858305776,96
2024-09-18 10:57:27.351000,412.1737271549943,104
2024-09-18 10:57:27.356000,412.1278616784487,997
2024-09-18 10:57:27.408000,412.1530754544169,95
2024-09-18 10:57:27.494000,412.1423732072074,102
2024-09-18 10:57:27.597000,412.1574406063192,999
2024-09-18 10:57:27.651000,412.1327411721854,1002
2024-09-18 10:57:27.660000,412.1504638802701,995
2024-09-18 10:57:27.676000,412.1467780502827,105
2024-09-18 10:57:27.726000,412.1453456504416,1001
2024-09-18 10:57:27.759000,412.1567480330446,98
2024-09-18 10:57:27.760000,412.1490980504588,7
2024-09-18 10:57:27.809000,412.141882428912,105
2024-09-18 10:57:27.845000,412.1707877029708,998
2024-09-18 10:57:27.967000,412.16947763820144,104
2024-09-18 10:57:27.993000,412.151396465261,102
2024-09-18 10:57:28.382000,412.1343749476154,8
2024-09-18 10:57:28.465000,412.1640341331959,104
2024-09-18 10:57:28.475000,412.1549591231317,96
2024-09-18 10:57:28.586000,412.1633262414327,14
2024-09-18 10:57:28.703000,412.1648705490211,102
2024-09-18 10:57:28.839000,412.1003953990525,105
2024-09-18 10:57:28.917000,412.1440351677677,11
2024-09-18 10:57:29.031000,412.1102084588482,1001
2024-09-18 10:57:30.009000,412.1537008482923,14
2024-09-18 10:57:30.012000,412.12191975535166,101
2024-09-18 10:57:30.062000,412.10329554664736,98
2024-09-18 10:57:30.077000,412.1328581095444,98
2024-09-18 10:57:30.091000,412.13635550516494,7
2024-09-18 10:57:30.176000,412.1268150727892,7
2024-09-18 10:57:30.241000,412.1466881688145,1002
2024-09-18 10:57:30.281000,412.16347114115945,998
2024-09-18 10:57:30.330000,412.1274120637237,105
2024-09-18 10:57:30.330000,412.16128768819885,15
2024-09-18 10:57:30.344000,412.1488693057949,10
2024-09-18 10:57:30.384000,412.1597073040752,1005
2024-09-18 10:57:30.420000,412.1296458379644,998
2024-09-18 10:57:30.517000,412.1381120683859,1004
2024-09-18 10:57:30.526000,412.0846120978658,5
2024-09-18 10:57:30.530000,412.1124059059987,1000
2024-09-18 10:57:30.554000,412.1199104068359,102
2024-09-18 10:57:30.561000,412.139428110899,998
2024-09-18 10:57:30.600000,412.1553939898913,5
2024-09-18 10:57:30.606000,412.1712464451455,102
2024-09-18 10:57:30.742000,412.163351733573,1002
2024-09-18 10:57:30.777000,412.139378707469,1005
2024-09-18 10:57:30.785000,412.16515842734015,998
2024-09-18 10:57:30.917000,412.14955796064106,1001
2024-09-18 10:57:30.927000,412.1337173068528,97
2024-09-18 10:57:31.076000,412.0774009658286,96
2024-09-18 10:57:31.088000,412.0212593730725,99
2024-09-18 10:57:31.096000,411.98446317620784,95
2024-09-18 10:57:31.122000,412.074527006228,1005
2024-09-18 10:57:31.145000,412.0186332745719,105
2024-09-18 10:57:31.167000,412.0344705915308,998
2024-09-18 10:57:31.657000,411.9883243585434,5
2024-09-18 10:57:31.659000,412.00779316047823,97
2024-09-18 10:57:31.682000,412.0254593909473,11
2024-09-18 10:57:31.695000,411.9785713530958,103
2024-09-18 10:57:31.958000,412.0754819264662,13
2024-09-18 10:57:32.020000,411.9399597348972,997
2024-09-18 10:57:32.024000,411.9965318603282,96
2024-09-18 10:57:32.034000,411.9396664041138,8
2024-09-18 10:57:32.055000,411.89744878754993,96
2024-09-18 10:57:32.073000,411.9121039234574,1000
2024-09-18 10:57:32.086000,411.89860628580686,8
2024-09-18 10:57:32.104000,411.9011537886019,105
2024-09-18 10:57:32.107000,411.9267383768768,1002
2024-09-18 10:57:32.130000,411.8999541012975,7
2024-09-18 10:57:32.143000,411.9986266487797,8
2024-09-18 10:57:32.334000,411.9951438179357,11
2024-09-18 10:57:32.385000,411.99463152290673,12
2024-09-18 10:57:32.392000,411.9508882626551,8
2024-09-18 10:57:32.401000,411.9106761278032,14
2024-09-18 10:57:32.454000,411.9930848513496,11
2024-09-18 10:57:32.459000,411.91643182496216,1003
2024-09-18 10:57:32.486000,411.9205430090263,996
2024-09-18 10:57:32.531000,411.90289391525874,1003
2024-09-18 10:57:32.641000,411.8950384849444,14
2024-09-18 10:57:32.650000,411.9825056935095,11
2024-09-18 10:57:32.764000,411.916025256572,95
2024-09-18 10:57:32.809000,411.9819965325014,103
2024-09-18 10:57:32.854000,411.9338724527244,103
2024-09-18 10:57:32.904000,411.99689610265045,1000
2024-09-18 10:57:32.929000,411.9273586424582,6
2024-09-18 10:57:32.949000,411.89907971831775,97
2024-09-18 10:57:32.958000,411.99953453014376,8
2024-09-18 10:57:33.087000,411.8641443046368,97
2024-09-18 10:57:33.108000,411.8738599046368,102
2024-09-18 10:57:33.337000,411.89761230118427,102
2024-09-18 10:57:33.452000,411.8537224739132,102
2024-09-18 10:57:33.513000,411.8648363103251,1000
2024-09-18 10:57:33.627000,411.854242825958,996
2024-09-18 10:57:33.717000,411.8454219115605,13
2024-09-18 10:57:33.743000,411.8608893196017,97
2024-09-18 10:57:33.767000,411.8755330236821,995
2024-09-18 10:57:33.779000,411.8525297655425,1005
2024-09-18 10:57:33.859000,411.8415826262996,999
2024-09-18 10:57:34.013000,411.82976766163415,15
2024-09-18 10:57:34.037000,411.7916658659421,9
2024-09-18 10:57:34.047000,411.81864302209766,1004
2024-09-18 10:57:34.050000,411.7926325190412,10
2024-09-18 10:57:34.059000,411.7641925620024,98
2024-09-18 10:57:34.116000,411.7612330998079,12
2024-09-18 10:57:34.187000,411.8477483504519,9
2024-09-18 10:57:34.194000,411.7739301120132,1000
2024-09-18 10:57:34.285000,411.779162911114,14
2024-09-18 10:57:34.326000,411.7882458680738,7
2024-09-18 10:57:34.354000,411.7743042381475,996
2024-09-18 10:57:34.355000,411.7745077536893,1004
2024-09-18 10:57:34.396000,411.78962325880417,7
2024-09-18 10:57:34.430000,411.7775567017812,105
2024-09-18 10:57:34.442000,411.7935625954419,13
2024-09-18 10:57:34.534000,411.7921914318879,96
2024-09-18 10:57:34.551000,411.797146180178,5
2024-09-18 10:57:34.597000,411.8053139248699,96
2024-09-18 10:57:34.623000,411.810842813427,1005
2024-09-18 10:57:34.624000,411.82995270536657,1003
2024-09-18 10:57:34.660000,411.7867316235391,100
2024-09-18 10:57:34.669000,411.7880203570923,99
2024-09-18 10:57:34.710000,411.79792277425145,1002
2024-09-18 10:57:34.729000,411.8142588627061,1004
2024-09-18 10:57:34.752000,411.81057624991263,101
2024-09-18 10:57:34.763000,411.7788761952239,1004
2024-09-18 10:57:34.772000,411.7827985946644,98
2024-09-18 10:57:34.911000,411.7953775179792,1003
2024-09-18 10:57:34.946000,411.7765318810955,95
2024-09-18 10:57:34.981000,411.7751758040535,7
2024-09-18 10:57:35.032000,411.8631778724693,95
2024-09-18 10:57:35.140000,411.8914473903969,999
2024-09-18 10:57:35.200000,411.8884607720726,997
2024-09-18 10:57:35.206000,411.8668037691671,6
2024-09-18 10:57:35.223000,411.8878181117222,1001
2024-09-18 10:57:35.301000,411.8280241739871,1002
2024-09-18 10:57:35.308000,411.8758829054689,5
2024-09-18 10:57:35.345000,411.899499929334,105
2024-09-18 10:57:35.408000,411.8961093331508,103
2024-09-18 10:57:35.413000,411.8961378974972,105
2024-09-18 10:57:35.505000,411.88705776332586,7
2024-09-18 10:57:35.536000,411.8939742112199,11
2024-09-18 10:57:35.636000,411.8915086151613,104
2024-09-18 10:57:35.671000,411.90157004265774,11
2024-09-18 10:57:35.716000,411.88233122026287,95
2024-09-18 10:57:35.729000,411.902487446046,105
2024-09-18 10:57:35.795000,411.8822723950783,15
2024-09-18 10:57:35.879000,411.8909615429289,6
2024-09-18 10:57:35.904000,411.8826429250916,6
2024-09-18 10:57:35.910000,411.8868851829904,104
2024-09-18 10:57:35.921000,411.8426686606756,5
2024-09-18 10:57:35.954000,411.8608092632896,14
2024-09-18 10:57:35.999000,411.8865845417607,98
2024-09-18 10:57:36.016000,411.87888736681055,1004
2024-09-18 10:57:36.064000,411.8765630575661,104
2024-09-18 10:57:36.120000,411.872115129465,7
2024-09-18 10:57:36.137000,411.8805114294065,95
2024-09-18 10:57:36.275000,411.8680205859452,96
2024-09-18 10:57:36.378000,411.8629972730469,997
2024-09-18 10:57:36.384000,411.89135498680736,995
2024-09-18 10:57:36.393000,411.8606964647904,996
2024-09-18 10:57:36.442000,411.8470424856328,5
2024-09-18 10:57:36.454000,411.86479298889697,1002
2024-09-18 10:57:36.468000,411.8806476805092,103
2024-09-18 10:57:36.524000,411.85382434548114,101
2024-09-18 10:57:36.550000,411.85526011008056,8
2024-09-18 10:57:36.564000,411.8917713542724,12
2024-09-18 10:57:36.745000,411.87186612928593,7
2024-09-18 10:57:36.780000,411.88017419940974,6
2024-09-18 10:57:36.787000,411.87915640613073,102
2024-09-18 10:57:36.807000,411.9265585495941,6
2024-09-18 10:57:36.896000,411.8823183064871,95
2024-09-18 10:57:36.950000,411.87631114753,997
2024-09-18 10:57:36.962000,411.9101859168914,5
2024-09-18 10:57:37.344000,411.9376812192591,1001
2024-09-18 10:57:37.370000,411.9372372530525,7
2024-09-18 10:57:37.371000,411.9825977229973,98
2024-09-18 10:57:37.468000,412.01466408771415,99
2024-09-18 10:57:37.510000,411.93607971506657,104
2024-09-18 10:57:37.608000,411.9362219430415,102
2024-09-18 10:57:37.623000,411.9353031317482,1004
2024-09-18 10:57:37.634000,411.95445108672334,103
2024-09-18 10:57:37.726000,411.9229965045508,103
2024-09-18 10:57:37.738000,411.9582671560875,6
2024-09-18 10:57:37.789000,411.9162121272507,95
2024-09-18 10:57:37.799000,411.9980302689253,7
2024-09-18 10:57:37.836000,411.9895318415115,996
2024-09-18 10:57:37.858000,411.9912970340053,95
2024-09-18 10:57:37.888000,411.9909228447213,104
2024-09-18 10:57:37.928000,412.0032076812636,103
2024-09-18 10:57:38.028000,412.01640956498267,1001
2024-09-18 10:57:38.066000,411.9977270346085,1003
2024-09-18 10:57:38.101000,412.07099701417,999
2024-09-18 10:57:38.164000,412.0595093033572,102
2024-09-18 10:57:38.225000,412.01504211193054,1003
2024-09-18 10:57:38.393000,412.0099823532474,97
2024-09-18 10:57:38.591000,411.9755365795938,5
2024-09-18 10:57:38.599000,411.9772963758967,11
2024-09-18 10:57:38.599000,411.9748511293628,105
2024-09-18 10:57:38.609000,412.0425346280356,9
2024-09-18 10:57:38.716000,412.0311629366403,99
2024-09-18 10:57:38.722000,411.9772579706521,996
2024-09-18 10:57:38.810000,412.0209628157687,6
2024-09-18 10:57:38.828000,412.0049476294131,12
2024-09-18 10:57:38.849000,412.0462897198476,1002
2024-09-18 10:57:38.928000,411.999121222496,7
2024-09-18 10:57:38.945000,412.016015427978,7
2024-09-18 10:57:38.961000,412.01474832451146,1004
2024-09-18 10:57:39.044000,412.05753712664,5
2024-09-18 10:57:39.512000,412.0819201203589,105
2024-09-18 10:57:39.529000,412.04767288636793,1002
2024-09-18 10:57:39.529000,412.068387251182,998
2024-09-18 10:57:39.914000,412.0698009734615,1001
2024-09-18 10:57:40.099000,412.04550995084935,15
2024-09-18 10:57:40.102000,412.0429172757683,105
2024-09-18 10:57:40.127000,412.040323106984,10
2024-09-18 10:57:40.209000,412.0385552579621,105
2024-09-18 10:57:40.244000,412.05384239341424,101
2024-09-18 10:57:40.249000,412.0059634881221,95
2024-09-18 10:57:40.304000,411.9875176977862,7
2024-09-18 10:57:40.323000,411.9835042820217,996
2024-09-18 10:57:40.521000,412.0531650789113,998
2024-09-18 10:57:40.613000,412.05055046939685,7
2024-09-18 10:57:40.641000,412.008303497086,1004
2024-09-18 10:57:40.650000,412.0215083321341,1003
2024-09-18 10:57:40.676000,412.0406429778868,100
2024-09-18 10:57:40.699000,412.0031818723246,101
2024-09-18 10:57:40.722000,412.0556862836178,103
2024-09-18 10:57:40.751000,412.00192107059,998
2024-09-18 10:57:40.772000,411.9847825942281,1000
2024-09-18 10:57:40.888000,411.9961917247687,8
2024-09-18 10:57:40.955000,412.033476615389,7
2024-09-18 10:57:41.120000,412.00066619700897,103
2024-09-18 10:57:41.152000,412.0036030660353,10
2024-09-18 10:57:41.891000,411.9969358498472,100
2024-09-18 10:57:41.913000,411.9935291771897,1002
2024-09-18 10:57:42.010000,411.99154244276616,997
2024-09-18 10:57:42.012000,412.0035126311236,14
2024-09-18 10:57:42.159000,412.0501799663006,8
2024-09-18 10:57:42.161000,412.0191746535049,10
2024-09-18 10:57:42.229000,412.0391531057266,5
2024-09-18 10:57:42.252000,412.0172471292304,10
2024-09-18 10:57:42.456000,412.0443842353689,6
2024-09-18 10:57:42.476000,411.99062022749393,995
2024-09-18 10:57:42.491000,411.9830341932377,99
2024-09-18 10:57:42.546000,412.00555389458384,997
2024-09-18 10:57:42.552000,411.9768144280694,996
2024-09-18 10:57:42.562000,412.0084411782783,8
2024-09-18 10:57:42.601000,411.99873404544354,13
2024-09-18 10:57:42.603000,412.0420913199317,6
2024-09-18 10:57:42.626000,411.9962454653855,103
2024-09-18 10:57:42.642000,411.988124257538,15
2024-09-18 10:57:42.786000,412.0162752579069,99
2024-09-18 10:57:42.808000,412.0520533940997,5
2024-09-18 10:57:42.821000,412.02704953974455,14
2024-09-18 10:57:42.860000,412.04087031825225,995
2024-09-18 10:57:42.912000,412.0046894815282,999
2024-09-18 10:57:42.922000,411.98855090284366,6
2024-09-18 10:57:42.962000,411.9974877786053,13
2024-09-18 10:57:43.133000,412.0072968794889,7
2024-09-18 10:57:43.529000,411.9636511156187,11
2024-09-18 10:57:43.614000,411.9933706685713,12
2024-09-18 10:57:43.654000,412.0016676005042,999
2024-09-18 10:57:43.969000,411.927982107971,1000
2024-09-18 10:57:44.457000,411.92352490337214,13
2024-09-18 10:57:44.792000,411.92924793634216,95
2024-09-18 10:57:45.078000,411.9785109902895,95
2024-09-18 10:57:45.107000,411.9660250972879,95
2024-09-18 10:57:45.166000,411.9561670290407,96
2024-09-18 10:57:45.241000,411.9297114057345,105
2024-09-18 10:57:45.302000,411.98394937474,996
2024-09-18 10:57:45.372000,411.9326155967473,98
2024-09-18 10:57:45.429000,411.9344675947234,101
2024-09-18 10:57:45.436000,411.9306726718762,95
2024-09-18 10:57:45.536000,411.9582514591975,6
2024-09-18 10:57:45.660000,411.9792129166936,105
2024-09-18 10:57:45.686000,411.9834715697708,12
2024-09-18 10:57:45.780000,411.94732361848463,1000
2024-09-18 10:57:45.811000,411.9707675662877,13
2024-09-18 10:57:45.903000,411.97690933021664,9
2024-09-18 10:57:45.965000,411.9671984198144,101
2024-09-18 10:57:46.033000,411.9573029638274,11
2024-09-18 10:57:46.047000,411.9849581471587,10
2024-09-18 10:57:46.117000,411.9394889896169,1003
2024-09-18 10:57:46.134000,412.0042421528014,1000
2024-09-18 10:57:46.146000,411.9842511050918,104
2024-09-18 10:57:46.153000,411.9994531334722,997
2024-09-18 10:57:46.169000,411.9682677531504,12
2024-09-18 10:57:46.206000,412.002827344216,7
2024-09-18 10:57:46.302000,411.9886147811749,10
2024-09-18 10:57:46.359000,411.9698855455685,13
2024-09-18 10:57:46.369000,411.9934524108888,9
2024-09-18 10:57:46.415000,411.9450865452913,99
2024-09-18 10:57:46.500000,411.9963760399971,101
2024-09-18 10:57:46.502000,411.95811151732016,98
2024-09-18 10:57:46.505000,411.9948369998402,1005
2024-09-18 10:57:46.516000,411.9781320815732,11
2024-09-18 10:57:46.571000,411.9625041157623,100
2024-09-18 10:57:46.584000,411.97622327066966,1002
2024-09-18 10:57:46.596000,411.9892490785117,995
2024-09-18 10:57:46.683000,411.991473451527,996
2024-09-18 10:57:46.710000,411.9731371233302,9
2024-09-18 10:57:46.745000,411.9790930223231,9
2024-09-18 10:57:46.759000,411.9962500581979,14
2024-09-18 10:57:46.813000,411.98178888576206,8
2024-09-18 10:57:46.831000,411.9693178814869,5
2024-09-18 10:57:46.855000,411.9717578640955,99
2024-09-18 10:57:46.881000,411.9676025736484,996
2024-09-18 10:57:46.881000,411.9396580195054,1002
2024-09-18 10:57:47.023000,411.9956053212741,5
2024-09-18 10:57:47.109000,411.9425580316416,1001
2024-09-18 10:57:47.175000,411.95723938620745,12
2024-09-18 10:57:47.215000,411.9424207826177,98
2024-09-18 10:57:47.217000,411.9376740961446,96
2024-09-18 10:57:47.260000,411.9434525028587,97
2024-09-18 10:57:47.420000,411.9238477053799,102
2024-09-18 10:57:47.560000,411.9150756125436,15
2024-09-18 10:57:47.620000,411.9425136752514,6
2024-09-18 10:57:47.628000,411.9878603547015,5
2024-09-18 10:57:47.721000,411.9915833778607,1005
2024-09-18 10:57:47.786000,411.930639398047,1003
2024-09-18 10:57:47.821000,411.9979827919568,99
2024-09-18 10:57:47.847000,411.9738824086875,6
2024-09-18 10:57:47.919000,411.9505565014734,1000
2024-09-18 10:57:47.931000,411.9460338515753,97
2024-09-18 10:57:47.974000,411.9246162232655,14
2024-09-18 10:57:48.017000,411.95849081614426,105
2024-09-18 10:57:48.064000,411.9075995599494,1002
2024-09-18 10:57:48.324000,411.9436928080753,99
2024-09-18 10:57:48.336000,411.94320741048216,105
2024-09-18 10:57:48.458000,411.9322486605841,996
2024-09-18 10:57:48.547000,411.9284340652084,100
2024-09-18 10:57:48.585000,411.9578723478372,95
2024-09-18 10:57:48.617000,411.95494033488114,998
2024-09-18 10:57:48.876000,411.9275498332943,1004
2024-09-18 10:57:48.878000,411.9432717426175,996
2024-09-18 10:57:48.888000,411.9366847053904,12
2024-09-18 10:57:48.896000,411.95849946146353,15
2024-09-18 10:57:48.952000,411.9516474478073,997
2024-09-18 10:57:49.002000,411.9468164074223,102
2024-09-18 10:57:49.016000,411.94886886460847,7
2024-09-18 10:57:49.016000,411.9682506053286,996
2024-09-18 10:57:49.062000,411.9480559902898,1005
2024-09-18 10:57:49.173000,411.9437635058436,5
2024-09-18 10:57:49.186000,411.9580505477466,1002
2024-09-18 10:57:49.243000,411.9502843540229,1000
2024-09-18 10:57:49.314000,411.983978216953,104
2024-09-18 10:57:49.462000,411.9486196587878,995
2024-09-18 10:57:49.605000,411.9879005264118,97
2024-09-18 10:57:49.650000,411.9894496612726,103
2024-09-18 10:57:49.699000,411.9586077262473,101
2024-09-18 10:57:49.705000,411.9378135560065,101
2024-09-18 10:57:49.832000,411.9684319590126,13
2024-09-18 10:57:49.855000,411.9704375242293,1005
2024-09-18 10:57:49.881000,411.9705743599296,96
2024-09-18 10:57:49.937000,411.96042453561904,13
2024-09-18 10:57:49.952000,411.9440142516266,102
2024-09-18 10:57:49.956000,411.9387979290817,8
2024-09-18 10:57:49.959000,411.93175452823226,15
2024-09-18 10:57:49.961000,411.9206436986568,97
2024-09-18 10:57:49.964000,411.9134147357134,95
2024-09-18 10:57:49.969000,411.9809260248436,6
2024-09-18 10:57:49.999000,411.9618655800799,11
2024-09-18 10:57:50.195000,411.929181579558,99
2024-09-18 10:57:50.424000,411.9294581409533,105
2024-09-18 10:57:50.425000,411.9584533542536,1002
2024-09-18 10:57:50.662000,411.94757249453033,102
2024-09-18 10:57:50.662000,411.9609553069697,13
2024-09-18 10:57:50.710000,411.9527657231829,1000
2024-09-18 10:57:50.713000,411.9518337168268,95
2024-09-18 10:57:50.728000,411.9191085884938,10
2024-09-18 10:57:50.729000,411.9285701128531,999
2024-09-18 10:57:50.746000,411.9265198193715,13
2024-09-18 10:57:50.795000,411.9085439279905,104
2024-09-18 10:57:50.810000,411.9217597610544,996
2024-09-18 10:57:50.954000,411.9669100294184,14
2024-09-18 10:57:50.981000,411.9318095119506,96
2024-09-18 10:57:51.043000,411.95879316287335,1005
2024-09-18 10:57:51.059000,411.9556837392403,1000
2024-09-18 10:57:51.112000,411.94843976305566,98
2024-09-18 10:57:51.167000,411.9864557923622,99
2024-09-18 10:57:51.311000,411.9489959872845,99
2024-09-18 10:57:51.346000,411.97465079377616,997
2024-09-18 10:57:51.356000,411.97053549645824,15
2024-09-18 10:57:51.365000,411.9351153973427,995
2024-09-18 10:57:51.378000,411.977547763142,8
2024-09-18 10:57:51.472000,411.9387895647966,96
2024-09-18 10:57:51.484000,411.95397458870536,101
2024-09-18 10:57:51.489000,411.9532073229653,998
2024-09-18 10:57:51.513000,411.9369087012253,103
2024-09-18 10:57:51.573000,411.9495811212364,9
2024-09-18 10:57:51.628000,411.9374563435572,999
2024-09-18 10:57:51.633000,411.9576947134515,997
2024-09-18 10:57:51.649000,411.9647000581438,5
2024-09-18 10:57:51.772000,411.925564460666,14
2024-09-18 10:57:51.936000,411.95491917287154,105
2024-09-18 10:57:51.973000,411.9771734235693,97
2024-09-18 10:57:51.989000,411.94089995589695,1003
2024-09-18 10:57:51.993000,411.953420575722,9
2024-09-18 10:57:51.999000,411.9617234131253,9
2024-09-18 10:57:52.053000,411.99540106557,96
2024-09-18 10:57:52.103000,412.044526657235,1002
2024-09-18 10:57:52.128000,412.0335960481949,105
2024-09-18 10:57:52.148000,412.0186197991707,11
2024-09-18 10:57:52.209000,411.9929918774888,101
2024-09-18 10:57:52.282000,411.983445896456,103
2024-09-18 10:57:52.332000,411.9818906624541,996
2024-09-18 10:57:52.354000,412.0080912990463,95
2024-09-18 10:57:52.360000,412.0163393630846,11
2024-09-18 10:57:52.376000,411.9953498614598,1003
2024-09-18 10:57:52.433000,411.9895375053465,5
2024-09-18 10:57:52.477000,412.003750645138,12
2024-09-18 10:57:52.497000,412.0188012236508,6
2024-09-18 10:57:52.509000,411.9966418007452,104
2024-09-18 10:57:52.533000,412.010547901962,98
2024-09-18 10:57:52.568000,412.0549891766264,1005
2024-09-18 10:57:52.581000,411.9994055303318,15
2024-09-18 10:57:52.693000,411.999412045905,96
2024-09-18 10:57:52.711000,412.0052530080342,102
2024-09-18 10:57:52.791000,412.04548313072223,105
2024-09-18 10:57:52.836000,411.9932346970937,996
2024-09-18 10:57:52.959000,412.01053923973245,96
2024-09-18 10:57:52.963000,411.9729255412305,999
2024-09-18 10:57:52.974000,412.02506339241467,1004
2024-09-18 10:57:52.988000,412.0119392423136,1000
2024-09-18 10:57:52.990000,411.9805163558677,97
2024-09-18 10:57:52.998000,411.97829949282414,100
2024-09-18 10:57:53.032000,411.98142332588645,7
2024-09-18 10:57:53.909000,411.99629609741663,98
2024-09-18 10:57:53.966000,411.9857386290892,14
2024-09-18 10:57:54.156000,412.02380263136587,8
2024-09-18 10:57:54.250000,412.0377984604775,1003
2024-09-18 10:57:54.265000,412.04612542027263,95
2024-09-18 10:57:54.316000,412.0287077099129,95
2024-09-18 10:57:54.383000,412.0458323159194,7
2024-09-18 10:57:54.412000,412.0257161224436,98
2024-09-18 10:57:54.626000,412.03432244349074,5
2024-09-18 10:57:54.693000,412.0135845186266,998
2024-09-18 10:57:54.889000,412.0241199091267,998
2024-09-18 10:57:55.125000,412.0521663421816,6
2024-09-18 10:57:55.222000,412.0511249393824,14
2024-09-18 10:57:55.417000,412.0447355683753,1000
2024-09-18 10:57:55.724000,412.0709293843659,8
2024-09-18 10:57:56.189000,412.0608556480442,104
2024-09-18 10:57:56.195000,412.0434893910098,1000
2024-09-18 10:57:56.394000,412.0363452721195,98
2024-09-18 10:57:56.438000,412.07395853835294,11
2024-09-18 10:57:56.767000,412.0589511308405,5
2024-09-18 10:57:56.874000,412.0741777277313,15
2024-09-18 10:57:56.916000,412.06206059642784,15
2024-09-18 10:57:57.117000,412.0708531883071,1001
2024-09-18 10:57:57.213000,412.1037248940205,9
2024-09-18 10:57:57.258000,412.0840371223591,1004
2024-09-18 10:57:57.526000,412.0584090991687,101
2024-09-18 10:57:58.072000,412.1060317496522,1002
2024-09-18 10:57:58.201000,412.0788615759015,10
2024-09-18 10:57:58.258000,412.0847819003488,103
2024-09-18 10:57:58.365000,412.1032256833281,995
2024-09-18 10:57:58.524000,412.0987820788721,15
2024-09-18 10:57:58.847000,412.0891503327047,12
2024-09-18 10:57:59.024000,412.0946612046733,97
2024-09-18 10:57:59.203000,412.0802396577949,1002
2024-09-18 10:57:59.226000,412.0762575542879,104
2024-09-18 10:57:59.269000,412.08940327841685,1005
2024-09-18 10:57:59.308000,412.0819710659999,98
2024-09-18 10:57:59.426000,412.1336499063263,11
2024-09-18 10:57:59.457000,412.06768227699104,103
2024-09-18 10:57:59.506000,412.1059832752428,95
2024-09-18 10:57:59.508000,412.073722051905,98
2024-09-18 10:57:59.604000,412.09704176890665,99
2024-09-18 10:57:59.629000,412.09323719124205,95
2024-09-18 10:57:59.798000,412.1022280155033,997
2024-09-18 10:57:59.849000,412.161873753158,5
2024-09-18 10:57:59.892000,412.0974747404669,995
2024-09-18 10:57:59.914000,412.08582718564446,1003
