Timestamp,Price,Size
2024-09-19 14:07:00.015000,416.8929840258911,99
2024-09-19 14:07:00.040000,416.8939372890669,12
2024-09-19 14:07:00.053000,416.92878996852767,104
2024-09-19 14:07:00.144000,416.86792683313865,1001
2024-09-19 14:07:00.264000,416.87982891495295,1004
2024-09-19 14:07:00.358000,416.9281629049845,105
2024-09-19 14:07:00.485000,416.8867418676711,5
2024-09-19 14:07:00.545000,416.8582759411475,998
2024-09-19 14:07:00.582000,416.8874690280297,8
2024-09-19 14:07:00.768000,416.9278088186096,5
2024-09-19 14:07:00.814000,416.9210606669995,1002
2024-09-19 14:07:00.847000,416.8881155430791,1005
2024-09-19 14:07:00.853000,416.8881099766409,99
2024-09-19 14:07:00.956000,416.8749913447725,99
2024-09-19 14:07:00.996000,416.8635684812104,999
2024-09-19 14:07:01.392000,416.89875780071065,105
2024-09-19 14:07:01.553000,416.9053994656867,998
2024-09-19 14:07:02.229000,416.929464373177,9
2024-09-19 14:07:02.571000,416.9221895134988,8
2024-09-19 14:07:02.910000,416.9405335805525,95
2024-09-19 14:07:02.911000,416.9313177396499,104
2024-09-19 14:07:02.980000,416.9373391962988,14
2024-09-19 14:07:03.097000,416.9308780783505,1003
2024-09-19 14:07:03.246000,416.91097971785393,11
2024-09-19 14:07:03.272000,416.927790491141,105
2024-09-19 14:07:03.295000,416.9260276831286,105
2024-09-19 14:07:03.304000,416.9263591126193,102
2024-09-19 14:07:03.334000,416.9629177437088,105
2024-09-19 14:07:03.349000,416.95828838977246,9
2024-09-19 14:07:03.377000,416.8956838057018,1004
2024-09-19 14:07:03.377000,416.9602949683853,1000
2024-09-19 14:07:03.413000,416.9510560754304,7
2024-09-19 14:07:03.435000,416.9340609279157,1002
2024-09-19 14:07:03.477000,416.9737010328744,998
2024-09-19 14:07:03.515000,416.8971839025298,10
2024-09-19 14:07:03.553000,416.93005780330833,11
2024-09-19 14:07:03.570000,416.9415436907947,14
2024-09-19 14:07:03.574000,416.9633941235399,996
2024-09-19 14:07:03.575000,416.9666987943246,98
2024-09-19 14:07:03.623000,416.9631808745552,103
2024-09-19 14:07:03.639000,416.96600376481774,1004
2024-09-19 14:07:03.800000,416.8982333646695,97
2024-09-19 14:07:03.825000,416.94854676024295,999
2024-09-19 14:07:03.861000,416.9034404448944,7
2024-09-19 14:07:03.981000,416.9434742850461,1004
2024-09-19 14:07:03.983000,416.9159164228672,999
2024-09-19 14:07:04.265000,416.9453721353854,997
2024-09-19 14:07:04.316000,416.9600067244534,998
2024-09-19 14:07:04.782000,416.9408248740124,999
2024-09-19 14:07:05.050000,416.89526934474105,5
2024-09-19 14:07:05.116000,416.8801475104626,9
2024-09-19 14:07:05.127000,416.9090031213092,10
2024-09-19 14:07:05.241000,416.9397609897803,105
2024-09-19 14:07:05.320000,416.9180873891968,999
2024-09-19 14:07:05.737000,416.96438045579,105
2024-09-19 14:07:05.740000,416.9660894763364,1004
2024-09-19 14:07:05.847000,416.9701019689456,1004
2024-09-19 14:07:05.852000,416.9287282468474,5
2024-09-19 14:07:05.909000,416.95551826428624,96
2024-09-19 14:07:06.105000,416.8022640459576,102
2024-09-19 14:07:06.228000,416.7470409879902,102
2024-09-19 14:07:06.231000,416.879671931124,99
2024-09-19 14:07:06.321000,416.8245267314754,998
2024-09-19 14:07:06.325000,416.765445727297,10
2024-09-19 14:07:06.376000,416.853799456205,15
2024-09-19 14:07:06.384000,416.77074179940814,1002
2024-09-19 14:07:06.421000,416.728566898555,1004
2024-09-19 14:07:06.463000,416.7513171392147,95
2024-09-19 14:07:06.496000,416.8432722616818,100
2024-09-19 14:07:06.529000,416.7982875069266,997
2024-09-19 14:07:06.570000,416.73385433141885,1004
2024-09-19 14:07:06.598000,416.79680126005366,102
2024-09-19 14:07:06.617000,416.7929416474515,1003
2024-09-19 14:07:06.654000,416.806074888032,100
2024-09-19 14:07:06.655000,416.7875041611528,8
2024-09-19 14:07:06.660000,416.8866750685279,1004
2024-09-19 14:07:06.763000,416.7340405179799,8
2024-09-19 14:07:06.787000,416.84435089499766,102
2024-09-19 14:07:06.807000,416.81750664418615,15
2024-09-19 14:07:06.838000,416.795235293725,105
2024-09-19 14:07:06.842000,416.73201575799663,97
2024-09-19 14:07:06.896000,416.76485890132767,95
2024-09-19 14:07:06.936000,416.7640484528375,7
2024-09-19 14:07:06.971000,416.8034220587205,99
2024-09-19 14:07:06.981000,416.8517477514235,102
2024-09-19 14:07:07.004000,416.72654663090594,15
2024-09-19 14:07:07.008000,416.72903664801873,997
2024-09-19 14:07:07.041000,416.75080274281896,1005
2024-09-19 14:07:07.043000,416.7129316408728,1003
2024-09-19 14:07:07.049000,416.7636270525594,100
2024-09-19 14:07:07.061000,416.7285997235708,99
2024-09-19 14:07:07.120000,416.76466159274855,10
2024-09-19 14:07:07.167000,416.7637140490275,96
2024-09-19 14:07:07.194000,416.7676867256808,12
2024-09-19 14:07:07.266000,416.74089955383135,999
2024-09-19 14:07:07.281000,416.7506271702584,999
2024-09-19 14:07:07.339000,416.711100979188,96
2024-09-19 14:07:07.424000,416.7090578980665,105
2024-09-19 14:07:07.606000,416.7663896587062,97
2024-09-19 14:07:07.680000,416.7915307219851,98
2024-09-19 14:07:07.715000,416.7545381747008,95
2024-09-19 14:07:07.729000,416.7637535920653,105
2024-09-19 14:07:07.771000,416.7788294914821,95
2024-09-19 14:07:08.158000,416.80746568626336,10
2024-09-19 14:07:08.219000,416.8010933594365,1001
2024-09-19 14:07:08.221000,416.8023501780201,5
2024-09-19 14:07:08.232000,416.7874432307088,95
2024-09-19 14:07:08.360000,416.7701570763226,998
2024-09-19 14:07:08.425000,416.7709402838004,98
2024-09-19 14:07:08.484000,416.7735385153797,996
2024-09-19 14:07:08.565000,416.8045612209595,99
2024-09-19 14:07:08.663000,416.79505656437993,95
2024-09-19 14:07:08.714000,416.7761567144328,14
2024-09-19 14:07:08.790000,416.79252428893466,12
2024-09-19 14:07:08.934000,416.8161852845574,15
2024-09-19 14:07:09.259000,416.82655707554494,97
2024-09-19 14:07:09.274000,416.8234088381336,101
2024-09-19 14:07:09.305000,416.8387046933452,95
2024-09-19 14:07:09.475000,416.81455124668537,997
2024-09-19 14:07:09.506000,416.8098330003143,1003
2024-09-19 14:07:09.518000,416.79492890460494,1002
2024-09-19 14:07:09.518000,416.78681140377705,1004
2024-09-19 14:07:09.536000,416.80139944564513,101
2024-09-19 14:07:09.548000,416.80299613412336,7
2024-09-19 14:07:09.677000,416.8249887769255,101
2024-09-19 14:07:09.732000,416.7932277092951,100
2024-09-19 14:07:09.736000,416.8394063529372,997
2024-09-19 14:07:09.759000,416.8112193907422,999
2024-09-19 14:07:09.845000,416.8373355653896,14
2024-09-19 14:07:09.928000,416.81427209598814,100
2024-09-19 14:07:09.930000,416.78645347270606,12
2024-09-19 14:07:09.938000,416.7841449290068,97
2024-09-19 14:07:10.011000,416.8349521971218,105
2024-09-19 14:07:10.028000,416.8449657357621,8
2024-09-19 14:07:10.040000,416.8554267425629,14
2024-09-19 14:07:10.040000,416.85156164503337,100
2024-09-19 14:07:10.062000,416.8465109364059,1001
2024-09-19 14:07:10.133000,416.8217685393199,105
2024-09-19 14:07:10.164000,416.8344691920742,15
2024-09-19 14:07:10.216000,416.8544893004901,7
2024-09-19 14:07:10.250000,416.8621269055444,98
2024-09-19 14:07:10.264000,416.8410778977788,105
2024-09-19 14:07:10.285000,416.8337136365034,997
2024-09-19 14:07:10.327000,416.8166636401865,997
2024-09-19 14:07:10.412000,416.8530472699716,97
2024-09-19 14:07:10.448000,416.8138479330446,7
2024-09-19 14:07:10.459000,416.8521557883868,1000
2024-09-19 14:07:10.482000,416.8340195217843,99
2024-09-19 14:07:10.496000,416.8526105564521,6
2024-09-19 14:07:10.507000,416.8534452374949,7
2024-09-19 14:07:10.560000,416.8658281200365,96
2024-09-19 14:07:10.572000,416.85291642069257,103
2024-09-19 14:07:10.635000,416.83102032450927,6
2024-09-19 14:07:10.685000,416.8797459685338,8
2024-09-19 14:07:10.697000,416.8623459928904,97
2024-09-19 14:07:10.701000,416.8839078429207,105
2024-09-19 14:07:10.718000,416.8628179807663,996
2024-09-19 14:07:10.791000,416.8560336675228,997
2024-09-19 14:07:10.794000,416.8532705612459,96
2024-09-19 14:07:10.827000,416.8408476633173,1002
2024-09-19 14:07:10.843000,416.9069822647343,9
2024-09-19 14:07:10.917000,416.8450083158573,96
2024-09-19 14:07:11.013000,416.8717329935263,10
2024-09-19 14:07:11.042000,416.8750269697766,996
2024-09-19 14:07:11.079000,416.9236186605548,99
2024-09-19 14:07:11.097000,416.9344742063384,8
2024-09-19 14:07:11.183000,416.858851320766,9
2024-09-19 14:07:11.210000,416.8712032710294,1004
2024-09-19 14:07:11.273000,416.9263731171541,1001
2024-09-19 14:07:11.457000,416.90318801726886,10
2024-09-19 14:07:11.512000,416.8810486091731,95
2024-09-19 14:07:11.578000,416.8748871804654,999
2024-09-19 14:07:11.598000,416.8821964884229,105
2024-09-19 14:07:11.618000,416.919349915292,8
2024-09-19 14:07:11.621000,416.87293942153536,105
2024-09-19 14:07:11.765000,416.8634690893364,6
2024-09-19 14:07:11.854000,416.9145793368935,99
2024-09-19 14:07:11.885000,416.91886484606607,1005
2024-09-19 14:07:11.905000,416.9422186830985,102
2024-09-19 14:07:11.944000,416.8647696751681,1000
2024-09-19 14:07:12.276000,416.8730831726208,997
2024-09-19 14:07:13.008000,416.8293188886717,15
2024-09-19 14:07:13.012000,416.886644993576,1002
2024-09-19 14:07:13.112000,416.82843354181904,11
2024-09-19 14:07:13.113000,416.8231005267321,1000
2024-09-19 14:07:13.287000,416.8648578188721,13
2024-09-19 14:07:13.344000,416.8665230478714,9
2024-09-19 14:07:13.351000,416.87269541078814,105
2024-09-19 14:07:13.358000,416.8656213452949,96
2024-09-19 14:07:13.367000,416.8300801158106,5
2024-09-19 14:07:13.437000,416.84744175779423,11
2024-09-19 14:07:13.439000,416.8624433772577,102
2024-09-19 14:07:13.448000,416.8831815160437,96
2024-09-19 14:07:13.485000,416.8222248275136,10
2024-09-19 14:07:13.554000,416.87147006903865,102
2024-09-19 14:07:13.575000,416.8200702775799,1001
2024-09-19 14:07:13.600000,416.88119981992793,999
2024-09-19 14:07:13.628000,416.85055370755,98
2024-09-19 14:07:13.632000,416.8426332737111,10
2024-09-19 14:07:13.637000,416.8187825665749,9
2024-09-19 14:07:13.638000,416.8184986591664,105
2024-09-19 14:07:13.702000,416.8640922685533,100
2024-09-19 14:07:13.742000,416.8234697558433,14
2024-09-19 14:07:13.743000,416.8656677059776,104
2024-09-19 14:07:13.833000,416.8671638268594,9
2024-09-19 14:07:13.860000,416.8111512604976,11
2024-09-19 14:07:13.912000,416.8506667598604,10
2024-09-19 14:07:14.061000,416.8854297313727,13
2024-09-19 14:07:14.111000,416.9027362679584,10
2024-09-19 14:07:14.170000,416.8846931298676,1005
2024-09-19 14:07:14.210000,416.8823650780556,6
2024-09-19 14:07:14.360000,416.8936206540437,1004
2024-09-19 14:07:14.452000,416.9125915658712,97
2024-09-19 14:07:14.711000,416.912303237434,999
2024-09-19 14:07:15.218000,416.90863813547,101
2024-09-19 14:07:15.451000,416.8976733409236,1000
2024-09-19 14:07:15.532000,416.9030200860336,12
2024-09-19 14:07:15.739000,416.9219787568024,1000
2024-09-19 14:07:15.783000,416.8929922000305,997
2024-09-19 14:07:15.797000,416.88716997689136,102
2024-09-19 14:07:15.807000,416.9143581311975,10
2024-09-19 14:07:15.822000,416.8860451987383,1000
2024-09-19 14:07:15.889000,416.9043472010665,1002
2024-09-19 14:07:16.035000,416.9132118339791,104
2024-09-19 14:07:16.100000,416.88556734767496,105
2024-09-19 14:07:16.217000,416.92691699916696,5
2024-09-19 14:07:16.280000,416.9317266388582,13
2024-09-19 14:07:16.356000,416.9400709067547,97
2024-09-19 14:07:16.358000,416.88080455900393,6
2024-09-19 14:07:16.384000,416.9217578650393,8
2024-09-19 14:07:16.495000,416.9697916519025,11
2024-09-19 14:07:16.583000,416.9154988937629,1003
2024-09-19 14:07:16.589000,416.94848592559146,96
2024-09-19 14:07:16.595000,416.9074551846261,1001
2024-09-19 14:07:16.620000,416.9474189891768,15
2024-09-19 14:07:16.689000,416.94599238470346,8
2024-09-19 14:07:16.716000,416.9296992050962,997
2024-09-19 14:07:16.727000,416.92859066181234,104
2024-09-19 14:07:16.756000,416.9228272207488,12
2024-09-19 14:07:16.764000,416.902131305662,105
2024-09-19 14:07:16.808000,416.8934317474461,12
2024-09-19 14:07:16.829000,416.8734970727426,6
2024-09-19 14:07:16.850000,416.908093614061,105
2024-09-19 14:07:16.893000,416.893951262111,996
2024-09-19 14:07:16.958000,416.9350103256674,11
2024-09-19 14:07:16.968000,416.88347076083056,101
2024-09-19 14:07:16.968000,416.8840900230848,97
2024-09-19 14:07:16.977000,416.9535556358941,103
2024-09-19 14:07:16.984000,416.9365297003925,11
2024-09-19 14:07:17.036000,416.9984963813324,99
2024-09-19 14:07:17.147000,416.9867261592567,13
2024-09-19 14:07:17.215000,416.9929485643912,10
2024-09-19 14:07:17.264000,416.9906470668676,12
2024-09-19 14:07:17.273000,417.0156890968306,9
2024-09-19 14:07:17.336000,417.0266368260975,99
2024-09-19 14:07:17.370000,417.0231444160192,996
2024-09-19 14:07:17.377000,416.9879170590077,99
2024-09-19 14:07:17.430000,416.9632836636654,1000
2024-09-19 14:07:17.458000,416.9889663265066,1000
2024-09-19 14:07:17.471000,416.9868740610162,97
2024-09-19 14:07:17.477000,416.9499230906343,105
2024-09-19 14:07:17.478000,416.9955406970744,100
2024-09-19 14:07:17.537000,416.98707493024136,100
2024-09-19 14:07:17.544000,417.0193706413047,1004
2024-09-19 14:07:17.631000,416.9870379947085,998
2024-09-19 14:07:17.692000,416.9533939528914,1005
2024-09-19 14:07:17.723000,417.01226637978255,102
2024-09-19 14:07:17.731000,416.9741387797117,7
2024-09-19 14:07:17.752000,417.0146287469864,102
2024-09-19 14:07:17.783000,417.0091696180478,9
2024-09-19 14:07:17.938000,416.9937652817953,999
2024-09-19 14:07:17.943000,416.9802788151607,1002
2024-09-19 14:07:17.991000,416.9586611059296,5
2024-09-19 14:07:18.037000,416.9703543880785,95
2024-09-19 14:07:18.093000,417.0219158429753,95
2024-09-19 14:07:18.352000,416.9573045044484,1003
2024-09-19 14:07:18.387000,416.9785390157528,102
2024-09-19 14:07:18.409000,416.93485540217847,1001
2024-09-19 14:07:18.433000,416.9421587170682,995
2024-09-19 14:07:18.663000,416.9413762331237,995
2024-09-19 14:07:18.788000,417.0012173719029,15
2024-09-19 14:07:18.875000,417.0028805751833,1004
2024-09-19 14:07:18.903000,416.96203298725777,995
2024-09-19 14:07:18.954000,417.0129480622572,12
2024-09-19 14:07:19.047000,416.97442815578177,14
2024-09-19 14:07:19.083000,416.98055325729104,105
2024-09-19 14:07:19.183000,416.9910207793458,101
2024-09-19 14:07:19.251000,416.9877129140173,997
2024-09-19 14:07:19.324000,416.9863913337313,96
2024-09-19 14:07:19.333000,416.975827321661,14
2024-09-19 14:07:19.365000,416.98287417429015,1004
2024-09-19 14:07:19.627000,416.9576862617619,97
2024-09-19 14:07:19.668000,416.9820764623834,1001
2024-09-19 14:07:19.701000,416.9733200696924,15
2024-09-19 14:07:19.740000,417.00182455453,1004
2024-09-19 14:07:19.757000,416.9697661915583,10
2024-09-19 14:07:19.777000,416.9579685916562,103
2024-09-19 14:07:19.794000,416.9583828835239,1004
2024-09-19 14:07:19.844000,416.97588803475867,1005
2024-09-19 14:07:19.870000,416.9805386648006,101
2024-09-19 14:07:19.941000,416.9711717473401,8
2024-09-19 14:07:20.114000,417.021865126852,96
2024-09-19 14:07:20.330000,417.0131789752853,997
2024-09-19 14:07:20.869000,417.0168422931092,1004
2024-09-19 14:07:21.075000,416.9838857282225,1002
2024-09-19 14:07:21.121000,416.9846591094479,995
2024-09-19 14:07:21.141000,416.9799318718385,105
2024-09-19 14:07:21.149000,416.9945046323849,998
2024-09-19 14:07:21.172000,416.9799069196928,995
2024-09-19 14:07:21.177000,416.996740907993,7
2024-09-19 14:07:21.182000,417.03872880234354,1001
2024-09-19 14:07:21.271000,416.9969114117768,1004
2024-09-19 14:07:21.313000,417.0023081268209,7
2024-09-19 14:07:21.313000,417.0108621684764,8
2024-09-19 14:07:21.367000,416.9782744525776,11
2024-09-19 14:07:21.370000,417.04409160120224,99
2024-09-19 14:07:21.374000,417.0155919386492,99
2024-09-19 14:07:21.406000,416.9723206918903,105
2024-09-19 14:07:21.421000,417.02654245848,15
2024-09-19 14:07:21.422000,416.9788041278245,996
2024-09-19 14:07:21.478000,416.9929714354847,1001
2024-09-19 14:07:21.610000,416.9814618384015,5
2024-09-19 14:07:21.611000,416.97727310912967,1001
2024-09-19 14:07:21.652000,416.9938498630312,996
2024-09-19 14:07:21.656000,417.0131928507179,998
2024-09-19 14:07:21.728000,417.0126725539925,10
2024-09-19 14:07:21.734000,417.0387763047128,15
2024-09-19 14:07:21.799000,416.97989156726976,12
2024-09-19 14:07:21.829000,416.9936997078901,995
2024-09-19 14:07:21.926000,416.9737103655048,105
2024-09-19 14:07:21.970000,416.971845946672,12
2024-09-19 14:07:22,416.9952956490192,1004
2024-09-19 14:07:22.013000,416.9311245644136,1003
2024-09-19 14:07:22.067000,416.9766691053538,99
2024-09-19 14:07:22.129000,416.92885685577136,8
2024-09-19 14:07:22.158000,416.918282704154,105
2024-09-19 14:07:22.280000,416.999306852704,1005
2024-09-19 14:07:22.408000,416.9950140429982,5
2024-09-19 14:07:22.446000,416.93668863513193,101
2024-09-19 14:07:22.465000,416.93432056355874,996
2024-09-19 14:07:22.538000,416.99795272218967,96
2024-09-19 14:07:22.609000,416.920895441122,105
2024-09-19 14:07:22.701000,416.92153128941015,105
2024-09-19 14:07:22.904000,416.91896038105926,1000
2024-09-19 14:07:22.999000,416.9365803792334,10
2024-09-19 14:07:23.015000,416.9421162042137,1003
2024-09-19 14:07:23.053000,416.9087650230013,1001
2024-09-19 14:07:23.140000,416.92483944303126,10
2024-09-19 14:07:23.159000,416.9231544604628,12
2024-09-19 14:07:23.234000,416.9356568123952,12
2024-09-19 14:07:23.311000,416.9276906956419,101
2024-09-19 14:07:23.386000,416.9211905481462,10
2024-09-19 14:07:23.480000,416.9237874782123,102
2024-09-19 14:07:23.842000,416.9171618512141,996
2024-09-19 14:07:23.845000,416.9387666316464,1002
2024-09-19 14:07:23.943000,416.9208656775969,1004
2024-09-19 14:07:24.108000,416.940435990578,5
2024-09-19 14:07:24.123000,416.94112950461874,13
2024-09-19 14:07:24.162000,416.9484728446912,104
2024-09-19 14:07:24.218000,416.97120245152513,103
2024-09-19 14:07:24.247000,416.939018888509,6
2024-09-19 14:07:24.356000,416.9464445878283,11
2024-09-19 14:07:24.372000,416.9502820531344,95
2024-09-19 14:07:24.383000,416.9079166693932,1000
2024-09-19 14:07:24.404000,416.9367882790857,1000
2024-09-19 14:07:24.415000,416.9318771326979,9
2024-09-19 14:07:24.476000,416.959489388073,105
2024-09-19 14:07:24.518000,416.9931944808754,97
2024-09-19 14:07:24.532000,416.9530992893807,7
2024-09-19 14:07:24.576000,416.96595677489057,13
2024-09-19 14:07:24.605000,416.9529574626081,11
2024-09-19 14:07:24.708000,416.9241401629973,12
2024-09-19 14:07:24.757000,416.9183936696237,95
2024-09-19 14:07:24.829000,416.9363542580344,7
2024-09-19 14:07:24.833000,416.90795183119246,12
2024-09-19 14:07:24.834000,416.9643811481813,998
2024-09-19 14:07:24.848000,416.9445588138756,9
2024-09-19 14:07:24.892000,416.9313409216672,7
2024-09-19 14:07:24.900000,416.9536641423203,102
2024-09-19 14:07:25.030000,416.9791853112756,999
2024-09-19 14:07:25.036000,416.9968970163188,1001
2024-09-19 14:07:25.196000,416.99706421049,1005
2024-09-19 14:07:25.211000,416.9971445519034,13
2024-09-19 14:07:25.214000,416.9890476391496,11
2024-09-19 14:07:25.289000,417.027135422268,15
2024-09-19 14:07:25.318000,417.018288382692,102
2024-09-19 14:07:25.370000,417.01460223273887,97
2024-09-19 14:07:25.432000,417.0052204265343,102
2024-09-19 14:07:25.509000,417.0037764640293,95
2024-09-19 14:07:25.519000,417.0304188852172,103
2024-09-19 14:07:25.568000,417.00288374547455,1004
2024-09-19 14:07:25.695000,417.0065351036175,95
2024-09-19 14:07:25.864000,417.0397888007981,995
2024-09-19 14:07:25.929000,416.9841356526367,7
2024-09-19 14:07:26.007000,417.0165676037876,999
2024-09-19 14:07:26.216000,416.984101510749,104
2024-09-19 14:07:26.217000,417.0332297914539,1002
2024-09-19 14:07:26.239000,417.003187925943,1000
2024-09-19 14:07:26.301000,417.0055566888307,12
2024-09-19 14:07:26.310000,416.9874856609404,105
2024-09-19 14:07:26.325000,417.0055733888769,7
2024-09-19 14:07:26.326000,417.01462538375984,14
2024-09-19 14:07:26.336000,417.04579120852327,13
2024-09-19 14:07:26.352000,417.015103751705,1000
2024-09-19 14:07:26.408000,417.0295598717257,99
2024-09-19 14:07:26.419000,417.0185228258464,995
2024-09-19 14:07:26.436000,417.06976577513234,101
2024-09-19 14:07:26.451000,417.0232195030788,96
2024-09-19 14:07:26.474000,417.0100120120059,100
2024-09-19 14:07:26.485000,417.0142093179667,1002
2024-09-19 14:07:26.526000,416.9855164813188,105
2024-09-19 14:07:26.566000,417.0163149108431,101
2024-09-19 14:07:26.569000,417.025992994864,14
2024-09-19 14:07:26.575000,417.02142447949706,9
2024-09-19 14:07:26.611000,416.9705868481484,1005
2024-09-19 14:07:26.692000,417.0231073861044,95
2024-09-19 14:07:26.696000,417.0471435307002,5
2024-09-19 14:07:26.722000,417.0567147669352,14
2024-09-19 14:07:26.724000,417.01336110330624,6
2024-09-19 14:07:26.835000,417.00256740558063,101
2024-09-19 14:07:26.869000,416.9946989078416,1000
2024-09-19 14:07:26.884000,416.98800994087645,97
2024-09-19 14:07:26.952000,417.0029107148545,103
2024-09-19 14:07:27.071000,417.0507368165233,8
2024-09-19 14:07:27.086000,417.0294790434968,100
2024-09-19 14:07:27.132000,417.0215100580355,103
2024-09-19 14:07:27.204000,417.052430711205,10
2024-09-19 14:07:27.232000,417.0668556214784,101
2024-09-19 14:07:27.307000,417.0273564310857,105
2024-09-19 14:07:27.412000,417.0133671533691,1000
2024-09-19 14:07:27.584000,417.0363257908732,996
2024-09-19 14:07:27.644000,417.06759898227824,995
2024-09-19 14:07:27.674000,417.05364167263167,10
2024-09-19 14:07:27.740000,417.01251758069344,9
2024-09-19 14:07:27.790000,417.0310685435405,105
2024-09-19 14:07:27.817000,417.0489979962936,1001
2024-09-19 14:07:27.857000,417.0497037728625,103
2024-09-19 14:07:27.858000,417.0260070622058,11
2024-09-19 14:07:27.863000,417.05588329463774,101
2024-09-19 14:07:28.007000,417.108008966886,101
2024-09-19 14:07:28.096000,417.1015483695759,8
2024-09-19 14:07:28.123000,417.10987681738993,105
2024-09-19 14:07:28.221000,417.0848673087028,105
2024-09-19 14:07:28.297000,417.088922135049,999
2024-09-19 14:07:28.379000,417.0849346557491,97
2024-09-19 14:07:28.445000,417.0791069217158,1005
2024-09-19 14:07:28.557000,417.0684524964622,7
2024-09-19 14:07:28.632000,417.1074542247228,103
2024-09-19 14:07:28.681000,417.0539224066499,98
2024-09-19 14:07:28.729000,417.0737097706565,14
2024-09-19 14:07:28.920000,417.1144993932462,101
2024-09-19 14:07:28.961000,417.08515273994783,5
2024-09-19 14:07:28.982000,417.1053652230494,6
2024-09-19 14:07:29.143000,417.0731100830534,13
2024-09-19 14:07:29.406000,417.0698909013376,996
2024-09-19 14:07:29.611000,417.0600090969219,13
2024-09-19 14:07:29.690000,417.0508507927199,97
2024-09-19 14:07:29.933000,417.0567245130021,99
2024-09-19 14:07:29.985000,417.0647035277368,104
2024-09-19 14:07:30.585000,417.0713568265011,998
2024-09-19 14:07:31.057000,417.0440629435352,6
2024-09-19 14:07:31.231000,417.0522263158254,8
2024-09-19 14:07:31.437000,417.0484751880169,999
2024-09-19 14:07:31.584000,417.0689963011828,1001
2024-09-19 14:07:31.674000,417.0414943573276,105
2024-09-19 14:07:31.812000,417.0568498460937,15
2024-09-19 14:07:31.851000,417.0571602426312,998
2024-09-19 14:07:31.989000,417.0536712024488,8
2024-09-19 14:07:32.026000,417.0776156800501,1005
2024-09-19 14:07:32.041000,417.0675409182895,97
2024-09-19 14:07:32.071000,417.0703896680457,1001
2024-09-19 14:07:32.097000,417.0705632679455,95
2024-09-19 14:07:32.182000,417.05561994708864,1003
2024-09-19 14:07:32.216000,417.05921067880894,995
2024-09-19 14:07:32.239000,417.0383712262678,11
2024-09-19 14:07:32.289000,417.0746694571986,995
2024-09-19 14:07:32.297000,417.0676077804928,9
2024-09-19 14:07:32.358000,417.05899592444456,10
2024-09-19 14:07:32.482000,417.0617681735044,95
2024-09-19 14:07:32.484000,417.0537943128757,102
2024-09-19 14:07:32.489000,417.056317813574,96
2024-09-19 14:07:32.495000,417.0428268023283,100
2024-09-19 14:07:32.500000,417.0683652707431,996
2024-09-19 14:07:32.514000,417.04376365960064,1002
2024-09-19 14:07:32.539000,417.0640504742935,1002
2024-09-19 14:07:32.566000,417.03501585076526,1002
2024-09-19 14:07:32.732000,417.05542311570167,999
2024-09-19 14:07:32.777000,417.0566417036523,8
2024-09-19 14:07:32.783000,417.057369282166,8
2024-09-19 14:07:32.805000,417.0616533858175,997
2024-09-19 14:07:32.812000,417.0574748535688,98
2024-09-19 14:07:32.872000,417.05904407764586,9
2024-09-19 14:07:32.895000,417.07611283371455,995
2024-09-19 14:07:33.192000,417.0414266691362,95
2024-09-19 14:07:33.332000,416.9846819068538,11
2024-09-19 14:07:33.400000,417.0182464393486,6
2024-09-19 14:07:33.415000,416.9784927762405,14
2024-09-19 14:07:33.424000,416.9926753689196,995
2024-09-19 14:07:33.482000,417.0473107193976,1002
2024-09-19 14:07:33.543000,416.99688829444256,105
2024-09-19 14:07:33.584000,417.027558944322,1005
2024-09-19 14:07:33.748000,416.9951589825956,9
2024-09-19 14:07:33.875000,417.0178739778135,15
2024-09-19 14:07:33.934000,417.021171915531,104
2024-09-19 14:07:34.044000,417.10428286696816,7
2024-09-19 14:07:34.047000,417.0465698625823,14
2024-09-19 14:07:34.093000,417.0615970921455,996
2024-09-19 14:07:34.165000,417.0183304240758,104
2024-09-19 14:07:34.166000,417.0187050269837,5
2024-09-19 14:07:34.212000,417.1174542273644,9
2024-09-19 14:07:34.221000,417.05330891503473,99
2024-09-19 14:07:34.262000,416.9902796918579,6
2024-09-19 14:07:34.271000,416.9963006720676,7
2024-09-19 14:07:34.312000,417.1064696260104,105
2024-09-19 14:07:34.314000,417.05387455193846,97
2024-09-19 14:07:34.361000,417.1011352274504,95
2024-09-19 14:07:34.443000,417.0200184959911,13
2024-09-19 14:07:34.472000,417.0028708751018,96
2024-09-19 14:07:34.512000,417.0162496191667,102
2024-09-19 14:07:34.514000,417.0110446431517,11
2024-09-19 14:07:34.532000,417.0045178473296,11
2024-09-19 14:07:34.618000,417.1239010691574,8
2024-09-19 14:07:34.642000,417.0640179905087,99
2024-09-19 14:07:34.647000,417.1117685021501,99
2024-09-19 14:07:34.701000,417.0056044632653,11
2024-09-19 14:07:34.726000,417.0564654409711,10
2024-09-19 14:07:34.770000,417.10317958352624,8
2024-09-19 14:07:34.875000,417.0882600270709,13
2024-09-19 14:07:34.887000,417.01296415308593,97
2024-09-19 14:07:34.933000,417.0849053224496,6
2024-09-19 14:07:34.960000,417.0414743726283,15
2024-09-19 14:07:34.992000,417.04348599666895,12
2024-09-19 14:07:35.077000,417.11002411975534,999
2024-09-19 14:07:35.149000,417.1212200939199,11
2024-09-19 14:07:35.151000,417.1082237783394,98
2024-09-19 14:07:35.289000,417.09209502437074,14
2024-09-19 14:07:35.356000,417.1439427097844,104
2024-09-19 14:07:35.405000,417.1273791322964,7
2024-09-19 14:07:35.525000,417.114000246713,5
2024-09-19 14:07:35.558000,417.1193037956343,105
2024-09-19 14:07:35.636000,417.1258561549748,96
2024-09-19 14:07:35.652000,417.1344622116312,15
2024-09-19 14:07:35.660000,417.1423915161117,1001
2024-09-19 14:07:36,417.1846007151304,995
2024-09-19 14:07:36.036000,417.178422914944,995
2024-09-19 14:07:36.063000,417.1526987517893,14
2024-09-19 14:07:36.157000,417.14860449520046,10
2024-09-19 14:07:36.315000,417.15986115249626,7
2024-09-19 14:07:36.463000,417.1844472951735,996
2024-09-19 14:07:36.688000,417.1500296708677,1001
2024-09-19 14:07:36.715000,417.18701959804616,1002
2024-09-19 14:07:36.819000,417.13503507177535,1005
2024-09-19 14:07:36.896000,417.1422194857778,98
2024-09-19 14:07:36.898000,417.1395353282208,995
2024-09-19 14:07:36.989000,417.1908833466988,105
2024-09-19 14:07:37.019000,417.2011177092276,996
2024-09-19 14:07:37.313000,417.24601469301547,96
2024-09-19 14:07:37.466000,417.2388736327746,1001
2024-09-19 14:07:37.489000,417.2257530111457,1005
2024-09-19 14:07:37.531000,417.2470321825555,1002
2024-09-19 14:07:37.584000,417.1876540891289,8
2024-09-19 14:07:37.617000,417.257832869325,998
2024-09-19 14:07:37.712000,417.2336226290145,104
2024-09-19 14:07:37.909000,417.2425712732015,103
2024-09-19 14:07:37.917000,417.2353979695581,1003
2024-09-19 14:07:37.999000,417.2513080201958,8
2024-09-19 14:07:38.114000,417.20107041502666,102
2024-09-19 14:07:38.698000,417.20515198738417,997
2024-09-19 14:07:39.019000,417.14079521972735,5
2024-09-19 14:07:39.140000,417.1431408083297,1004
2024-09-19 14:07:39.154000,417.1887912158619,5
2024-09-19 14:07:39.168000,417.2069178366267,14
2024-09-19 14:07:39.197000,417.1266571283954,103
2024-09-19 14:07:39.289000,417.2114102280554,1005
2024-09-19 14:07:39.338000,417.1020027592664,13
2024-09-19 14:07:39.343000,417.16153413723697,1002
2024-09-19 14:07:39.371000,417.1803375664322,8
2024-09-19 14:07:39.486000,417.195379590268,1001
2024-09-19 14:07:39.487000,417.2147174584738,10
2024-09-19 14:07:39.517000,417.1898366753169,102
2024-09-19 14:07:39.517000,417.1608302458507,100
2024-09-19 14:07:39.565000,417.1703468936221,999
2024-09-19 14:07:39.582000,417.1438075933931,6
2024-09-19 14:07:39.772000,417.1116160597985,999
2024-09-19 14:07:39.811000,417.1514280600388,998
2024-09-19 14:07:39.824000,417.1222428546392,7
2024-09-19 14:07:39.906000,417.18196452138994,995
2024-09-19 14:07:39.959000,417.1045496629671,13
2024-09-19 14:07:39.976000,417.1286215948364,999
2024-09-19 14:07:40.001000,417.1644015523164,15
2024-09-19 14:07:40.024000,417.1372071100515,12
2024-09-19 14:07:40.071000,417.1588355310386,996
2024-09-19 14:07:40.141000,417.1741721938138,14
2024-09-19 14:07:40.144000,417.1314694747679,95
2024-09-19 14:07:40.185000,417.1475040471648,97
2024-09-19 14:07:40.221000,417.1786066467015,7
2024-09-19 14:07:40.273000,417.12768009538473,100
2024-09-19 14:07:40.293000,417.1625497217855,1002
2024-09-19 14:07:40.339000,417.1465878227952,997
2024-09-19 14:07:40.371000,417.1711501462074,14
2024-09-19 14:07:40.402000,417.1591751244042,96
2024-09-19 14:07:40.417000,417.1405899120938,1005
2024-09-19 14:07:40.494000,417.1341148413615,96
2024-09-19 14:07:40.502000,417.13796628135896,998
2024-09-19 14:07:40.525000,417.1459081153638,104
2024-09-19 14:07:40.587000,417.1650467974899,12
2024-09-19 14:07:40.703000,417.125956036104,95
2024-09-19 14:07:40.862000,417.1391199379533,996
2024-09-19 14:07:40.885000,417.1332992884695,8
2024-09-19 14:07:41.089000,417.112818584767,7
2024-09-19 14:07:41.099000,417.11936808142224,15
2024-09-19 14:07:41.192000,417.1431072622036,998
2024-09-19 14:07:41.271000,417.11120179841663,10
2024-09-19 14:07:41.315000,417.095658402466,997
2024-09-19 14:07:41.373000,417.1232587836841,999
2024-09-19 14:07:41.625000,417.1054796658596,1002
2024-09-19 14:07:41.649000,417.1078318033691,996
2024-09-19 14:07:41.826000,417.1070065402235,100
2024-09-19 14:07:41.874000,417.1370640150664,7
2024-09-19 14:07:41.928000,417.10245166575976,1004
2024-09-19 14:07:41.942000,417.1639322077085,99
2024-09-19 14:07:41.982000,417.115160647602,11
2024-09-19 14:07:41.991000,417.10461632986335,996
2024-09-19 14:07:42.012000,417.1080666380632,5
2024-09-19 14:07:42.044000,417.1241427089933,104
2024-09-19 14:07:42.046000,417.1074337680897,998
2024-09-19 14:07:42.077000,417.1168619317006,6
2024-09-19 14:07:42.107000,417.1153134870836,103
2024-09-19 14:07:42.123000,417.11530136107706,98
2024-09-19 14:07:42.153000,417.1045368486065,1001
2024-09-19 14:07:42.166000,417.0970874619068,97
2024-09-19 14:07:42.292000,417.0862019783917,8
2024-09-19 14:07:42.458000,417.1146759252924,996
2024-09-19 14:07:42.499000,417.11842803787454,996
2024-09-19 14:07:42.532000,417.0918240240857,999
2024-09-19 14:07:42.551000,417.10769743228826,12
2024-09-19 14:07:42.551000,417.098359782784,1004
2024-09-19 14:07:42.597000,417.095446021868,103
2024-09-19 14:07:42.730000,417.1085606294438,1005
2024-09-19 14:07:42.885000,417.1059887447952,11
2024-09-19 14:07:43.010000,417.1065886625848,12
2024-09-19 14:07:43.138000,417.0555367758379,98
2024-09-19 14:07:43.186000,417.0695278799242,7
2024-09-19 14:07:43.187000,417.07996841809614,14
2024-09-19 14:07:43.204000,417.11114991847535,996
2024-09-19 14:07:43.220000,417.0969695718367,1000
2024-09-19 14:07:43.240000,417.0765522743682,7
2024-09-19 14:07:43.263000,417.07986700503466,8
2024-09-19 14:07:43.381000,417.0821662979965,6
2024-09-19 14:07:43.433000,417.07133340307,102
2024-09-19 14:07:43.445000,417.0374419538634,998
2024-09-19 14:07:43.452000,417.0897169208088,102
2024-09-19 14:07:43.482000,417.0691985842332,104
2024-09-19 14:07:43.500000,417.08525721737766,95
2024-09-19 14:07:43.509000,417.0633044766853,105
2024-09-19 14:07:43.521000,417.06037328878784,98
2024-09-19 14:07:43.597000,417.0335758875027,104
2024-09-19 14:07:43.648000,417.056072043312,1005
2024-09-19 14:07:43.799000,417.06000258594383,12
2024-09-19 14:07:43.816000,417.0543496698999,101
2024-09-19 14:07:43.894000,417.0786350923056,14
2024-09-19 14:07:43.901000,417.100277770616,13
2024-09-19 14:07:43.906000,417.0725719842758,105
2024-09-19 14:07:43.927000,417.0827824770237,101
2024-09-19 14:07:44.584000,417.0277852247432,104
2024-09-19 14:07:44.597000,417.0006941617904,101
2024-09-19 14:07:45.077000,417.0077498866672,7
2024-09-19 14:07:45.109000,417.0691314319589,5
2024-09-19 14:07:45.112000,417.0156243938748,996
2024-09-19 14:07:45.127000,417.0648200515386,104
2024-09-19 14:07:45.347000,417.0613784677015,102
2024-09-19 14:07:45.386000,417.07244628967953,104
2024-09-19 14:07:45.416000,417.0155278579781,15
2024-09-19 14:07:45.478000,417.07780530956,1000
2024-09-19 14:07:45.501000,417.0227828793709,1001
2024-09-19 14:07:45.549000,417.0405612231498,996
2024-09-19 14:07:45.578000,417.06437297118686,13
2024-09-19 14:07:45.638000,417.0389897642963,1004
2024-09-19 14:07:45.675000,417.0878762550542,5
2024-09-19 14:07:45.733000,417.0178512368794,1000
2024-09-19 14:07:45.741000,417.0532572368773,998
2024-09-19 14:07:45.749000,417.0172594358117,1004
2024-09-19 14:07:45.850000,417.0083560496279,100
2024-09-19 14:07:45.855000,417.0433834589272,13
2024-09-19 14:07:45.900000,417.0720046887056,105
2024-09-19 14:07:45.944000,417.02115803483264,105
2024-09-19 14:07:45.958000,417.0008125457858,15
2024-09-19 14:07:46.155000,417.0858696225172,998
2024-09-19 14:07:46.507000,417.08941362563496,96
2024-09-19 14:07:46.608000,417.0849460446723,102
2024-09-19 14:07:46.929000,417.0748245246815,997
2024-09-19 14:07:46.958000,417.0758828938277,97
2024-09-19 14:07:46.997000,417.0626520645733,11
2024-09-19 14:07:47.212000,417.00229109096574,103
2024-09-19 14:07:47.247000,417.0191096072032,1004
2024-09-19 14:07:47.285000,417.006130707051,104
2024-09-19 14:07:47.299000,417.0234135051747,97
2024-09-19 14:07:47.319000,417.01453056867086,99
2024-09-19 14:07:47.371000,417.0341506497146,997
2024-09-19 14:07:47.409000,417.00029331505885,10
2024-09-19 14:07:47.569000,417.0400289695921,14
2024-09-19 14:07:47.585000,417.0160797990685,103
2024-09-19 14:07:47.706000,417.01164885011246,998
2024-09-19 14:07:47.823000,417.0122097326624,10
2024-09-19 14:07:47.946000,417.00873743279726,11
2024-09-19 14:07:47.962000,417.050234101118,8
2024-09-19 14:07:48.080000,417.0446802413272,103
2024-09-19 14:07:48.101000,417.1000142314342,14
2024-09-19 14:07:48.279000,417.01591795516975,102
2024-09-19 14:07:48.400000,417.0519218118262,11
2024-09-19 14:07:48.509000,417.0794545702736,104
2024-09-19 14:07:48.748000,417.0482309640564,1003
2024-09-19 14:07:48.896000,417.0633796539844,104
2024-09-19 14:07:49.005000,417.0905333117522,105
2024-09-19 14:07:49.182000,417.1115379416956,1000
2024-09-19 14:07:49.282000,417.110777790278,100
2024-09-19 14:07:49.588000,417.07182515143336,97
2024-09-19 14:07:49.862000,417.0944192868138,97
2024-09-19 14:07:49.904000,417.11011059784346,104
2024-09-19 14:07:49.954000,417.1054921773863,15
2024-09-19 14:07:49.983000,417.0815452568583,996
2024-09-19 14:07:50.053000,417.056748226811,99
2024-09-19 14:07:50.055000,417.04306463582384,96
2024-09-19 14:07:50.060000,417.0546816512371,1000
2024-09-19 14:07:50.131000,417.0553727827381,7
2024-09-19 14:07:50.212000,417.0308869964433,104
2024-09-19 14:07:50.218000,417.013390078449,5
2024-09-19 14:07:50.230000,417.05109533563245,10
2024-09-19 14:07:50.234000,417.0344577734653,15
2024-09-19 14:07:50.259000,417.0392570173224,101
2024-09-19 14:07:50.267000,417.038517750344,995
2024-09-19 14:07:50.314000,417.0365869499586,1001
2024-09-19 14:07:50.373000,417.0493310548586,1004
2024-09-19 14:07:50.408000,417.0489087237058,104
2024-09-19 14:07:50.422000,417.0438224467249,6
2024-09-19 14:07:50.429000,417.0588050630989,101
2024-09-19 14:07:50.642000,417.0451490128746,999
2024-09-19 14:07:50.783000,417.0271209081075,1004
2024-09-19 14:07:50.787000,417.0388064546543,999
2024-09-19 14:07:50.823000,417.0499946368701,8
2024-09-19 14:07:50.844000,417.0304796066094,15
2024-09-19 14:07:51.036000,417.070361440159,12
2024-09-19 14:07:51.155000,417.06753906216585,104
2024-09-19 14:07:51.211000,417.0709877970978,7
2024-09-19 14:07:51.231000,417.0651351847853,13
2024-09-19 14:07:51.267000,417.0656494434097,97
2024-09-19 14:07:51.324000,417.0614634151312,998
2024-09-19 14:07:51.373000,417.05273890669474,1003
2024-09-19 14:07:51.515000,417.0657003849122,98
2024-09-19 14:07:51.541000,417.0835441559196,1002
2024-09-19 14:07:51.576000,417.055985677821,997
2024-09-19 14:07:51.579000,417.0623652076384,98
2024-09-19 14:07:51.602000,417.0801594293338,10
2024-09-19 14:07:51.612000,417.0906014491927,1004
2024-09-19 14:07:51.658000,417.1045447966441,102
2024-09-19 14:07:51.677000,417.0935050582975,100
2024-09-19 14:07:51.800000,417.06603715376434,995
2024-09-19 14:07:51.806000,417.0613972230559,8
2024-09-19 14:07:51.826000,417.06004393120304,15
2024-09-19 14:07:51.955000,417.0626404645994,6
2024-09-19 14:07:51.982000,417.0848040698048,8
2024-09-19 14:07:52.186000,417.0308241137645,13
2024-09-19 14:07:52.726000,417.0372851216053,996
2024-09-19 14:07:53.020000,417.0810572657028,1000
2024-09-19 14:07:53.037000,417.0740899193896,102
2024-09-19 14:07:53.041000,417.0908055584777,104
2024-09-19 14:07:53.102000,417.03075721454354,103
2024-09-19 14:07:53.118000,417.0149670293812,100
2024-09-19 14:07:53.141000,417.0167871789719,15
2024-09-19 14:07:53.200000,417.0399760148616,997
2024-09-19 14:07:53.227000,417.03313459864506,1000
2024-09-19 14:07:53.231000,416.9862876118034,11
2024-09-19 14:07:53.246000,417.0777011185541,995
2024-09-19 14:07:53.255000,417.0222037287084,996
2024-09-19 14:07:53.271000,416.9932461943387,14
2024-09-19 14:07:53.283000,416.98279472657714,9
2024-09-19 14:07:53.294000,417.07829330041847,100
2024-09-19 14:07:53.309000,417.0785831155548,1004
2024-09-19 14:07:53.361000,417.0310354406484,1003
2024-09-19 14:07:53.427000,417.0224345325983,997
2024-09-19 14:07:53.440000,417.024306253788,7
2024-09-19 14:07:53.509000,417.0033802996618,7
2024-09-19 14:07:53.527000,417.0869791583344,997
2024-09-19 14:07:53.532000,417.1024515567649,9
2024-09-19 14:07:53.582000,417.0340774033404,102
2024-09-19 14:07:53.590000,417.02624454807415,10
2024-09-19 14:07:53.730000,416.9768649892069,1002
2024-09-19 14:07:53.816000,417.0724677916856,101
2024-09-19 14:07:53.860000,417.01761506722016,1004
2024-09-19 14:07:53.927000,417.0600371548426,12
2024-09-19 14:07:53.936000,417.068455088637,999
2024-09-19 14:07:53.974000,417.0062910502141,6
2024-09-19 14:07:53.996000,417.06525284361663,97
2024-09-19 14:07:54.441000,417.1085896810171,102
2024-09-19 14:07:54.492000,417.1095707221508,995
2024-09-19 14:07:54.493000,417.1129311876708,10
2024-09-19 14:07:55.520000,417.1251158822974,9
2024-09-19 14:07:55.541000,417.1109334748159,8
2024-09-19 14:07:55.752000,417.1307932203049,14
2024-09-19 14:07:55.834000,417.1319807152693,1003
2024-09-19 14:07:55.885000,417.14904382454426,997
2024-09-19 14:07:56.006000,417.1513236325907,6
2024-09-19 14:07:56.072000,417.1433081021944,101
2024-09-19 14:07:56.099000,417.1335926909102,105
2024-09-19 14:07:56.115000,417.1600191543043,1005
2024-09-19 14:07:56.253000,417.1475130066336,101
2024-09-19 14:07:56.288000,417.1492375149856,997
2024-09-19 14:07:56.333000,417.13711529394544,105
2024-09-19 14:07:56.407000,417.1472103265307,1003
2024-09-19 14:07:56.641000,417.1615994569644,1003
2024-09-19 14:07:56.743000,417.1496190524284,99
2024-09-19 14:07:56.761000,417.16335961220574,1001
2024-09-19 14:07:56.765000,417.15559194473406,1003
2024-09-19 14:07:56.806000,417.14777130115954,998
2024-09-19 14:07:57.001000,417.189559024453,105
2024-09-19 14:07:57.020000,417.1535192892396,104
2024-09-19 14:07:57.133000,417.1225665688439,10
2024-09-19 14:07:57.230000,417.1371366078975,1001
2024-09-19 14:07:57.236000,417.1281382218919,98
2024-09-19 14:07:57.247000,417.1262098600543,102
2024-09-19 14:07:57.337000,417.17706489780784,7
2024-09-19 14:07:57.365000,417.1165555414208,6
2024-09-19 14:07:57.404000,417.1664849805617,100
2024-09-19 14:07:57.422000,417.1937609938479,1003
2024-09-19 14:07:57.445000,417.1866177659031,1000
2024-09-19 14:07:57.492000,417.16533494922544,9
2024-09-19 14:07:57.575000,417.1848282005967,103
2024-09-19 14:07:57.619000,417.1212259035556,13
2024-09-19 14:07:57.758000,417.13802679919854,995
2024-09-19 14:07:57.869000,417.1805431206008,1000
2024-09-19 14:07:57.870000,417.1763234657725,11
2024-09-19 14:07:57.993000,417.16431005808215,99
2024-09-19 14:07:58,417.2006348359918,995
2024-09-19 14:07:58.016000,417.147770651624,998
2024-09-19 14:07:58.021000,417.1201941637031,9
2024-09-19 14:07:58.090000,417.2060260019344,103
2024-09-19 14:07:58.100000,417.1617864686449,5
2024-09-19 14:07:58.100000,417.1782823324223,105
2024-09-19 14:07:58.168000,417.16508849020096,105
2024-09-19 14:07:58.215000,417.19395345936925,96
2024-09-19 14:07:58.238000,417.1746154352485,1001
2024-09-19 14:07:58.241000,417.1878351139557,1005
2024-09-19 14:07:58.252000,417.15500125173145,1001
2024-09-19 14:07:58.283000,417.1447379925077,102
2024-09-19 14:07:58.459000,417.1840586121217,1003
2024-09-19 14:07:58.536000,417.1892256594952,98
2024-09-19 14:07:58.546000,417.1687354908601,11
2024-09-19 14:07:58.550000,417.185833303115,104
2024-09-19 14:07:58.567000,417.1832087667051,11
2024-09-19 14:07:58.732000,417.1709038971181,1000
2024-09-19 14:07:58.769000,417.16255916776856,14
2024-09-19 14:07:58.828000,417.1810403017983,999
2024-09-19 14:07:58.866000,417.1819924697587,97
2024-09-19 14:07:58.905000,417.180022475991,12
2024-09-19 14:07:58.984000,417.21806333169366,995
2024-09-19 14:07:58.999000,417.1656534033431,999
2024-09-19 14:07:59.062000,417.24702250284025,5
2024-09-19 14:07:59.089000,417.266291699307,14
2024-09-19 14:07:59.109000,417.26472047997873,999
2024-09-19 14:07:59.184000,417.2775709754641,1000
2024-09-19 14:07:59.241000,417.27721292563024,105
2024-09-19 14:07:59.282000,417.2796939153096,99
2024-09-19 14:07:59.291000,417.2836662539185,11
2024-09-19 14:07:59.485000,417.2473472021586,10
2024-09-19 14:07:59.496000,417.25898746320746,7
2024-09-19 14:07:59.533000,417.2529122457054,104
2024-09-19 14:07:59.723000,417.233769246525,7
2024-09-19 14:07:59.780000,417.2854898013071,10
2024-09-19 14:07:59.782000,417.25900459832354,100
2024-09-19 14:07:59.793000,417.23886387433737,1004
2024-09-19 14:07:59.798000,417.2406198662039,1003
2024-09-19 14:07:59.801000,417.2962837305111,100
2024-09-19 14:07:59.989000,417.2735431494585,1003
