Timestamp,Price,Size
2024-09-19 12:26:00.001000,423.108747716158,1001
2024-09-19 12:26:00.029000,423.0490369481237,12
2024-09-19 12:26:00.039000,423.0531533905112,1003
2024-09-19 12:26:00.048000,423.0801092638358,101
2024-09-19 12:26:00.058000,423.1187610363791,101
2024-09-19 12:26:00.078000,423.0841648625791,998
2024-09-19 12:26:00.095000,423.11837850246,996
2024-09-19 12:26:00.097000,423.03824048627456,15
2024-09-19 12:26:00.128000,423.1040767793157,8
2024-09-19 12:26:00.167000,423.05632239479104,101
2024-09-19 12:26:00.280000,423.0787211214302,995
2024-09-19 12:26:00.285000,423.0912959724471,997
2024-09-19 12:26:00.334000,423.0759613125927,105
2024-09-19 12:26:00.376000,423.07585293425086,1005
2024-09-19 12:26:00.388000,423.0412998907864,995
2024-09-19 12:26:00.419000,423.0975567287393,5
2024-09-19 12:26:00.515000,423.09876337089736,95
2024-09-19 12:26:00.516000,423.0667483880978,11
2024-09-19 12:26:00.522000,423.0756603047816,99
2024-09-19 12:26:00.587000,423.0533251716145,5
2024-09-19 12:26:00.588000,423.0967297179843,102
2024-09-19 12:26:00.614000,423.0764143586112,1005
2024-09-19 12:26:00.661000,423.0707778750399,102
2024-09-19 12:26:00.801000,423.03330593980536,100
2024-09-19 12:26:00.914000,423.0745054981696,13
2024-09-19 12:26:00.946000,423.0755691219465,100
2024-09-19 12:26:01.089000,423.08755163104416,11
2024-09-19 12:26:01.643000,423.0952613893388,6
2024-09-19 12:26:01.657000,423.094780507791,99
2024-09-19 12:26:01.905000,423.1083739321652,9
2024-09-19 12:26:01.990000,423.0838128716976,999
2024-09-19 12:26:02.011000,423.115620785676,9
2024-09-19 12:26:02.018000,423.1304232893877,99
2024-09-19 12:26:02.029000,423.1134495502777,998
2024-09-19 12:26:02.070000,423.1038738887297,998
2024-09-19 12:26:02.133000,423.1327170134012,10
2024-09-19 12:26:02.153000,423.1075545756039,6
2024-09-19 12:26:02.194000,423.1216753512391,97
2024-09-19 12:26:02.209000,423.138436470894,95
2024-09-19 12:26:02.220000,423.128677770493,8
2024-09-19 12:26:02.486000,423.121301450468,13
2024-09-19 12:26:02.541000,423.1108263432858,96
2024-09-19 12:26:02.845000,423.109360602311,1003
2024-09-19 12:26:02.850000,423.1443988177407,1002
2024-09-19 12:26:02.920000,423.126672789942,15
2024-09-19 12:26:02.997000,423.1033416550859,103
2024-09-19 12:26:04.043000,423.1041232931725,1003
2024-09-19 12:26:04.053000,423.1000086833481,6
2024-09-19 12:26:04.053000,423.1120135271868,101
2024-09-19 12:26:04.101000,423.11575771792985,6
2024-09-19 12:26:04.108000,423.146134905534,104
2024-09-19 12:26:04.114000,423.1497862322744,14
2024-09-19 12:26:04.145000,423.1155828852082,997
2024-09-19 12:26:04.164000,423.0831498889867,1000
2024-09-19 12:26:04.199000,423.11753840791744,9
2024-09-19 12:26:04.219000,423.0884318979069,102
2024-09-19 12:26:04.243000,423.1298098218847,97
2024-09-19 12:26:04.265000,423.1097714565211,12
2024-09-19 12:26:04.293000,423.110666155296,102
2024-09-19 12:26:04.314000,423.0940138656517,12
2024-09-19 12:26:04.376000,423.121310006754,996
2024-09-19 12:26:04.417000,423.088104037136,999
2024-09-19 12:26:04.429000,423.1101900779682,1003
2024-09-19 12:26:04.516000,423.1151216203746,98
2024-09-19 12:26:04.523000,423.1157329897716,10
2024-09-19 12:26:04.562000,423.1102300405955,999
2024-09-19 12:26:04.598000,423.0902834151484,8
2024-09-19 12:26:04.601000,423.10367310008064,13
2024-09-19 12:26:04.724000,423.0835924318588,103
2024-09-19 12:26:04.748000,423.1235220572954,15
2024-09-19 12:26:04.780000,423.1007505285756,12
2024-09-19 12:26:04.809000,423.1071059726144,5
2024-09-19 12:26:04.838000,423.1304319916272,997
2024-09-19 12:26:04.903000,423.109606628063,12
2024-09-19 12:26:04.988000,423.0928674613572,998
2024-09-19 12:26:05.256000,423.1319611310784,10
2024-09-19 12:26:05.387000,423.1614348744605,97
2024-09-19 12:26:05.427000,423.1478332429141,95
2024-09-19 12:26:05.744000,423.1694131287264,104
2024-09-19 12:26:05.862000,423.1656536968238,6
2024-09-19 12:26:06.137000,423.1758323663448,105
2024-09-19 12:26:06.303000,423.164808966726,6
2024-09-19 12:26:06.328000,423.1380406617232,1001
2024-09-19 12:26:06.354000,423.1598047258656,98
2024-09-19 12:26:06.364000,423.15543900545487,14
2024-09-19 12:26:06.443000,423.18086518303545,95
2024-09-19 12:26:06.500000,423.1160506615354,104
2024-09-19 12:26:06.565000,423.137542251167,101
2024-09-19 12:26:06.632000,423.1861415075816,1003
2024-09-19 12:26:06.664000,423.1825904402753,1003
2024-09-19 12:26:06.715000,423.1700919868661,1002
2024-09-19 12:26:06.784000,423.13108300482537,101
2024-09-19 12:26:06.872000,423.1219474348829,1005
2024-09-19 12:26:06.907000,423.16157309441934,997
2024-09-19 12:26:06.946000,423.1940649855285,104
2024-09-19 12:26:07.008000,423.182965063116,95
2024-09-19 12:26:07.051000,423.1434307642173,6
2024-09-19 12:26:07.139000,423.1333829607041,11
2024-09-19 12:26:07.223000,423.1752223994365,96
2024-09-19 12:26:07.249000,423.16229469001433,9
2024-09-19 12:26:07.311000,423.1441478539599,12
2024-09-19 12:26:07.322000,423.1622550424429,1002
2024-09-19 12:26:07.347000,423.1806335430903,7
2024-09-19 12:26:07.372000,423.1730936811147,103
2024-09-19 12:26:07.388000,423.1408447876534,8
2024-09-19 12:26:07.433000,423.1197840782315,98
2024-09-19 12:26:07.447000,423.1548209993565,1002
2024-09-19 12:26:07.503000,423.1293338123708,103
2024-09-19 12:26:07.586000,423.1471217316243,999
2024-09-19 12:26:07.633000,423.1770661337874,998
2024-09-19 12:26:07.635000,423.1542691648007,103
2024-09-19 12:26:07.738000,423.1397872576323,98
2024-09-19 12:26:07.827000,423.1368383410264,9
2024-09-19 12:26:07.834000,423.18142908041887,6
2024-09-19 12:26:07.851000,423.1595509865529,1002
2024-09-19 12:26:07.940000,423.1416586025956,1003
2024-09-19 12:26:09.059000,423.1725659369902,103
2024-09-19 12:26:09.369000,423.15068280979074,10
2024-09-19 12:26:09.544000,423.1669670626772,9
2024-09-19 12:26:09.775000,423.1675466318688,15
2024-09-19 12:26:09.937000,423.2019343562922,9
2024-09-19 12:26:09.978000,423.1601600410346,998
2024-09-19 12:26:10.045000,423.1713902399299,96
2024-09-19 12:26:10.061000,423.1695767614381,11
2024-09-19 12:26:10.117000,423.2511885469162,12
2024-09-19 12:26:10.144000,423.1933953174226,1005
2024-09-19 12:26:10.148000,423.17703762698966,95
2024-09-19 12:26:10.158000,423.2472032487452,1004
2024-09-19 12:26:10.196000,423.31421934147664,1003
2024-09-19 12:26:10.203000,423.1942406584379,102
2024-09-19 12:26:10.219000,423.2641274466083,95
2024-09-19 12:26:10.269000,423.24904861072025,1004
2024-09-19 12:26:10.270000,423.257965302007,95
2024-09-19 12:26:10.292000,423.18957769558,99
2024-09-19 12:26:10.317000,423.15736183342494,104
2024-09-19 12:26:10.393000,423.1785514063456,1003
2024-09-19 12:26:10.400000,423.20534739084206,998
2024-09-19 12:26:10.478000,423.2064583980185,96
2024-09-19 12:26:10.510000,423.2775973939504,97
2024-09-19 12:26:10.523000,423.24858120988455,1000
2024-09-19 12:26:10.563000,423.1783540797512,13
2024-09-19 12:26:10.603000,423.2048353190066,9
2024-09-19 12:26:10.729000,423.21591611766206,97
2024-09-19 12:26:10.742000,423.2198149294205,1002
2024-09-19 12:26:10.826000,423.2083522921221,99
2024-09-19 12:26:10.984000,423.3256187175134,6
2024-09-19 12:26:10.984000,423.1858066965236,998
2024-09-19 12:26:10.996000,423.3203901971036,11
2024-09-19 12:26:11.122000,423.3244433703296,104
2024-09-19 12:26:11.169000,423.3101785222863,6
2024-09-19 12:26:11.255000,423.310274514853,15
2024-09-19 12:26:11.413000,423.2986329879587,100
2024-09-19 12:26:11.456000,423.3146710278721,12
2024-09-19 12:26:11.478000,423.327220671741,103
2024-09-19 12:26:11.788000,423.31314941694,96
2024-09-19 12:26:11.830000,423.3074113041622,12
2024-09-19 12:26:11.849000,423.3235252186644,97
2024-09-19 12:26:12.016000,423.304908715609,7
2024-09-19 12:26:12.165000,423.25519251043215,999
2024-09-19 12:26:12.226000,423.3132660786453,1005
2024-09-19 12:26:12.314000,423.2571806424464,8
2024-09-19 12:26:12.435000,423.2393074698406,1003
2024-09-19 12:26:12.484000,423.25114456213225,9
2024-09-19 12:26:12.504000,423.22573141655687,104
2024-09-19 12:26:12.538000,423.29602587726106,103
2024-09-19 12:26:12.567000,423.2944383568642,103
2024-09-19 12:26:12.612000,423.2328050718252,98
2024-09-19 12:26:12.627000,423.2581409547688,6
2024-09-19 12:26:12.689000,423.2650565541961,100
2024-09-19 12:26:12.799000,423.2341444069638,96
2024-09-19 12:26:12.863000,423.2558500783808,1002
2024-09-19 12:26:12.866000,423.31592340483,10
2024-09-19 12:26:12.896000,423.2760893093695,6
2024-09-19 12:26:12.904000,423.2511408771769,98
2024-09-19 12:26:12.912000,423.2505865903413,1002
2024-09-19 12:26:12.999000,423.29708514515687,105
2024-09-19 12:26:13.030000,423.2276272669317,6
2024-09-19 12:26:13.403000,423.2788721237169,13
2024-09-19 12:26:13.478000,423.28857848310594,105
2024-09-19 12:26:13.610000,423.2984033491567,997
2024-09-19 12:26:13.709000,423.27060649403785,5
2024-09-19 12:26:13.839000,423.2757157685856,102
2024-09-19 12:26:13.934000,423.2564309274109,1002
2024-09-19 12:26:14.017000,423.2388632213356,102
2024-09-19 12:26:14.029000,423.29294866695534,100
2024-09-19 12:26:14.030000,423.23758238749525,998
2024-09-19 12:26:14.031000,423.287777288471,9
2024-09-19 12:26:14.033000,423.2480038804089,9
2024-09-19 12:26:14.102000,423.2699541006257,1005
2024-09-19 12:26:14.339000,423.2969685342875,11
2024-09-19 12:26:14.349000,423.2389916709868,101
2024-09-19 12:26:14.393000,423.2758704627499,1002
2024-09-19 12:26:14.458000,423.24680875756985,997
2024-09-19 12:26:14.529000,423.28885039934016,98
2024-09-19 12:26:14.581000,423.26947201597056,101
2024-09-19 12:26:14.584000,423.29509411866354,14
2024-09-19 12:26:14.640000,423.2977120125148,1000
2024-09-19 12:26:14.660000,423.29017128255657,11
2024-09-19 12:26:14.691000,423.2884123460197,8
2024-09-19 12:26:14.696000,423.2962848604207,6
2024-09-19 12:26:14.705000,423.27401692406187,101
2024-09-19 12:26:14.722000,423.2532059863388,7
2024-09-19 12:26:14.734000,423.3056318724593,100
2024-09-19 12:26:14.749000,423.32255140863504,1003
2024-09-19 12:26:14.782000,423.2954861634137,98
2024-09-19 12:26:14.795000,423.2929913941364,1001
2024-09-19 12:26:14.854000,423.24075803542746,9
2024-09-19 12:26:14.855000,423.2570740131344,1003
2024-09-19 12:26:14.879000,423.2718215738911,99
2024-09-19 12:26:14.882000,423.2594810609593,997
2024-09-19 12:26:14.884000,423.2463127320052,11
2024-09-19 12:26:14.975000,423.2896061266511,1000
2024-09-19 12:26:15.025000,423.2961289266407,101
2024-09-19 12:26:15.038000,423.3029811942631,13
2024-09-19 12:26:15.083000,423.32987499337895,997
2024-09-19 12:26:15.158000,423.3557104229624,97
2024-09-19 12:26:15.197000,423.32066561424233,105
2024-09-19 12:26:15.210000,423.2980255705616,14
2024-09-19 12:26:15.237000,423.3272675221805,998
2024-09-19 12:26:15.249000,423.3270582826466,13
2024-09-19 12:26:15.324000,423.34382102587546,8
2024-09-19 12:26:15.346000,423.2840410982488,999
2024-09-19 12:26:15.450000,423.2993023614872,103
2024-09-19 12:26:15.512000,423.3149605452487,998
2024-09-19 12:26:15.632000,423.3194491331999,5
2024-09-19 12:26:15.748000,423.31000428603545,97
2024-09-19 12:26:15.802000,423.33157763949407,1003
2024-09-19 12:26:15.822000,423.3357752851551,6
2024-09-19 12:26:15.823000,423.32032497323,997
2024-09-19 12:26:15.869000,423.3100320779103,97
2024-09-19 12:26:15.892000,423.3297087205648,1003
2024-09-19 12:26:15.997000,423.3154467246555,999
2024-09-19 12:26:16.017000,423.2369260850013,6
2024-09-19 12:26:16.073000,423.25432546697294,1005
2024-09-19 12:26:16.105000,423.1901708599594,14
2024-09-19 12:26:16.208000,423.18564841595617,1005
2024-09-19 12:26:16.231000,423.2019622674577,102
2024-09-19 12:26:16.303000,423.2548843340892,6
2024-09-19 12:26:16.314000,423.2256564979358,95
2024-09-19 12:26:16.338000,423.1882371607886,10
2024-09-19 12:26:16.390000,423.2111975641455,14
2024-09-19 12:26:16.406000,423.2117287480907,997
2024-09-19 12:26:16.414000,423.31263221145593,997
2024-09-19 12:26:16.425000,423.27289587845786,5
2024-09-19 12:26:16.533000,423.2595196787524,1005
2024-09-19 12:26:16.577000,423.28054341263015,999
2024-09-19 12:26:16.604000,423.1782661010996,996
2024-09-19 12:26:16.611000,423.2003217553869,12
2024-09-19 12:26:16.657000,423.2131927933866,12
2024-09-19 12:26:16.701000,423.2254854895843,11
2024-09-19 12:26:16.805000,423.2005996262377,1000
2024-09-19 12:26:16.815000,423.2894983083213,9
2024-09-19 12:26:16.824000,423.2745724604949,103
2024-09-19 12:26:16.871000,423.28136588089706,998
2024-09-19 12:26:16.899000,423.3119163660155,8
2024-09-19 12:26:16.925000,423.2690585574077,6
2024-09-19 12:26:16.970000,423.3027797053701,998
2024-09-19 12:26:17.334000,423.15877958173496,11
2024-09-19 12:26:17.544000,423.1623528332724,996
2024-09-19 12:26:17.655000,423.1649628497266,15
2024-09-19 12:26:17.732000,423.1769581161223,997
2024-09-19 12:26:18.114000,423.17017846772313,1000
2024-09-19 12:26:18.274000,423.1638203223229,99
2024-09-19 12:26:18.333000,423.166862969784,5
2024-09-19 12:26:18.347000,423.1466025168762,98
2024-09-19 12:26:18.352000,423.14443864477545,100
2024-09-19 12:26:18.360000,423.18939462729503,1003
2024-09-19 12:26:18.440000,423.1681275871293,1001
2024-09-19 12:26:18.446000,423.1568211423203,96
2024-09-19 12:26:18.485000,423.1604067602103,1000
2024-09-19 12:26:18.512000,423.1666091909945,100
2024-09-19 12:26:18.567000,423.1650036677326,13
2024-09-19 12:26:18.641000,423.1646286425179,103
2024-09-19 12:26:18.772000,423.1559295463185,997
2024-09-19 12:26:18.773000,423.17000655015767,1000
2024-09-19 12:26:18.917000,423.1685465814568,997
2024-09-19 12:26:18.977000,423.1578724209605,6
2024-09-19 12:26:19.291000,423.14150430508886,15
2024-09-19 12:26:19.336000,423.15567830159006,14
2024-09-19 12:26:19.908000,423.1616923293042,95
2024-09-19 12:26:20.125000,423.213120778568,96
2024-09-19 12:26:20.153000,423.134212347059,1002
2024-09-19 12:26:20.230000,423.186248772183,95
2024-09-19 12:26:20.232000,423.1733011990869,11
2024-09-19 12:26:20.259000,423.2109268347085,102
2024-09-19 12:26:20.409000,423.2388414613523,12
2024-09-19 12:26:20.500000,423.2222719869423,100
2024-09-19 12:26:20.635000,423.2121320127734,998
2024-09-19 12:26:20.646000,423.1758210035727,14
2024-09-19 12:26:20.655000,423.15791676137417,1002
2024-09-19 12:26:20.675000,423.1842462566337,999
2024-09-19 12:26:20.725000,423.1808794683104,7
2024-09-19 12:26:20.740000,423.20857537130894,97
2024-09-19 12:26:20.748000,423.1564593582727,105
2024-09-19 12:26:20.812000,423.2381721674694,8
2024-09-19 12:26:20.816000,423.2429265401414,98
2024-09-19 12:26:20.838000,423.2231604187537,104
2024-09-19 12:26:20.954000,423.1604618436644,105
2024-09-19 12:26:21.018000,423.2658166726995,995
2024-09-19 12:26:21.087000,423.2457862482435,13
2024-09-19 12:26:21.104000,423.2283444525943,97
2024-09-19 12:26:21.110000,423.2468208850551,97
2024-09-19 12:26:21.186000,423.2270719452091,7
2024-09-19 12:26:21.284000,423.2378912196705,7
2024-09-19 12:26:21.286000,423.2582182389005,10
2024-09-19 12:26:21.412000,423.2443468155273,102
2024-09-19 12:26:21.622000,423.2231169063619,1000
2024-09-19 12:26:21.738000,423.2499677846466,99
2024-09-19 12:26:21.780000,423.24913476971113,11
2024-09-19 12:26:21.795000,423.2544162504406,96
2024-09-19 12:26:21.846000,423.22504328586047,995
2024-09-19 12:26:21.997000,423.2696332449704,998
2024-09-19 12:26:22.070000,423.2772976526694,105
2024-09-19 12:26:22.221000,423.2724174530192,95
2024-09-19 12:26:22.225000,423.2522779312456,11
2024-09-19 12:26:22.295000,423.2831149326827,1002
2024-09-19 12:26:22.310000,423.28033836144425,1000
2024-09-19 12:26:22.558000,423.2841354617058,101
2024-09-19 12:26:22.653000,423.2765483993358,95
2024-09-19 12:26:22.685000,423.274287573676,14
2024-09-19 12:26:23,423.25976045649327,11
2024-09-19 12:26:23.011000,423.2479608086107,9
2024-09-19 12:26:23.119000,423.23084352737817,99
2024-09-19 12:26:23.124000,423.2413823460529,99
2024-09-19 12:26:23.260000,423.2617663797545,1005
2024-09-19 12:26:23.455000,423.2487280977401,10
2024-09-19 12:26:23.469000,423.22333302133126,102
2024-09-19 12:26:23.471000,423.2527154053855,1004
2024-09-19 12:26:23.475000,423.2235013195246,101
2024-09-19 12:26:23.511000,423.2338582088359,9
2024-09-19 12:26:23.584000,423.2539894453495,102
2024-09-19 12:26:23.589000,423.2535817824615,997
2024-09-19 12:26:23.638000,423.2167341872532,1001
2024-09-19 12:26:23.650000,423.2480860545736,996
2024-09-19 12:26:23.665000,423.2344370645512,14
2024-09-19 12:26:23.694000,423.2618431109266,13
2024-09-19 12:26:23.769000,423.24031001139286,100
2024-09-19 12:26:23.804000,423.29628029400334,1000
2024-09-19 12:26:23.839000,423.2451525748656,15
2024-09-19 12:26:23.855000,423.25229564881016,5
2024-09-19 12:26:23.876000,423.2856587876022,1005
2024-09-19 12:26:23.877000,423.24571683424,995
2024-09-19 12:26:23.884000,423.23351872597,1002
2024-09-19 12:26:23.964000,423.2676617632798,998
2024-09-19 12:26:23.971000,423.2466855937087,996
2024-09-19 12:26:24.019000,423.30715139805534,14
2024-09-19 12:26:24.063000,423.28662924635057,996
2024-09-19 12:26:24.136000,423.3128629338252,14
2024-09-19 12:26:24.136000,423.3182532211131,12
2024-09-19 12:26:24.249000,423.31502721834215,996
2024-09-19 12:26:24.283000,423.33361167736336,105
2024-09-19 12:26:24.291000,423.3360914550115,7
2024-09-19 12:26:24.316000,423.2931341816636,10
2024-09-19 12:26:24.420000,423.29956858549735,99
2024-09-19 12:26:24.456000,423.3162302584965,998
2024-09-19 12:26:24.580000,423.29034592287576,1000
2024-09-19 12:26:24.797000,423.2986959344668,996
2024-09-19 12:26:24.813000,423.30489907530944,96
2024-09-19 12:26:24.913000,423.3258361859737,96
2024-09-19 12:26:24.992000,423.3058165185972,1002
2024-09-19 12:26:25.015000,423.3587459198666,12
2024-09-19 12:26:25.110000,423.3666876276436,104
2024-09-19 12:26:25.139000,423.3504832738397,15
2024-09-19 12:26:25.759000,423.35689256355727,1004
2024-09-19 12:26:25.778000,423.38735038025527,1003
2024-09-19 12:26:25.973000,423.3519983789957,15
2024-09-19 12:26:25.996000,423.3455649319995,999
2024-09-19 12:26:26.009000,423.4228639706348,100
2024-09-19 12:26:26.018000,423.384162825458,97
2024-09-19 12:26:26.026000,423.4082851802648,5
2024-09-19 12:26:26.034000,423.3949399740618,103
2024-09-19 12:26:26.043000,423.3999360255861,10
2024-09-19 12:26:26.089000,423.41566561001207,15
2024-09-19 12:26:26.093000,423.4308566130568,1002
2024-09-19 12:26:26.122000,423.3632724401471,995
2024-09-19 12:26:26.228000,423.41660618495,15
2024-09-19 12:26:26.230000,423.40485070673583,8
2024-09-19 12:26:26.404000,423.4162394497433,1000
2024-09-19 12:26:26.499000,423.38483576005393,9
2024-09-19 12:26:26.584000,423.3787121963297,103
2024-09-19 12:26:26.620000,423.39949358115234,95
2024-09-19 12:26:26.655000,423.3996908398343,8
2024-09-19 12:26:26.665000,423.4038256166736,995
2024-09-19 12:26:26.736000,423.3967061991745,14
2024-09-19 12:26:26.835000,423.4041189635883,9
2024-09-19 12:26:28.012000,423.3979620951118,96
2024-09-19 12:26:28.115000,423.4164632824555,96
2024-09-19 12:26:28.184000,423.3855256452891,996
2024-09-19 12:26:28.187000,423.3837172614832,12
2024-09-19 12:26:28.235000,423.4049143605186,1000
2024-09-19 12:26:28.249000,423.3875482390094,100
2024-09-19 12:26:28.263000,423.38476901207696,10
2024-09-19 12:26:28.283000,423.3794366661743,995
2024-09-19 12:26:28.322000,423.4062992976876,98
2024-09-19 12:26:28.334000,423.3638274792987,8
2024-09-19 12:26:28.371000,423.3836353589182,104
2024-09-19 12:26:28.431000,423.3894988878599,1000
2024-09-19 12:26:28.434000,423.3765876336652,104
2024-09-19 12:26:28.480000,423.3909591709803,98
2024-09-19 12:26:28.538000,423.3719219223983,105
2024-09-19 12:26:28.651000,423.36909529491214,1002
2024-09-19 12:26:28.693000,423.3945444785788,1000
2024-09-19 12:26:28.775000,423.37136032695736,997
2024-09-19 12:26:28.815000,423.3752682352921,100
2024-09-19 12:26:28.846000,423.4065891209056,97
2024-09-19 12:26:28.940000,423.3902605006396,9
2024-09-19 12:26:28.990000,423.3949719142992,6
2024-09-19 12:26:29.140000,423.422202175031,999
2024-09-19 12:26:29.263000,423.422244060156,102
2024-09-19 12:26:29.469000,423.43245847437015,95
2024-09-19 12:26:29.572000,423.39507704794266,11
2024-09-19 12:26:29.693000,423.41247240064223,11
2024-09-19 12:26:29.772000,423.3936234941097,12
2024-09-19 12:26:29.882000,423.3855375026912,996
2024-09-19 12:26:29.891000,423.4078562754324,15
2024-09-19 12:26:30.011000,423.443192512008,11
2024-09-19 12:26:30.086000,423.45272158493657,1003
2024-09-19 12:26:30.595000,423.4420521487911,15
2024-09-19 12:26:30.975000,423.4738633342362,96
2024-09-19 12:26:31.010000,423.4273641111132,996
2024-09-19 12:26:31.045000,423.4382567896257,15
2024-09-19 12:26:31.125000,423.4423448810119,997
2024-09-19 12:26:31.276000,423.4559528128788,1004
2024-09-19 12:26:31.347000,423.4513810316568,11
2024-09-19 12:26:31.470000,423.4310783662445,100
2024-09-19 12:26:31.565000,423.438297462957,13
2024-09-19 12:26:31.617000,423.4311556344704,12
2024-09-19 12:26:31.727000,423.4442725336435,13
2024-09-19 12:26:31.859000,423.454638605444,1003
2024-09-19 12:26:31.872000,423.4872991960954,9
2024-09-19 12:26:31.882000,423.43969710861575,95
2024-09-19 12:26:32.109000,423.4231057044305,5
2024-09-19 12:26:32.172000,423.4392436986542,10
2024-09-19 12:26:32.382000,423.4642757505988,101
2024-09-19 12:26:32.405000,423.4198172459296,97
2024-09-19 12:26:32.487000,423.43605773777153,99
2024-09-19 12:26:32.495000,423.4592961341552,9
2024-09-19 12:26:32.754000,423.4383209985288,9
2024-09-19 12:26:32.850000,423.4344120594992,11
2024-09-19 12:26:32.935000,423.45272672202736,101
2024-09-19 12:26:32.944000,423.4614556870893,1001
2024-09-19 12:26:33.126000,423.4846668632595,100
2024-09-19 12:26:33.175000,423.4579874288789,97
2024-09-19 12:26:33.246000,423.4512628385705,1005
2024-09-19 12:26:33.264000,423.4787050800375,100
2024-09-19 12:26:33.371000,423.48005900822994,15
2024-09-19 12:26:33.431000,423.4601645954015,999
2024-09-19 12:26:33.558000,423.450984903088,6
2024-09-19 12:26:33.568000,423.4683651437792,5
2024-09-19 12:26:33.598000,423.4642029361737,1004
2024-09-19 12:26:33.643000,423.48016033472055,5
2024-09-19 12:26:33.739000,423.4835214446674,5
2024-09-19 12:26:33.771000,423.4630221517611,95
2024-09-19 12:26:33.820000,423.4643211334897,15
2024-09-19 12:26:33.851000,423.4538592421984,1001
2024-09-19 12:26:33.861000,423.4839381424421,1004
2024-09-19 12:26:33.892000,423.4731187126611,1005
2024-09-19 12:26:33.990000,423.4517330783704,12
2024-09-19 12:26:34.191000,423.4781558444839,9
2024-09-19 12:26:34.324000,423.4991509117485,5
2024-09-19 12:26:34.344000,423.48197286388375,1005
2024-09-19 12:26:34.514000,423.513932496403,9
2024-09-19 12:26:34.529000,423.48947356485735,10
2024-09-19 12:26:34.693000,423.4997702868444,102
2024-09-19 12:26:34.816000,423.488800681863,99
2024-09-19 12:26:34.866000,423.4941092463876,995
2024-09-19 12:26:34.875000,423.50228025184725,1002
2024-09-19 12:26:34.899000,423.4810437821649,100
2024-09-19 12:26:34.902000,423.4723493831919,98
2024-09-19 12:26:34.908000,423.48279290547737,995
2024-09-19 12:26:35.612000,423.5092183779082,97
2024-09-19 12:26:36.137000,423.47526966866616,1005
2024-09-19 12:26:36.206000,423.4625773814061,1005
2024-09-19 12:26:36.223000,423.5113752637673,98
2024-09-19 12:26:36.238000,423.5036060824304,11
2024-09-19 12:26:36.314000,423.50642798435,7
2024-09-19 12:26:36.352000,423.4719496536789,105
2024-09-19 12:26:36.426000,423.4389308966996,7
2024-09-19 12:26:36.587000,423.4644966093159,6
2024-09-19 12:26:36.710000,423.50717074745154,5
2024-09-19 12:26:36.789000,423.4752345303197,105
2024-09-19 12:26:36.839000,423.5038204673813,13
2024-09-19 12:26:36.851000,423.463352642849,104
2024-09-19 12:26:36.942000,423.4935925034665,105
2024-09-19 12:26:36.958000,423.4392614300546,998
2024-09-19 12:26:37.023000,423.3607678035586,97
2024-09-19 12:26:37.024000,423.3874573312924,12
2024-09-19 12:26:37.085000,423.4378621421262,96
2024-09-19 12:26:37.198000,423.4521872477147,15
2024-09-19 12:26:37.346000,423.4475735301679,7
2024-09-19 12:26:37.392000,423.443503426237,104
2024-09-19 12:26:37.571000,423.4603187019591,6
2024-09-19 12:26:37.613000,423.39485322267234,13
2024-09-19 12:26:37.676000,423.4588881686117,99
2024-09-19 12:26:37.716000,423.4037428779204,1004
2024-09-19 12:26:37.745000,423.3824688592086,995
2024-09-19 12:26:37.789000,423.4137150570594,998
2024-09-19 12:26:37.802000,423.37862898830326,1000
2024-09-19 12:26:37.846000,423.4009827713951,96
2024-09-19 12:26:37.880000,423.3600513228165,1005
2024-09-19 12:26:37.956000,423.3616500749027,997
2024-09-19 12:26:38.110000,423.4147850311508,13
2024-09-19 12:26:38.212000,423.3830734007056,1000
2024-09-19 12:26:38.235000,423.3995725575271,12
2024-09-19 12:26:38.245000,423.3699362266568,999
2024-09-19 12:26:38.281000,423.3612404564403,996
2024-09-19 12:26:38.314000,423.4234013093781,996
2024-09-19 12:26:38.346000,423.3834441963066,7
2024-09-19 12:26:38.367000,423.41862209951495,8
2024-09-19 12:26:38.443000,423.4248501557878,14
2024-09-19 12:26:38.446000,423.39345690117545,1004
2024-09-19 12:26:38.701000,423.41347363929606,1002
2024-09-19 12:26:38.797000,423.39100662436033,99
2024-09-19 12:26:38.808000,423.39860669927486,1004
2024-09-19 12:26:38.811000,423.423859202904,1000
2024-09-19 12:26:38.855000,423.34571316261474,5
2024-09-19 12:26:38.869000,423.3907384468751,9
2024-09-19 12:26:38.887000,423.41785276182856,14
2024-09-19 12:26:38.926000,423.3976030657343,14
2024-09-19 12:26:38.950000,423.4126571835019,8
2024-09-19 12:26:38.989000,423.3570647087532,998
2024-09-19 12:26:39.058000,423.4427259301755,1001
2024-09-19 12:26:39.071000,423.4396837520853,8
2024-09-19 12:26:39.169000,423.4320610494625,97
2024-09-19 12:26:39.270000,423.4210155987752,13
2024-09-19 12:26:39.291000,423.4252196262371,99
2024-09-19 12:26:39.321000,423.4492258632718,104
2024-09-19 12:26:39.368000,423.4434730759064,1004
2024-09-19 12:26:39.561000,423.435120227622,998
2024-09-19 12:26:39.588000,423.4366120275431,11
2024-09-19 12:26:39.770000,423.439423152634,1000
2024-09-19 12:26:39.872000,423.427103788214,6
2024-09-19 12:26:39.873000,423.4301893804151,102
2024-09-19 12:26:39.957000,423.450729711236,1001
2024-09-19 12:26:39.969000,423.4239178217558,95
2024-09-19 12:26:40.069000,423.4757681316942,8
2024-09-19 12:26:40.124000,423.4725013669068,98
2024-09-19 12:26:40.177000,423.4558413011737,102
2024-09-19 12:26:40.264000,423.4334765516503,10
2024-09-19 12:26:40.301000,423.4149170588908,999
2024-09-19 12:26:40.343000,423.47055450547776,11
2024-09-19 12:26:40.479000,423.4530659590208,98
2024-09-19 12:26:40.737000,423.4471514844124,1003
2024-09-19 12:26:40.813000,423.4360193368133,98
2024-09-19 12:26:40.843000,423.4575834013348,9
2024-09-19 12:26:40.853000,423.4545027179402,5
2024-09-19 12:26:40.868000,423.4259288171394,1005
2024-09-19 12:26:40.910000,423.4461580630535,104
2024-09-19 12:26:41.019000,423.5075639291412,1004
2024-09-19 12:26:41.201000,423.4476986752989,7
2024-09-19 12:26:41.231000,423.50896439746776,7
2024-09-19 12:26:41.249000,423.4987787411296,9
2024-09-19 12:26:41.256000,423.4743405798813,11
2024-09-19 12:26:41.457000,423.4702515615903,13
2024-09-19 12:26:41.537000,423.51700960734735,6
2024-09-19 12:26:41.656000,423.5111726987518,995
2024-09-19 12:26:41.657000,423.5083959347099,10
2024-09-19 12:26:41.717000,423.4593305541261,12
2024-09-19 12:26:41.785000,423.4857806078428,102
2024-09-19 12:26:41.991000,423.4830228930667,103
2024-09-19 12:26:42.006000,423.4773232514231,99
2024-09-19 12:26:42.126000,423.44602624369344,103
2024-09-19 12:26:42.211000,423.45888497292106,102
2024-09-19 12:26:42.260000,423.4838608819145,999
2024-09-19 12:26:42.268000,423.46857346694753,1003
2024-09-19 12:26:42.343000,423.4778495773021,6
2024-09-19 12:26:42.365000,423.4624965380188,97
2024-09-19 12:26:42.494000,423.4907347701553,97
2024-09-19 12:26:42.547000,423.4907489524036,105
2024-09-19 12:26:42.600000,423.4721734270572,13
2024-09-19 12:26:42.602000,423.441667691071,99
2024-09-19 12:26:42.610000,423.4651011860764,1005
2024-09-19 12:26:42.721000,423.4659716266695,100
2024-09-19 12:26:42.819000,423.47183394353766,1001
2024-09-19 12:26:42.930000,423.4535165633552,1002
2024-09-19 12:26:43.002000,423.5569517473001,10
2024-09-19 12:26:43.108000,423.4788455026234,100
2024-09-19 12:26:43.147000,423.5396844007447,998
2024-09-19 12:26:43.175000,423.5391810065209,97
2024-09-19 12:26:43.250000,423.55164928068666,999
2024-09-19 12:26:43.257000,423.5304873749926,1004
2024-09-19 12:26:43.284000,423.5083520249271,102
2024-09-19 12:26:43.381000,423.5631919074381,98
2024-09-19 12:26:43.402000,423.5138366564673,1000
2024-09-19 12:26:43.506000,423.4947212388098,15
2024-09-19 12:26:43.526000,423.527404563407,995
2024-09-19 12:26:43.552000,423.5058371371744,1001
2024-09-19 12:26:43.611000,423.4940452230391,102
2024-09-19 12:26:43.612000,423.55433991861673,99
2024-09-19 12:26:43.692000,423.5462041923463,996
2024-09-19 12:26:43.843000,423.4528627125911,1000
2024-09-19 12:26:43.893000,423.45921049243873,103
2024-09-19 12:26:43.893000,423.542701645444,997
2024-09-19 12:26:43.938000,423.55942777295775,995
2024-09-19 12:26:43.960000,423.5531715561265,103
2024-09-19 12:26:43.962000,423.55086401353145,103
2024-09-19 12:26:43.988000,423.4905260486328,103
2024-09-19 12:26:43.998000,423.5516903628371,15
2024-09-19 12:26:44.081000,423.5919485779498,98
2024-09-19 12:26:44.094000,423.6026524081112,998
2024-09-19 12:26:44.173000,423.6134116158946,995
2024-09-19 12:26:44.223000,423.59873794362096,97
2024-09-19 12:26:44.224000,423.6153952594095,98
2024-09-19 12:26:44.235000,423.5678674759877,10
2024-09-19 12:26:44.258000,423.57385272226026,99
2024-09-19 12:26:44.377000,423.593849976058,99
2024-09-19 12:26:44.432000,423.6111610527586,997
2024-09-19 12:26:44.450000,423.582950680604,105
2024-09-19 12:26:44.471000,423.6014835659707,96
2024-09-19 12:26:44.499000,423.6252007440183,8
2024-09-19 12:26:44.524000,423.58465625221146,1000
2024-09-19 12:26:44.532000,423.61693473682334,98
2024-09-19 12:26:44.546000,423.6009391264326,7
2024-09-19 12:26:44.594000,423.5754923045248,14
2024-09-19 12:26:44.606000,423.6091084035484,5
2024-09-19 12:26:44.671000,423.5544399091579,101
2024-09-19 12:26:44.714000,423.62092663783176,103
2024-09-19 12:26:44.715000,423.6093060498512,95
2024-09-19 12:26:44.745000,423.5457743921836,11
2024-09-19 12:26:44.761000,423.59520353031945,104
2024-09-19 12:26:44.819000,423.5534352291752,997
2024-09-19 12:26:44.821000,423.5906372540434,101
2024-09-19 12:26:44.899000,423.5506158740263,1001
2024-09-19 12:26:44.946000,423.61526289897625,11
2024-09-19 12:26:44.957000,423.6221109862432,98
2024-09-19 12:26:44.986000,423.5818576333321,100
2024-09-19 12:26:44.986000,423.5560766150316,1001
2024-09-19 12:26:46.038000,423.595614724928,1000
2024-09-19 12:26:46.073000,423.6592285044061,13
2024-09-19 12:26:46.093000,423.60798940138415,103
2024-09-19 12:26:46.093000,423.63263093021976,11
2024-09-19 12:26:46.118000,423.5950715775066,998
2024-09-19 12:26:46.135000,423.6477331930228,10
2024-09-19 12:26:46.266000,423.6444011862828,995
2024-09-19 12:26:46.371000,423.6262509841628,9
2024-09-19 12:26:46.375000,423.62882996333866,999
2024-09-19 12:26:46.467000,423.6003134559817,1000
2024-09-19 12:26:46.478000,423.622714128505,1005
2024-09-19 12:26:46.524000,423.61216552702354,8
2024-09-19 12:26:46.526000,423.6243094388551,14
2024-09-19 12:26:46.597000,423.65886320774496,97
2024-09-19 12:26:46.603000,423.6506678259802,101
2024-09-19 12:26:46.664000,423.6077997731107,999
2024-09-19 12:26:46.742000,423.64809400676097,7
2024-09-19 12:26:46.820000,423.587991534257,11
2024-09-19 12:26:46.829000,423.6322158776474,104
2024-09-19 12:26:46.871000,423.6333192289234,105
2024-09-19 12:26:46.940000,423.5954990241415,1002
2024-09-19 12:26:46.957000,423.6239636705876,8
2024-09-19 12:26:46.971000,423.6310657577085,96
2024-09-19 12:26:46.981000,423.60221219869226,11
2024-09-19 12:26:46.986000,423.5792150969954,98
2024-09-19 12:26:46.986000,423.6340824573124,5
2024-09-19 12:26:47.028000,423.59036502575645,96
2024-09-19 12:26:47.170000,423.6390850558331,8
2024-09-19 12:26:47.285000,423.6556228314408,98
2024-09-19 12:26:47.427000,423.62399304893256,11
2024-09-19 12:26:47.473000,423.6425050224639,5
2024-09-19 12:26:47.511000,423.6680303805082,104
2024-09-19 12:26:47.577000,423.60999301550544,9
2024-09-19 12:26:47.588000,423.60736221972815,105
2024-09-19 12:26:47.644000,423.60234892285104,1005
2024-09-19 12:26:47.661000,423.62174801242594,1003
2024-09-19 12:26:47.682000,423.61077474922223,1004
2024-09-19 12:26:47.684000,423.6369224784016,995
2024-09-19 12:26:47.705000,423.6336404101784,104
2024-09-19 12:26:47.706000,423.6319383942552,99
2024-09-19 12:26:47.759000,423.6231780211428,6
2024-09-19 12:26:47.947000,423.6337021673885,995
2024-09-19 12:26:49.004000,423.5777953014914,12
2024-09-19 12:26:49.150000,423.5920982735674,996
2024-09-19 12:26:49.498000,423.5444815914429,995
2024-09-19 12:26:49.539000,423.6278936746148,6
2024-09-19 12:26:49.553000,423.5813833440261,9
2024-09-19 12:26:49.906000,423.5467977349322,101
2024-09-19 12:26:49.916000,423.6155461203124,98
2024-09-19 12:26:49.925000,423.6229799784944,1003
2024-09-19 12:26:49.994000,423.546258587952,999
2024-09-19 12:26:50.126000,423.57138645324056,12
2024-09-19 12:26:50.215000,423.5968794530662,103
2024-09-19 12:26:50.375000,423.6035155912129,101
2024-09-19 12:26:50.592000,423.5798393511235,1003
2024-09-19 12:26:51.287000,423.6072228148497,96
2024-09-19 12:26:51.628000,423.6019341463471,100
2024-09-19 12:26:51.721000,423.6177228081881,1004
2024-09-19 12:26:51.785000,423.6256683359018,12
2024-09-19 12:26:51.786000,423.60809902358767,6
2024-09-19 12:26:52.025000,423.6180773635412,6
2024-09-19 12:26:52.315000,423.6040800316245,1000
2024-09-19 12:26:52.861000,423.6151402252526,105
2024-09-19 12:26:55.095000,423.60801270839886,12
2024-09-19 12:26:55.171000,423.6175995536272,1001
2024-09-19 12:26:55.195000,423.609127004225,8
2024-09-19 12:26:55.359000,423.63163033890805,97
2024-09-19 12:26:55.381000,423.62600822195526,1003
2024-09-19 12:26:55.560000,423.6107807455702,96
2024-09-19 12:26:55.657000,423.600073605652,998
2024-09-19 12:26:55.740000,423.6207470112654,95
2024-09-19 12:26:55.754000,423.6097817209805,1000
2024-09-19 12:26:56.031000,423.6273955222216,5
2024-09-19 12:26:56.050000,423.5314520075245,100
2024-09-19 12:26:56.139000,423.5635290836188,15
2024-09-19 12:26:56.229000,423.6156222138266,1004
2024-09-19 12:26:56.239000,423.5789791286541,103
2024-09-19 12:26:56.261000,423.6019930214695,100
2024-09-19 12:26:56.284000,423.5847144711989,15
2024-09-19 12:26:56.285000,423.5678423547392,100
2024-09-19 12:26:56.342000,423.5854967115334,5
2024-09-19 12:26:56.350000,423.61401234807767,1003
2024-09-19 12:26:56.367000,423.592382732049,104
2024-09-19 12:26:56.396000,423.5191590707205,15
2024-09-19 12:26:56.397000,423.5985204192356,104
2024-09-19 12:26:56.419000,423.5303300997122,104
2024-09-19 12:26:56.422000,423.5713040321701,95
2024-09-19 12:26:56.537000,423.5316973631853,14
2024-09-19 12:26:56.552000,423.5595125992453,1003
2024-09-19 12:26:56.622000,423.5473785683268,8
2024-09-19 12:26:56.740000,423.5938888112617,103
2024-09-19 12:26:56.743000,423.5105790572106,98
2024-09-19 12:26:56.744000,423.6183511457579,999
2024-09-19 12:26:56.745000,423.5407103147215,1003
2024-09-19 12:26:56.827000,423.5388126991997,996
2024-09-19 12:26:56.831000,423.61846551762767,100
2024-09-19 12:26:56.839000,423.5736009377019,1004
2024-09-19 12:26:56.841000,423.5664312816708,1000
2024-09-19 12:26:56.931000,423.6229736560391,996
2024-09-19 12:26:56.968000,423.5562188228276,5
2024-09-19 12:26:56.984000,423.61220451606266,10
2024-09-19 12:26:57.294000,423.5706814442056,99
2024-09-19 12:26:57.830000,423.5593305850067,998
2024-09-19 12:26:58.009000,423.540212895438,6
2024-09-19 12:26:58.248000,423.5674462123237,13
2024-09-19 12:26:58.382000,423.5346864593736,1003
2024-09-19 12:26:58.400000,423.5509670630272,104
2024-09-19 12:26:59.256000,423.5589759595786,1000
2024-09-19 12:26:59.289000,423.5486522363738,98
2024-09-19 12:26:59.328000,423.5773564179967,9
2024-09-19 12:26:59.374000,423.5545465772941,6
2024-09-19 12:26:59.604000,423.5620995327744,8
2024-09-19 12:26:59.708000,423.5888063446071,102
2024-09-19 12:26:59.764000,423.5472349221712,102
2024-09-19 12:26:59.824000,423.56518056799473,97
2024-09-19 12:26:59.884000,423.5804465201531,998
2024-09-19 12:26:59.889000,423.5615994336341,103
2024-09-19 12:26:59.915000,423.5688587326962,101
2024-09-19 12:26:59.973000,423.5661533842817,105
