Timestamp,Price,Size
2024-09-19 09:58:00.003000,415.3121171824399,104
2024-09-19 09:58:00.292000,415.3093728222512,5
2024-09-19 09:58:00.303000,415.31351251830944,13
2024-09-19 09:58:00.737000,415.3244161692056,96
2024-09-19 09:58:00.741000,415.31997416192576,1003
2024-09-19 09:58:00.971000,415.3104590225928,7
2024-09-19 09:58:00.997000,415.3026591574226,995
2024-09-19 09:58:01.098000,415.3043782145676,6
2024-09-19 09:58:01.166000,415.31382972330346,6
2024-09-19 09:58:01.186000,415.276157848318,1000
2024-09-19 09:58:01.219000,415.28779340974097,996
2024-09-19 09:58:01.229000,415.27762916007663,13
2024-09-19 09:58:01.298000,415.28871847726464,995
2024-09-19 09:58:01.340000,415.31040831846747,102
2024-09-19 09:58:01.471000,415.2777939804876,100
2024-09-19 09:58:01.485000,415.2886736876218,8
2024-09-19 09:58:01.560000,415.305197334765,998
2024-09-19 09:58:01.634000,415.3018588380888,8
2024-09-19 09:58:01.716000,415.2813325652761,102
2024-09-19 09:58:01.833000,415.3108101744133,6
2024-09-19 09:58:01.884000,415.3208360769534,1001
2024-09-19 09:58:01.903000,415.27182645842026,99
2024-09-19 09:58:01.931000,415.2983640099961,10
2024-09-19 09:58:02.259000,415.2734745029039,1005
2024-09-19 09:58:02.399000,415.29222255896974,1003
2024-09-19 09:58:03.222000,415.2684070460924,7
2024-09-19 09:58:03.413000,415.2690208510716,13
2024-09-19 09:58:03.617000,415.2705476301623,13
2024-09-19 09:58:03.900000,415.2608936876401,8
2024-09-19 09:58:03.994000,415.2835315598691,1001
2024-09-19 09:58:04.064000,415.2722518863146,1000
2024-09-19 09:58:04.088000,415.2950363584085,103
2024-09-19 09:58:04.381000,415.2910872063052,95
2024-09-19 09:58:04.382000,415.2934102036188,8
2024-09-19 09:58:04.402000,415.2818928714841,998
2024-09-19 09:58:04.460000,415.2557557911188,1003
2024-09-19 09:58:04.489000,415.2946314443216,95
2024-09-19 09:58:04.642000,415.295788775487,1003
2024-09-19 09:58:04.751000,415.2887920198396,14
2024-09-19 09:58:04.787000,415.2805629078992,95
2024-09-19 09:58:04.857000,415.3074295242091,95
2024-09-19 09:58:05.007000,415.2438606184318,7
2024-09-19 09:58:05.080000,415.1597948096273,996
2024-09-19 09:58:05.248000,415.2456345776601,11
2024-09-19 09:58:05.344000,415.2461805732517,6
2024-09-19 09:58:05.457000,415.21451335195553,10
2024-09-19 09:58:05.513000,415.2298485566544,13
2024-09-19 09:58:05.605000,415.16640095098376,99
2024-09-19 09:58:05.616000,415.2149074052504,1001
2024-09-19 09:58:05.772000,415.2464834625571,1002
2024-09-19 09:58:05.784000,415.1813923942573,996
2024-09-19 09:58:05.905000,415.2535835920946,99
2024-09-19 09:58:05.925000,415.1435520812416,1004
2024-09-19 09:58:06.135000,415.1213849614509,103
2024-09-19 09:58:06.155000,415.1221990834451,1001
2024-09-19 09:58:06.217000,415.143674165082,1004
2024-09-19 09:58:06.269000,415.1381523756581,103
2024-09-19 09:58:06.284000,415.1579971874677,105
2024-09-19 09:58:06.353000,415.1463935781559,997
2024-09-19 09:58:06.369000,415.11928004705646,996
2024-09-19 09:58:06.406000,415.14367787690287,1002
2024-09-19 09:58:06.507000,415.1448011801704,102
2024-09-19 09:58:06.575000,415.1422722174966,100
2024-09-19 09:58:06.604000,415.15011002716784,104
2024-09-19 09:58:06.613000,415.14263808754725,15
2024-09-19 09:58:06.645000,415.12698517169673,8
2024-09-19 09:58:06.737000,415.1326947066527,95
2024-09-19 09:58:06.785000,415.1226782669931,13
2024-09-19 09:58:06.817000,415.1374345120826,96
2024-09-19 09:58:06.908000,415.1265276280637,1004
2024-09-19 09:58:06.914000,415.128673469427,5
2024-09-19 09:58:06.948000,415.121602614947,997
2024-09-19 09:58:06.968000,415.1331716043752,10
2024-09-19 09:58:06.981000,415.1373006519557,11
2024-09-19 09:58:06.997000,415.13521080338126,15
2024-09-19 09:58:07.015000,415.1073398643496,1005
2024-09-19 09:58:07.257000,415.05178815771023,999
2024-09-19 09:58:07.565000,415.11577768561057,100
2024-09-19 09:58:07.705000,415.12120964245054,7
2024-09-19 09:58:07.791000,415.0736321861566,14
2024-09-19 09:58:07.929000,415.0938500149612,1001
2024-09-19 09:58:08.054000,415.0350364148593,1002
2024-09-19 09:58:08.138000,415.0785793962593,102
2024-09-19 09:58:08.152000,415.03598421756607,95
2024-09-19 09:58:08.154000,415.10174904876,998
2024-09-19 09:58:08.208000,415.0647943685186,998
2024-09-19 09:58:08.235000,415.07831126375714,998
2024-09-19 09:58:08.259000,415.09447668320223,100
2024-09-19 09:58:08.288000,415.1019575396516,11
2024-09-19 09:58:08.314000,415.1078709710852,1004
2024-09-19 09:58:08.355000,415.0849411570592,997
2024-09-19 09:58:08.388000,415.07343266906906,95
2024-09-19 09:58:08.432000,415.0714101769149,99
2024-09-19 09:58:08.514000,415.1134945607549,1004
2024-09-19 09:58:08.515000,415.0862925087748,104
2024-09-19 09:58:08.604000,415.0904733288114,6
2024-09-19 09:58:08.658000,415.0882829822882,1001
2024-09-19 09:58:08.773000,415.0639812040095,7
2024-09-19 09:58:08.781000,415.0614933470154,995
2024-09-19 09:58:08.784000,415.1007279208443,7
2024-09-19 09:58:08.819000,415.0808493073681,102
2024-09-19 09:58:08.866000,415.0817193519927,1003
2024-09-19 09:58:08.870000,415.0751263479992,9
2024-09-19 09:58:08.878000,415.0575029580545,1001
2024-09-19 09:58:08.929000,415.0413242322881,7
2024-09-19 09:58:08.954000,415.0815541283756,1004
2024-09-19 09:58:08.967000,415.0465210411346,1000
2024-09-19 09:58:09.031000,415.0814032553682,99
2024-09-19 09:58:09.073000,415.0665403178686,104
2024-09-19 09:58:09.384000,415.0801632541155,12
2024-09-19 09:58:09.512000,415.0718861140307,996
2024-09-19 09:58:09.936000,415.0763650356603,1000
2024-09-19 09:58:10,414.9926355545487,97
2024-09-19 09:58:10.014000,415.0647454562581,11
2024-09-19 09:58:10.072000,415.0454988134997,995
2024-09-19 09:58:10.086000,414.9996559412301,13
2024-09-19 09:58:10.106000,414.9834887168232,7
2024-09-19 09:58:10.120000,415.0736600159861,13
2024-09-19 09:58:10.174000,415.0287661444327,104
2024-09-19 09:58:10.183000,415.0145532881921,101
2024-09-19 09:58:10.185000,415.017181244712,7
2024-09-19 09:58:10.242000,414.9911574539959,99
2024-09-19 09:58:10.304000,415.08410602855497,997
2024-09-19 09:58:10.355000,415.0008094557364,98
2024-09-19 09:58:10.434000,415.0162852983058,995
2024-09-19 09:58:10.451000,415.0419588705738,998
2024-09-19 09:58:10.505000,415.03140083996567,15
2024-09-19 09:58:10.516000,415.0030582735553,1000
2024-09-19 09:58:10.522000,415.022630760902,96
2024-09-19 09:58:10.579000,415.0010055031519,7
2024-09-19 09:58:10.610000,415.00196452197207,98
2024-09-19 09:58:10.635000,415.00223055918383,14
2024-09-19 09:58:10.648000,415.1096382833227,6
2024-09-19 09:58:10.674000,415.0969911231524,999
2024-09-19 09:58:10.727000,415.0255581077176,1001
2024-09-19 09:58:10.742000,415.0761245684574,99
2024-09-19 09:58:10.778000,414.9991354997425,1003
2024-09-19 09:58:10.841000,414.9944493765163,995
2024-09-19 09:58:10.863000,415.0009665750437,14
2024-09-19 09:58:10.875000,415.0128130576631,105
2024-09-19 09:58:10.941000,414.98668696573407,99
2024-09-19 09:58:11.144000,414.8567016666527,102
2024-09-19 09:58:11.183000,414.97424220099816,103
2024-09-19 09:58:11.196000,414.94463274681664,1004
2024-09-19 09:58:11.197000,414.9477213446186,11
2024-09-19 09:58:11.306000,414.9505675020937,100
2024-09-19 09:58:11.348000,414.9832309905685,101
2024-09-19 09:58:11.381000,414.85620231501787,15
2024-09-19 09:58:11.392000,414.87712746479,99
2024-09-19 09:58:11.436000,414.8332577965632,96
2024-09-19 09:58:11.487000,414.92173964746166,996
2024-09-19 09:58:11.517000,414.853931257197,105
2024-09-19 09:58:11.527000,415.0237191914383,12
2024-09-19 09:58:11.538000,415.01488874339526,96
2024-09-19 09:58:11.539000,414.8887654420935,95
2024-09-19 09:58:11.572000,414.8665324411837,100
2024-09-19 09:58:11.575000,414.8957583083211,14
2024-09-19 09:58:11.591000,414.9446841925097,10
2024-09-19 09:58:11.629000,414.983163644732,1004
2024-09-19 09:58:11.675000,414.9810095703416,102
2024-09-19 09:58:11.682000,415.02205896168783,14
2024-09-19 09:58:11.720000,414.98141044186673,996
2024-09-19 09:58:11.787000,414.9790769846084,997
2024-09-19 09:58:11.792000,415.0306061218605,99
2024-09-19 09:58:11.868000,415.01468354434223,102
2024-09-19 09:58:11.870000,414.86214334173496,97
2024-09-19 09:58:11.903000,414.9899934699024,1003
2024-09-19 09:58:11.914000,414.9579438348509,996
2024-09-19 09:58:11.982000,414.93322598596205,14
2024-09-19 09:58:12.018000,414.9188830715579,6
2024-09-19 09:58:12.071000,414.91874829449694,97
2024-09-19 09:58:12.270000,414.89963388284144,9
2024-09-19 09:58:12.323000,414.8809575266644,9
2024-09-19 09:58:12.379000,414.867830539488,1002
2024-09-19 09:58:12.410000,414.8947392236401,1002
2024-09-19 09:58:12.513000,414.8630940339061,101
2024-09-19 09:58:12.719000,414.8774213750014,997
2024-09-19 09:58:12.807000,414.9185511090613,12
2024-09-19 09:58:12.893000,414.893465147938,101
2024-09-19 09:58:12.945000,414.8795919208858,1000
2024-09-19 09:58:13.129000,414.8924613711212,1002
2024-09-19 09:58:13.159000,414.9222680601881,1004
2024-09-19 09:58:13.247000,414.9167759451372,1002
2024-09-19 09:58:13.249000,414.8993367811141,103
2024-09-19 09:58:13.470000,414.9231486381999,997
2024-09-19 09:58:13.482000,414.904713733749,10
2024-09-19 09:58:13.517000,414.9048693911754,1000
2024-09-19 09:58:13.539000,414.9132667306271,13
2024-09-19 09:58:13.555000,414.9171409874357,1004
2024-09-19 09:58:13.589000,414.9313161579144,1005
2024-09-19 09:58:13.597000,414.9202183405022,999
2024-09-19 09:58:13.619000,414.9455169977506,1005
2024-09-19 09:58:13.661000,414.9051785356543,96
2024-09-19 09:58:13.699000,414.90394055031567,7
2024-09-19 09:58:13.714000,414.9340871079007,8
2024-09-19 09:58:13.767000,414.907387742021,102
2024-09-19 09:58:13.794000,414.9280346512398,999
2024-09-19 09:58:13.806000,414.9192158661569,14
2024-09-19 09:58:13.837000,414.8697611623302,1000
2024-09-19 09:58:13.888000,414.9291085662152,95
2024-09-19 09:58:13.938000,414.90324455476014,1004
2024-09-19 09:58:13.949000,414.89928613848906,12
2024-09-19 09:58:13.968000,414.8963536138596,97
2024-09-19 09:58:13.976000,414.9122349295401,95
2024-09-19 09:58:14.022000,414.8984013708576,15
2024-09-19 09:58:14.050000,414.87641034849736,1004
2024-09-19 09:58:14.184000,414.8543092526948,98
2024-09-19 09:58:14.203000,414.90837836591214,97
2024-09-19 09:58:14.227000,414.863268457868,105
2024-09-19 09:58:14.432000,414.908244145186,7
2024-09-19 09:58:14.436000,414.8553940824203,995
2024-09-19 09:58:14.528000,414.9191660180404,1003
2024-09-19 09:58:14.836000,414.8434654331462,996
2024-09-19 09:58:14.921000,414.8429373342078,9
2024-09-19 09:58:15.026000,414.8597715849862,105
2024-09-19 09:58:15.110000,414.86382759286886,6
2024-09-19 09:58:15.116000,414.8705419742759,99
2024-09-19 09:58:15.195000,414.9011498263487,14
2024-09-19 09:58:15.322000,414.9350742174239,101
2024-09-19 09:58:15.336000,414.9063175945442,996
2024-09-19 09:58:15.413000,414.8916665557536,100
2024-09-19 09:58:15.438000,414.8662928449023,7
2024-09-19 09:58:15.482000,414.81835183441086,9
2024-09-19 09:58:15.512000,414.8796862093361,1001
2024-09-19 09:58:15.517000,414.8666008628263,1005
2024-09-19 09:58:15.530000,414.8708462821504,1002
2024-09-19 09:58:15.587000,414.8364259912947,1000
2024-09-19 09:58:15.590000,414.9160894741152,996
2024-09-19 09:58:15.632000,414.84789981239777,9
2024-09-19 09:58:15.638000,414.953058004991,103
2024-09-19 09:58:15.672000,414.846275911708,1001
2024-09-19 09:58:15.674000,414.8232980103948,95
2024-09-19 09:58:15.701000,414.8385398106432,995
2024-09-19 09:58:15.863000,414.8367415566584,1001
2024-09-19 09:58:15.934000,414.9313059967257,1003
2024-09-19 09:58:15.942000,414.9382831919621,100
2024-09-19 09:58:15.943000,414.90218528492017,1000
2024-09-19 09:58:15.959000,414.94181775550186,1000
2024-09-19 09:58:15.962000,414.876750397306,8
2024-09-19 09:58:15.999000,414.9420330490413,6
2024-09-19 09:58:16.041000,414.9512748576223,1003
2024-09-19 09:58:16.125000,414.9601618431828,13
2024-09-19 09:58:16.502000,414.9408549798741,98
2024-09-19 09:58:17.070000,414.97792771865215,105
2024-09-19 09:58:17.130000,414.9595383403213,996
2024-09-19 09:58:17.169000,414.9700140219597,5
2024-09-19 09:58:17.173000,414.9576045363372,12
2024-09-19 09:58:17.216000,415.01179889776336,8
2024-09-19 09:58:17.318000,414.955189342589,998
2024-09-19 09:58:17.327000,414.9699037389087,103
2024-09-19 09:58:17.339000,414.9930302221398,1003
2024-09-19 09:58:17.463000,414.9657908685209,9
2024-09-19 09:58:17.465000,414.9694270684914,6
2024-09-19 09:58:17.531000,414.9747001155735,105
2024-09-19 09:58:17.534000,414.9708756797029,1004
2024-09-19 09:58:17.595000,414.97429027373136,101
2024-09-19 09:58:17.616000,414.96237792189095,97
2024-09-19 09:58:17.645000,414.9655187995601,14
2024-09-19 09:58:17.697000,414.9588748999007,13
2024-09-19 09:58:17.759000,414.9581818305929,1000
2024-09-19 09:58:17.900000,414.9489629278447,97
2024-09-19 09:58:17.981000,414.9674902622262,96
2024-09-19 09:58:18.187000,415.0527181574337,9
2024-09-19 09:58:18.287000,415.0407900401047,99
2024-09-19 09:58:18.374000,415.0093358705452,11
2024-09-19 09:58:18.375000,415.0237654145344,995
2024-09-19 09:58:18.530000,415.04950688258936,1002
2024-09-19 09:58:18.684000,415.0222154842946,997
2024-09-19 09:58:18.754000,415.018046097177,97
2024-09-19 09:58:18.905000,415.060793104228,13
2024-09-19 09:58:19.019000,415.082937207376,99
2024-09-19 09:58:19.065000,415.07376735710426,8
2024-09-19 09:58:19.077000,415.1032344540513,9
2024-09-19 09:58:19.159000,415.09462656122366,998
2024-09-19 09:58:19.413000,415.1144087320115,999
2024-09-19 09:58:19.459000,415.0972631277786,5
2024-09-19 09:58:19.495000,415.093074581486,8
2024-09-19 09:58:19.515000,415.0984851292811,1000
2024-09-19 09:58:19.580000,415.084208075127,997
2024-09-19 09:58:19.604000,415.1059284794412,15
2024-09-19 09:58:19.667000,415.09907840485033,102
2024-09-19 09:58:19.668000,415.1129796584373,12
2024-09-19 09:58:19.786000,415.0912169963117,1002
2024-09-19 09:58:19.813000,415.08135437887466,96
2024-09-19 09:58:19.969000,415.1070444973863,1003
2024-09-19 09:58:20.843000,415.11511126622327,998
2024-09-19 09:58:21.019000,415.0985042741946,997
2024-09-19 09:58:21.046000,415.11254985606433,999
2024-09-19 09:58:21.632000,415.11286939985126,997
2024-09-19 09:58:21.705000,415.09669316259607,104
2024-09-19 09:58:22.072000,415.0934272277971,101
2024-09-19 09:58:22.079000,415.08987304641033,97
2024-09-19 09:58:22.109000,415.078755766144,97
2024-09-19 09:58:22.135000,415.0714429825056,9
2024-09-19 09:58:22.141000,415.0530841189944,102
2024-09-19 09:58:22.208000,415.0958458748021,95
2024-09-19 09:58:22.215000,415.0749896190637,7
2024-09-19 09:58:22.262000,415.0728613317015,15
2024-09-19 09:58:22.270000,415.0865773153066,12
2024-09-19 09:58:22.453000,415.094141590072,98
2024-09-19 09:58:22.561000,415.09338553506086,5
2024-09-19 09:58:22.593000,415.0891031802233,998
2024-09-19 09:58:22.603000,415.05125220766354,1004
2024-09-19 09:58:22.629000,415.0751544159449,997
2024-09-19 09:58:22.838000,415.1007565090154,102
2024-09-19 09:58:22.848000,415.07450598060393,995
2024-09-19 09:58:22.870000,415.0558543093496,7
2024-09-19 09:58:22.950000,415.0804435961164,997
2024-09-19 09:58:22.978000,415.06463038980166,100
2024-09-19 09:58:23.052000,415.1099147786279,1002
2024-09-19 09:58:23.065000,415.105954737063,102
2024-09-19 09:58:23.086000,415.0776502884517,13
2024-09-19 09:58:23.130000,415.1068518713318,104
2024-09-19 09:58:23.182000,415.05060796128873,98
2024-09-19 09:58:23.233000,415.0573420990571,99
2024-09-19 09:58:23.241000,415.1135607011157,103
2024-09-19 09:58:23.313000,415.0606139602426,95
2024-09-19 09:58:23.314000,415.0626555791252,12
2024-09-19 09:58:23.412000,415.0526833597096,999
2024-09-19 09:58:23.437000,415.0891554679287,995
2024-09-19 09:58:23.570000,415.0848429119328,8
2024-09-19 09:58:23.616000,415.043626913861,1004
2024-09-19 09:58:23.645000,415.0362409572807,103
2024-09-19 09:58:23.688000,415.0236637618827,6
2024-09-19 09:58:23.722000,415.064259657338,10
2024-09-19 09:58:23.744000,415.1171464174769,6
2024-09-19 09:58:23.759000,415.0969641462293,105
2024-09-19 09:58:23.788000,415.03775173719663,104
2024-09-19 09:58:23.805000,415.09031831729015,1004
2024-09-19 09:58:23.824000,415.05562471759424,95
2024-09-19 09:58:23.855000,415.07799479265367,1005
2024-09-19 09:58:23.906000,415.0512243602057,102
2024-09-19 09:58:23.907000,415.0502239033647,101
2024-09-19 09:58:23.940000,415.1032296780812,96
2024-09-19 09:58:23.983000,415.0649854182965,7
2024-09-19 09:58:24.059000,415.1009987828423,1000
2024-09-19 09:58:24.100000,415.1044072489983,100
2024-09-19 09:58:24.112000,415.13992617853967,15
2024-09-19 09:58:24.133000,415.1097041254749,8
2024-09-19 09:58:24.170000,415.128239855822,1002
2024-09-19 09:58:24.243000,415.13472289814274,11
2024-09-19 09:58:24.311000,415.1335120982976,1001
2024-09-19 09:58:24.366000,415.1295460225832,1003
2024-09-19 09:58:24.373000,415.0921216621237,12
2024-09-19 09:58:24.376000,415.1409624792196,14
2024-09-19 09:58:24.399000,415.1382797538476,105
2024-09-19 09:58:24.495000,415.1070447152874,1002
2024-09-19 09:58:24.579000,415.11096938127065,105
2024-09-19 09:58:24.611000,415.1230867880843,995
2024-09-19 09:58:24.617000,415.1231752476588,995
2024-09-19 09:58:24.652000,415.0891099132431,9
2024-09-19 09:58:24.688000,415.0952283632856,95
2024-09-19 09:58:24.701000,415.13552678174017,999
2024-09-19 09:58:24.702000,415.13130274568937,105
2024-09-19 09:58:24.893000,415.12577233850607,995
2024-09-19 09:58:24.931000,415.1134769496462,14
2024-09-19 09:58:25,415.1540489117697,105
2024-09-19 09:58:25.108000,415.0879580863439,6
2024-09-19 09:58:25.116000,415.1394603286043,101
2024-09-19 09:58:25.160000,415.1491502367666,998
2024-09-19 09:58:25.214000,415.1525934059661,1004
2024-09-19 09:58:25.247000,415.0563775742221,10
2024-09-19 09:58:25.313000,415.1211518845053,997
2024-09-19 09:58:25.383000,415.13133016401537,1000
2024-09-19 09:58:25.484000,415.1837104274978,104
2024-09-19 09:58:25.540000,415.0877524702315,98
2024-09-19 09:58:25.548000,415.1447765597634,5
2024-09-19 09:58:25.558000,415.0771255588871,997
2024-09-19 09:58:25.559000,415.13059313985326,100
2024-09-19 09:58:25.588000,415.14820005536507,96
2024-09-19 09:58:25.602000,415.10776834716137,997
2024-09-19 09:58:25.639000,415.1583796764912,1002
2024-09-19 09:58:25.716000,415.169079661169,8
2024-09-19 09:58:25.798000,415.0523748530345,999
2024-09-19 09:58:25.818000,415.09752626513495,1001
2024-09-19 09:58:25.832000,415.10348255193423,97
2024-09-19 09:58:25.877000,415.0701104633147,98
2024-09-19 09:58:25.880000,415.1501424798164,99
2024-09-19 09:58:25.973000,415.16502992052784,5
2024-09-19 09:58:26.006000,415.0482112328473,10
2024-09-19 09:58:26.113000,415.0719056808569,998
2024-09-19 09:58:26.148000,415.0848628034655,1000
2024-09-19 09:58:26.160000,415.0711144095024,105
2024-09-19 09:58:26.469000,415.0769673086242,100
2024-09-19 09:58:26.472000,415.0937455465803,1005
2024-09-19 09:58:26.632000,415.0947829812013,996
2024-09-19 09:58:26.699000,415.08668178870965,15
2024-09-19 09:58:26.852000,415.06729597395287,1002
2024-09-19 09:58:27.034000,415.0481861767914,99
2024-09-19 09:58:27.231000,415.034129067512,102
2024-09-19 09:58:27.284000,415.0272128417711,7
2024-09-19 09:58:27.379000,415.0242116757448,9
2024-09-19 09:58:27.489000,415.0315598102878,1003
2024-09-19 09:58:28.015000,414.9791906881992,98
2024-09-19 09:58:28.098000,414.9927442198843,100
2024-09-19 09:58:28.692000,414.9971419469008,14
2024-09-19 09:58:28.900000,414.9818375853447,102
2024-09-19 09:58:28.952000,414.9784828615144,1003
2024-09-19 09:58:29.025000,414.9503432336048,97
2024-09-19 09:58:29.055000,414.96204295075967,996
2024-09-19 09:58:29.091000,414.9424613874149,999
2024-09-19 09:58:29.155000,414.9621082479006,12
2024-09-19 09:58:29.163000,414.9574992478705,999
2024-09-19 09:58:29.165000,414.939587991472,1003
2024-09-19 09:58:29.175000,414.9526655198911,105
2024-09-19 09:58:29.192000,414.9644208099684,995
2024-09-19 09:58:29.234000,414.9445638047623,999
2024-09-19 09:58:29.274000,414.9480191388077,997
2024-09-19 09:58:29.325000,414.9264296814567,101
2024-09-19 09:58:29.325000,414.9449742539469,14
2024-09-19 09:58:29.343000,414.9369013618836,995
2024-09-19 09:58:29.366000,414.9485015747367,1003
2024-09-19 09:58:29.506000,414.967884185812,100
2024-09-19 09:58:29.510000,414.9392185698705,105
2024-09-19 09:58:29.596000,414.95070187656194,97
2024-09-19 09:58:29.655000,414.95094664113446,997
2024-09-19 09:58:29.726000,414.92956396097736,97
2024-09-19 09:58:29.901000,414.9497353528219,9
2024-09-19 09:58:30.677000,414.9538834978794,10
2024-09-19 09:58:30.756000,414.9635241541756,996
2024-09-19 09:58:30.781000,414.9710336924577,100
2024-09-19 09:58:30.853000,414.9646703398889,14
2024-09-19 09:58:31.087000,415.0026936852728,100
2024-09-19 09:58:31.089000,414.9801470319222,7
2024-09-19 09:58:31.115000,415.016378345881,99
2024-09-19 09:58:31.213000,414.9955035173038,95
2024-09-19 09:58:31.226000,415.0453139825413,997
2024-09-19 09:58:31.306000,415.0739259920561,98
2024-09-19 09:58:31.363000,415.00137851275167,15
2024-09-19 09:58:31.439000,415.0663383293888,998
2024-09-19 09:58:31.440000,415.0072409074212,104
2024-09-19 09:58:31.453000,414.993158757616,102
2024-09-19 09:58:31.536000,415.0566201050541,105
2024-09-19 09:58:31.544000,415.0055522076285,8
2024-09-19 09:58:31.560000,415.0733492346517,1003
2024-09-19 09:58:31.566000,414.9891311398597,995
2024-09-19 09:58:31.680000,415.0501615350372,100
2024-09-19 09:58:31.682000,415.0731171597662,11
2024-09-19 09:58:31.714000,414.97045042549,13
2024-09-19 09:58:31.755000,415.0074704865522,95
2024-09-19 09:58:31.810000,414.9827318132742,1005
2024-09-19 09:58:31.825000,414.9808796672695,96
2024-09-19 09:58:31.870000,415.0655485026394,13
2024-09-19 09:58:31.893000,414.9917083810907,99
2024-09-19 09:58:31.896000,415.07236699666095,103
2024-09-19 09:58:31.909000,415.05111508960726,9
2024-09-19 09:58:31.912000,415.029485490152,96
2024-09-19 09:58:31.992000,414.9955931412586,13
2024-09-19 09:58:32.011000,415.0460827404636,101
2024-09-19 09:58:32.017000,415.030626375732,9
2024-09-19 09:58:32.051000,415.04277739817707,103
2024-09-19 09:58:32.178000,414.9794402864832,1004
2024-09-19 09:58:32.191000,415.0000540533703,9
2024-09-19 09:58:32.217000,414.9748023204727,10
2024-09-19 09:58:32.242000,415.0509444483823,1000
2024-09-19 09:58:32.247000,415.0442013864532,996
2024-09-19 09:58:32.292000,415.0389769112496,998
2024-09-19 09:58:32.301000,415.0487734070464,1002
2024-09-19 09:58:32.367000,415.03628344860937,96
2024-09-19 09:58:32.386000,415.0588302545302,1002
2024-09-19 09:58:32.400000,415.0540522727985,1005
2024-09-19 09:58:32.432000,415.0478517772864,5
2024-09-19 09:58:32.505000,415.0426169434704,1001
2024-09-19 09:58:32.545000,415.0629546686392,100
2024-09-19 09:58:32.554000,415.0675364634481,9
2024-09-19 09:58:32.675000,415.0637439066262,96
2024-09-19 09:58:32.703000,415.0127611725246,102
2024-09-19 09:58:32.744000,415.0388722039954,5
2024-09-19 09:58:32.750000,414.9591893615421,6
2024-09-19 09:58:32.801000,415.03135907449376,99
2024-09-19 09:58:32.826000,414.959560132102,1002
2024-09-19 09:58:32.847000,415.0431854743072,10
2024-09-19 09:58:32.915000,415.0620768078931,11
2024-09-19 09:58:33.217000,414.9343136609703,95
2024-09-19 09:58:33.253000,414.9233808314041,1000
2024-09-19 09:58:33.440000,414.9339615607876,105
2024-09-19 09:58:33.596000,414.9391115687958,97
2024-09-19 09:58:33.963000,414.9367537206793,8
2024-09-19 09:58:33.967000,414.9316090277624,98
2024-09-19 09:58:33.976000,414.9518601706913,97
2024-09-19 09:58:34.009000,414.89506239469085,11
2024-09-19 09:58:34.036000,414.8759456703989,14
2024-09-19 09:58:34.049000,414.9028209178916,101
2024-09-19 09:58:34.071000,414.868377321948,998
2024-09-19 09:58:34.133000,414.8789348988136,9
2024-09-19 09:58:34.170000,414.8846958882552,998
2024-09-19 09:58:34.230000,414.91536179768434,14
2024-09-19 09:58:34.297000,414.9426026507157,1001
2024-09-19 09:58:34.355000,414.8876701357391,6
2024-09-19 09:58:34.526000,414.8681947979001,101
2024-09-19 09:58:34.590000,414.9238251961425,996
2024-09-19 09:58:34.610000,414.9467782193455,14
2024-09-19 09:58:34.635000,414.9277566013168,999
2024-09-19 09:58:34.683000,414.9133728465492,6
2024-09-19 09:58:34.707000,414.8921577385158,995
2024-09-19 09:58:34.906000,414.8817194730879,1003
2024-09-19 09:58:34.911000,414.8910007086198,6
2024-09-19 09:58:34.929000,414.8979721518943,1002
2024-09-19 09:58:34.986000,414.88716199775325,15
2024-09-19 09:58:35.030000,414.8405266169674,1004
2024-09-19 09:58:35.128000,414.8702525533644,96
2024-09-19 09:58:35.216000,414.8974103871432,999
2024-09-19 09:58:35.233000,414.83687450369865,8
2024-09-19 09:58:35.354000,414.8421245441844,9
2024-09-19 09:58:35.354000,414.8356355306865,98
2024-09-19 09:58:35.355000,414.9254599348115,1001
2024-09-19 09:58:35.372000,414.8796347858707,1002
2024-09-19 09:58:35.429000,414.8972108629323,7
2024-09-19 09:58:35.489000,414.8472509325145,105
2024-09-19 09:58:35.506000,414.929916091021,100
2024-09-19 09:58:35.509000,414.86623445297033,97
2024-09-19 09:58:35.570000,414.8769066832938,997
2024-09-19 09:58:35.580000,414.91622366763664,101
2024-09-19 09:58:35.608000,414.8556526381552,13
2024-09-19 09:58:35.773000,414.87924768982367,7
2024-09-19 09:58:35.857000,414.9163016729845,102
2024-09-19 09:58:35.876000,414.9279857312696,8
2024-09-19 09:58:35.902000,414.9021335062914,97
2024-09-19 09:58:35.915000,414.8672252411584,103
2024-09-19 09:58:35.973000,414.9337048283525,101
2024-09-19 09:58:36.087000,414.8433094225283,9
2024-09-19 09:58:36.787000,414.8444521431691,95
2024-09-19 09:58:37.035000,414.8260012903826,98
2024-09-19 09:58:37.049000,414.857831273137,8
2024-09-19 09:58:37.070000,414.85456673866895,1002
2024-09-19 09:58:37.098000,414.86352632052126,13
2024-09-19 09:58:37.098000,414.85728322386,1001
2024-09-19 09:58:37.101000,414.8627237189804,1000
2024-09-19 09:58:37.139000,414.84070000940096,102
2024-09-19 09:58:37.155000,414.86468729899127,97
2024-09-19 09:58:37.156000,414.8693943932924,8
2024-09-19 09:58:37.174000,414.897999730157,1004
2024-09-19 09:58:37.175000,414.8331495505404,101
2024-09-19 09:58:37.190000,414.8706400367207,10
2024-09-19 09:58:37.200000,414.8645295859584,96
2024-09-19 09:58:37.260000,414.8828923942165,98
2024-09-19 09:58:37.351000,414.8383478999974,104
2024-09-19 09:58:37.438000,414.8552501131729,1004
2024-09-19 09:58:37.538000,414.84940006771575,13
2024-09-19 09:58:37.546000,414.8479654198197,1003
2024-09-19 09:58:37.643000,414.8811875984664,995
2024-09-19 09:58:37.646000,414.8320103997168,6
2024-09-19 09:58:37.704000,414.8984947389331,999
2024-09-19 09:58:37.722000,414.8665343946293,14
2024-09-19 09:58:37.723000,414.8813099090426,13
2024-09-19 09:58:37.757000,414.8604498325875,1004
2024-09-19 09:58:37.773000,414.8863858964877,101
2024-09-19 09:58:37.801000,414.88112051098057,995
2024-09-19 09:58:37.822000,414.84963182977344,14
2024-09-19 09:58:37.857000,414.8444478380935,1004
2024-09-19 09:58:37.901000,414.8822541453913,1003
2024-09-19 09:58:37.948000,414.83152321747065,14
2024-09-19 09:58:38.097000,414.8342049515891,97
2024-09-19 09:58:38.163000,414.8542912292857,105
2024-09-19 09:58:38.246000,414.8311963183544,13
2024-09-19 09:58:38.518000,414.834803404272,14
2024-09-19 09:58:38.551000,414.84449576687393,14
2024-09-19 09:58:38.556000,414.8675286774342,13
2024-09-19 09:58:38.571000,414.8257263021832,999
2024-09-19 09:58:38.599000,414.8402725353409,12
2024-09-19 09:58:38.698000,414.8427960391917,98
2024-09-19 09:58:38.710000,414.82532947836097,1003
2024-09-19 09:58:38.728000,414.84221395338,96
2024-09-19 09:58:38.920000,414.8504655488808,14
2024-09-19 09:58:38.957000,414.8245337111872,100
2024-09-19 09:58:39.468000,414.8819861462168,998
2024-09-19 09:58:39.508000,414.8528467346604,997
2024-09-19 09:58:39.913000,414.8840055870685,1002
2024-09-19 09:58:40,414.8197931935302,101
2024-09-19 09:58:40.082000,414.79829933403335,13
2024-09-19 09:58:40.084000,414.8441185279131,10
2024-09-19 09:58:40.085000,414.7948998758852,11
2024-09-19 09:58:40.135000,414.8470117799964,1000
2024-09-19 09:58:40.173000,414.8611491579125,103
2024-09-19 09:58:40.287000,414.801153885868,99
2024-09-19 09:58:40.478000,414.8152213643292,6
2024-09-19 09:58:40.512000,414.80297066389033,103
2024-09-19 09:58:40.584000,414.7896221617215,9
2024-09-19 09:58:40.705000,414.7736436660603,8
2024-09-19 09:58:40.725000,414.81460107634905,1001
2024-09-19 09:58:40.806000,414.7909645157611,998
2024-09-19 09:58:40.832000,414.85801635094737,99
2024-09-19 09:58:41.014000,414.8266482772717,1003
2024-09-19 09:58:41.015000,414.7903405835579,9
2024-09-19 09:58:41.221000,414.78275077062335,6
2024-09-19 09:58:41.234000,414.78925083895047,1003
2024-09-19 09:58:41.275000,414.7628570684204,1000
2024-09-19 09:58:41.322000,414.80603736020976,999
2024-09-19 09:58:41.329000,414.8259742933929,13
2024-09-19 09:58:41.375000,414.8044643556121,99
2024-09-19 09:58:41.431000,414.8529879857744,1004
2024-09-19 09:58:41.437000,414.761459339352,101
2024-09-19 09:58:41.467000,414.7679216453997,5
2024-09-19 09:58:41.481000,414.8475494198913,1003
2024-09-19 09:58:41.497000,414.7874587705878,95
2024-09-19 09:58:41.514000,414.845883065125,1004
2024-09-19 09:58:41.547000,414.81016089430193,7
2024-09-19 09:58:41.551000,414.8309470803669,97
2024-09-19 09:58:41.602000,414.8098704911385,5
2024-09-19 09:58:41.620000,414.82982690380175,1005
2024-09-19 09:58:41.637000,414.7815242643098,11
2024-09-19 09:58:41.638000,414.816211067788,8
2024-09-19 09:58:41.691000,414.85252373585206,13
2024-09-19 09:58:41.734000,414.8056121716167,97
2024-09-19 09:58:41.744000,414.7963845892182,8
2024-09-19 09:58:41.754000,414.8082471582888,14
2024-09-19 09:58:41.792000,414.8500253366432,12
2024-09-19 09:58:41.795000,414.84151229165394,13
2024-09-19 09:58:41.809000,414.8324640287373,101
2024-09-19 09:58:42.137000,414.7942181873001,96
2024-09-19 09:58:42.149000,414.7862410910304,14
2024-09-19 09:58:42.218000,414.8190128068347,98
2024-09-19 09:58:42.469000,414.8146412283374,15
2024-09-19 09:58:42.528000,414.77876343755526,95
2024-09-19 09:58:42.771000,414.7690146779837,105
2024-09-19 09:58:42.815000,414.81051746168765,5
2024-09-19 09:58:43.004000,414.8172722929965,97
2024-09-19 09:58:43.017000,414.8201838966792,12
2024-09-19 09:58:43.270000,414.81521463612137,102
2024-09-19 09:58:43.305000,414.8259166773321,103
2024-09-19 09:58:43.340000,414.8167882493317,1002
2024-09-19 09:58:43.351000,414.8086913036327,5
2024-09-19 09:58:43.390000,414.8174735228956,105
2024-09-19 09:58:43.432000,414.82378738497744,7
2024-09-19 09:58:43.436000,414.819449555375,999
2024-09-19 09:58:43.442000,414.8193145758075,98
2024-09-19 09:58:43.732000,414.8281719392514,96
2024-09-19 09:58:43.869000,414.7986353460466,995
2024-09-19 09:58:43.906000,414.82365151095865,99
2024-09-19 09:58:44.044000,414.8195975286663,100
2024-09-19 09:58:44.061000,414.827207000534,15
2024-09-19 09:58:44.131000,414.8146615565241,1002
2024-09-19 09:58:44.145000,414.8474997510701,1005
2024-09-19 09:58:44.195000,414.8095496288055,14
2024-09-19 09:58:44.212000,414.8007663468248,99
2024-09-19 09:58:44.257000,414.8503269147652,98
2024-09-19 09:58:44.419000,414.8276988531732,999
2024-09-19 09:58:44.434000,414.8411586806589,1002
2024-09-19 09:58:44.449000,414.80107914999047,96
2024-09-19 09:58:44.500000,414.8024195747131,10
2024-09-19 09:58:44.552000,414.8184554578109,998
2024-09-19 09:58:44.587000,414.79911418013234,998
2024-09-19 09:58:44.625000,414.7975149437998,101
2024-09-19 09:58:44.688000,414.82168601236896,105
2024-09-19 09:58:44.702000,414.8319554082363,1002
2024-09-19 09:58:44.746000,414.840712999588,11
2024-09-19 09:58:44.996000,414.836690916828,999
2024-09-19 09:58:45.068000,414.7761216919234,995
2024-09-19 09:58:45.228000,414.7720700935346,1005
2024-09-19 09:58:45.481000,414.7797412931954,9
2024-09-19 09:58:45.517000,414.7823009639882,1004
2024-09-19 09:58:45.545000,414.75919462522046,6
2024-09-19 09:58:45.617000,414.7749711772519,995
2024-09-19 09:58:45.635000,414.78201622649175,1003
2024-09-19 09:58:45.637000,414.7670454139858,1002
2024-09-19 09:58:45.763000,414.77240696762266,99
2024-09-19 09:58:45.853000,414.7356497708304,1002
2024-09-19 09:58:45.874000,414.7545842198347,95
2024-09-19 09:58:45.908000,414.7709362264886,998
2024-09-19 09:58:45.909000,414.73722956251726,8
2024-09-19 09:58:45.945000,414.78729716693607,995
2024-09-19 09:58:45.959000,414.7619796176416,996
2024-09-19 09:58:46.276000,414.7493557129929,1005
2024-09-19 09:58:46.289000,414.7692134820319,15
2024-09-19 09:58:46.327000,414.7421672373584,1002
2024-09-19 09:58:46.420000,414.7504824580642,996
2024-09-19 09:58:46.456000,414.746939327712,95
2024-09-19 09:58:46.531000,414.7471550228637,14
2024-09-19 09:58:46.551000,414.7527804717699,9
2024-09-19 09:58:47.004000,414.766944174434,105
2024-09-19 09:58:47.199000,414.748231971408,1003
2024-09-19 09:58:47.279000,414.7340236334391,5
2024-09-19 09:58:47.302000,414.7278432855784,104
2024-09-19 09:58:47.320000,414.7576049325851,104
2024-09-19 09:58:47.343000,414.7817577069391,1005
2024-09-19 09:58:47.391000,414.71191358203765,95
2024-09-19 09:58:47.412000,414.7651139303426,7
2024-09-19 09:58:47.625000,414.79105358038777,101
2024-09-19 09:58:47.636000,414.7732922825143,98
2024-09-19 09:58:47.729000,414.7753780209654,9
2024-09-19 09:58:47.788000,414.77461264136736,100
2024-09-19 09:58:47.823000,414.7697969519341,999
2024-09-19 09:58:47.969000,414.7792655832272,15
2024-09-19 09:58:48.066000,414.7821599982757,1000
2024-09-19 09:58:48.070000,414.79265823046006,105
2024-09-19 09:58:48.422000,414.7540130962582,102
2024-09-19 09:58:48.561000,414.7363843824746,8
2024-09-19 09:58:48.565000,414.80460605269326,6
2024-09-19 09:58:48.577000,414.77291173222,10
2024-09-19 09:58:48.674000,414.7267335243244,12
2024-09-19 09:58:48.855000,414.75739904961904,102
2024-09-19 09:58:48.942000,414.7802680860188,95
2024-09-19 09:58:48.961000,414.8196459735291,1001
2024-09-19 09:58:49.028000,414.8491182360527,104
2024-09-19 09:58:49.298000,414.8257917805776,102
2024-09-19 09:58:49.314000,414.8075001547785,1005
2024-09-19 09:58:49.357000,414.8570002114181,7
2024-09-19 09:58:49.368000,414.8223099846677,11
2024-09-19 09:58:49.373000,414.8218770242532,103
2024-09-19 09:58:49.394000,414.83578698331024,104
2024-09-19 09:58:49.402000,414.815915634654,103
2024-09-19 09:58:49.461000,414.7938302008336,12
2024-09-19 09:58:49.481000,414.83792955815,101
2024-09-19 09:58:49.505000,414.8454162480861,999
2024-09-19 09:58:49.563000,414.83105005733046,1000
2024-09-19 09:58:49.569000,414.8135469118753,104
2024-09-19 09:58:49.645000,414.8308400880048,14
2024-09-19 09:58:49.689000,414.8129181317536,104
2024-09-19 09:58:49.691000,414.8141189652815,104
2024-09-19 09:58:49.716000,414.8492786631486,998
2024-09-19 09:58:49.836000,414.82390370639456,9
2024-09-19 09:58:49.850000,414.8111620324885,13
2024-09-19 09:58:49.860000,414.81142201490553,1005
2024-09-19 09:58:49.947000,414.8194045124147,98
2024-09-19 09:58:50.011000,414.8251433998065,1001
2024-09-19 09:58:50.185000,414.8484577116724,97
2024-09-19 09:58:50.221000,414.83677262052754,1001
2024-09-19 09:58:51.008000,414.87526703764576,1004
2024-09-19 09:58:51.017000,414.8637879854228,104
2024-09-19 09:58:51.020000,414.8890820738333,105
2024-09-19 09:58:51.155000,414.84475416020126,7
2024-09-19 09:58:51.183000,414.86421174311874,997
2024-09-19 09:58:51.253000,414.8525033736052,9
2024-09-19 09:58:51.294000,414.8692832313234,995
2024-09-19 09:58:51.297000,414.8766987972531,1005
2024-09-19 09:58:51.352000,414.8413569667797,15
2024-09-19 09:58:51.480000,414.88933123753134,1004
2024-09-19 09:58:51.693000,414.88000205002015,15
2024-09-19 09:58:51.733000,414.8612974948277,15
2024-09-19 09:58:51.735000,414.8423093391106,14
2024-09-19 09:58:51.739000,414.86749374503785,96
2024-09-19 09:58:51.851000,414.8528825900059,12
2024-09-19 09:58:51.909000,414.8264760106516,11
2024-09-19 09:58:51.939000,414.862477741372,6
2024-09-19 09:58:51.959000,414.88121586494896,96
2024-09-19 09:58:51.975000,414.8689091721965,15
2024-09-19 09:58:52.034000,414.9028282728135,11
2024-09-19 09:58:52.035000,414.8891051736084,95
2024-09-19 09:58:52.053000,414.9002427878392,997
2024-09-19 09:58:52.072000,414.897812375887,999
2024-09-19 09:58:52.077000,414.89543801664905,998
2024-09-19 09:58:52.082000,414.8886209065138,102
2024-09-19 09:58:52.144000,414.8779651135254,8
2024-09-19 09:58:52.185000,414.9164808593284,14
2024-09-19 09:58:52.216000,414.9133815928361,1004
2024-09-19 09:58:52.239000,414.8923937835775,997
2024-09-19 09:58:52.334000,414.9307790164446,998
2024-09-19 09:58:52.365000,414.8943890482319,101
2024-09-19 09:58:52.412000,414.8742660969922,104
2024-09-19 09:58:52.528000,414.8887237893099,100
2024-09-19 09:58:52.609000,414.8808355431841,15
2024-09-19 09:58:52.750000,414.8850877260631,102
2024-09-19 09:58:52.763000,414.8826150816561,98
2024-09-19 09:58:52.772000,414.8716979019575,95
2024-09-19 09:58:52.773000,414.8836367625398,100
2024-09-19 09:58:52.820000,414.88158236244846,1003
2024-09-19 09:58:52.922000,414.91570720650816,1002
2024-09-19 09:58:52.969000,414.87641540229066,96
2024-09-19 09:58:53.059000,414.9028992673387,996
2024-09-19 09:58:53.148000,414.8963793954002,1005
2024-09-19 09:58:53.361000,414.8661156259311,1001
2024-09-19 09:58:53.421000,414.8840270575101,1000
2024-09-19 09:58:53.463000,414.8951753833204,996
2024-09-19 09:58:53.511000,414.8610194843832,7
2024-09-19 09:58:53.612000,414.8606940691179,996
2024-09-19 09:58:53.712000,414.9037011000229,9
2024-09-19 09:58:53.783000,414.8738410638212,99
2024-09-19 09:58:54.015000,414.86635404316985,995
2024-09-19 09:58:54.025000,414.8796748859688,102
2024-09-19 09:58:54.061000,414.8449182919528,12
2024-09-19 09:58:54.225000,414.8888402409362,995
2024-09-19 09:58:54.241000,414.9162403979726,5
2024-09-19 09:58:54.246000,414.8922649461645,99
2024-09-19 09:58:54.312000,414.9075720553074,95
2024-09-19 09:58:54.386000,414.8736109843467,8
2024-09-19 09:58:54.402000,414.9220756040693,998
2024-09-19 09:58:54.431000,414.8671113767876,15
2024-09-19 09:58:54.441000,414.8625569231661,1001
2024-09-19 09:58:54.467000,414.9271612895826,15
2024-09-19 09:58:54.492000,414.8851610686352,1004
2024-09-19 09:58:54.527000,414.8769288187878,998
2024-09-19 09:58:54.578000,414.8991697381432,102
2024-09-19 09:58:54.616000,414.85656832105343,1003
2024-09-19 09:58:54.633000,414.84751202487735,101
2024-09-19 09:58:54.642000,414.85093273071567,999
2024-09-19 09:58:54.686000,414.9030244174585,1002
2024-09-19 09:58:54.712000,414.911703580104,105
2024-09-19 09:58:54.787000,414.9061719071747,995
2024-09-19 09:58:54.942000,414.8753880368432,997
2024-09-19 09:58:55.008000,414.859291898088,1000
2024-09-19 09:58:55.020000,414.87388464252746,11
2024-09-19 09:58:55.138000,414.8801819131216,13
2024-09-19 09:58:55.146000,414.8828757557425,104
2024-09-19 09:58:55.165000,414.8881425806191,103
2024-09-19 09:58:55.170000,414.8484442609155,8
2024-09-19 09:58:55.217000,414.89085708785706,102
2024-09-19 09:58:55.248000,414.8889727552656,7
2024-09-19 09:58:55.298000,414.87074013468987,1003
2024-09-19 09:58:55.342000,414.87243094942943,996
2024-09-19 09:58:55.355000,414.8530280579978,12
2024-09-19 09:58:55.387000,414.89336768632336,999
2024-09-19 09:58:55.393000,414.8619608963612,7
2024-09-19 09:58:55.398000,414.8577510418504,9
2024-09-19 09:58:55.442000,414.9048652038555,1003
2024-09-19 09:58:55.513000,414.895654834421,9
2024-09-19 09:58:55.588000,414.8930170672239,1004
2024-09-19 09:58:55.624000,414.87383131240415,98
2024-09-19 09:58:55.667000,414.8937633482335,96
2024-09-19 09:58:55.729000,414.8630816320539,5
2024-09-19 09:58:55.789000,414.8407243256949,104
2024-09-19 09:58:55.793000,414.8986723143679,995
2024-09-19 09:58:55.814000,414.854838944182,1004
2024-09-19 09:58:55.839000,414.83057168072907,102
2024-09-19 09:58:55.840000,414.8624670774016,105
2024-09-19 09:58:56.071000,414.88495609948257,101
2024-09-19 09:58:56.192000,414.9016356724365,96
2024-09-19 09:58:56.196000,414.9002044382953,100
2024-09-19 09:58:56.282000,414.9311781183093,1003
2024-09-19 09:58:56.300000,414.9319573936928,14
2024-09-19 09:58:56.546000,414.9311387180536,96
2024-09-19 09:58:56.773000,414.91470747378906,8
2024-09-19 09:58:56.930000,414.9345731071921,14
2024-09-19 09:58:56.980000,414.8976381822969,14
2024-09-19 09:58:57.909000,414.9570478667581,95
2024-09-19 09:58:58.039000,414.9706134907147,11
2024-09-19 09:58:58.088000,414.9769764885676,7
2024-09-19 09:58:58.139000,414.9507030102026,12
2024-09-19 09:58:58.157000,414.96915275210034,14
2024-09-19 09:58:58.213000,414.9544052614521,97
2024-09-19 09:58:58.409000,414.9676958358644,999
2024-09-19 09:58:58.435000,414.9642846626383,996
2024-09-19 09:58:59.178000,414.9702550911671,15
2024-09-19 09:58:59.467000,415.0002470973432,997
2024-09-19 09:58:59.542000,414.9739750799872,104
2024-09-19 09:58:59.555000,414.9693588071516,7
2024-09-19 09:58:59.627000,414.99527798290666,11
2024-09-19 09:58:59.634000,414.9712782655315,7
2024-09-19 09:58:59.775000,414.98601473646966,1003
