Timestamp,Price,Size
2024-09-20 12:49:00.089000,428.4595901395713,98
2024-09-20 12:49:00.411000,428.4468469038941,1000
2024-09-20 12:49:00.501000,428.4260158207984,102
2024-09-20 12:49:00.847000,428.4218259668112,998
2024-09-20 12:49:00.854000,428.41460474291546,1003
2024-09-20 12:49:01.046000,428.4057529959348,101
2024-09-20 12:49:01.221000,428.4265138907895,100
2024-09-20 12:49:01.277000,428.4059301706168,14
2024-09-20 12:49:01.368000,428.4152621848411,102
2024-09-20 12:49:01.387000,428.4199306050424,7
2024-09-20 12:49:01.402000,428.42372115721366,14
2024-09-20 12:49:01.421000,428.415543421405,100
2024-09-20 12:49:01.456000,428.4400799554066,100
2024-09-20 12:49:01.522000,428.4315112599124,95
2024-09-20 12:49:01.617000,428.4008241908397,998
2024-09-20 12:49:01.619000,428.4253695496644,12
2024-09-20 12:49:01.755000,428.4236290307366,13
2024-09-20 12:49:01.842000,428.4096422232349,1004
2024-09-20 12:49:01.876000,428.4327471362144,13
2024-09-20 12:49:01.907000,428.4196975399324,1000
2024-09-20 12:49:02.199000,428.4448718571692,12
2024-09-20 12:49:02.223000,428.4281341193111,1003
2024-09-20 12:49:02.235000,428.4518964941252,13
2024-09-20 12:49:02.426000,428.41255269381696,1002
2024-09-20 12:49:02.541000,428.4613536650291,104
2024-09-20 12:49:02.701000,428.44740660138,10
2024-09-20 12:49:03.058000,428.46406064962594,7
2024-09-20 12:49:03.074000,428.4803257564623,1002
2024-09-20 12:49:03.221000,428.4443915372487,10
2024-09-20 12:49:03.227000,428.4709128638376,103
2024-09-20 12:49:03.231000,428.4465766943723,9
2024-09-20 12:49:03.289000,428.4615043036504,1001
2024-09-20 12:49:03.328000,428.4591228846567,6
2024-09-20 12:49:03.339000,428.4376529438493,100
2024-09-20 12:49:03.487000,428.4647945921505,998
2024-09-20 12:49:03.547000,428.4736442710319,1002
2024-09-20 12:49:03.647000,428.4602398710314,101
2024-09-20 12:49:03.725000,428.4631739624152,6
2024-09-20 12:49:03.818000,428.44931310700446,997
2024-09-20 12:49:04.562000,428.4176694875192,97
2024-09-20 12:49:04.591000,428.4177258139004,1002
2024-09-20 12:49:06.026000,428.4089122211148,9
2024-09-20 12:49:06.085000,428.4073963164728,1003
2024-09-20 12:49:06.129000,428.3891418843049,8
2024-09-20 12:49:06.154000,428.3907348939444,1003
2024-09-20 12:49:06.160000,428.37838470702445,105
2024-09-20 12:49:06.174000,428.420218788021,97
2024-09-20 12:49:06.203000,428.4180621406664,7
2024-09-20 12:49:06.256000,428.4116788470532,999
2024-09-20 12:49:06.269000,428.4398754362628,14
2024-09-20 12:49:06.292000,428.4088656116683,102
2024-09-20 12:49:06.393000,428.4249046839126,15
2024-09-20 12:49:06.778000,428.42516962315983,6
2024-09-20 12:49:06.865000,428.4235458211743,999
2024-09-20 12:49:06.908000,428.3853596477777,10
2024-09-20 12:49:06.997000,428.42118841763937,1003
2024-09-20 12:49:07.026000,428.4590425652637,1004
2024-09-20 12:49:07.099000,428.4620730384101,5
2024-09-20 12:49:07.135000,428.4694111379594,996
2024-09-20 12:49:07.249000,428.4752627357947,97
2024-09-20 12:49:07.294000,428.4091127524407,997
2024-09-20 12:49:07.366000,428.4680344208381,10
2024-09-20 12:49:07.370000,428.4301689854458,99
2024-09-20 12:49:07.426000,428.4246144828473,10
2024-09-20 12:49:07.485000,428.4106571344623,95
2024-09-20 12:49:07.530000,428.4024075291792,12
2024-09-20 12:49:07.535000,428.4707902661335,6
2024-09-20 12:49:07.629000,428.420052729906,996
2024-09-20 12:49:07.672000,428.3950975644749,7
2024-09-20 12:49:07.696000,428.4108085849631,102
2024-09-20 12:49:07.803000,428.485294231826,8
2024-09-20 12:49:07.843000,428.4825737937084,100
2024-09-20 12:49:07.896000,428.44548708599154,5
2024-09-20 12:49:07.943000,428.4123058688269,100
2024-09-20 12:49:08.111000,428.4503926365381,95
2024-09-20 12:49:08.178000,428.470411487677,996
2024-09-20 12:49:08.741000,428.4562461328704,101
2024-09-20 12:49:09.322000,428.4336335280013,996
2024-09-20 12:49:09.512000,428.447214246792,1005
2024-09-20 12:49:09.624000,428.4246559508471,13
2024-09-20 12:49:09.678000,428.4060137885101,7
2024-09-20 12:49:09.821000,428.4289617089909,12
2024-09-20 12:49:09.972000,428.42174813511895,97
2024-09-20 12:49:10.087000,428.3271763333552,102
2024-09-20 12:49:10.105000,428.4549653404292,998
2024-09-20 12:49:10.129000,428.3727013113374,1004
2024-09-20 12:49:10.232000,428.3080748959747,1003
2024-09-20 12:49:10.257000,428.3091990952905,996
2024-09-20 12:49:10.258000,428.3727550614674,1002
2024-09-20 12:49:10.309000,428.4671640076361,101
2024-09-20 12:49:10.347000,428.4433229194666,15
2024-09-20 12:49:10.353000,428.31847159166506,15
2024-09-20 12:49:10.389000,428.44130723406425,95
2024-09-20 12:49:10.394000,428.4422783724802,96
2024-09-20 12:49:10.400000,428.33295118740455,1003
2024-09-20 12:49:10.467000,428.3263126311312,997
2024-09-20 12:49:10.566000,428.3201708519896,15
2024-09-20 12:49:10.601000,428.3396245337252,6
2024-09-20 12:49:10.616000,428.31602505687016,104
2024-09-20 12:49:10.625000,428.3993139729075,9
2024-09-20 12:49:10.632000,428.3726322735947,8
2024-09-20 12:49:10.633000,428.4318419630376,1004
2024-09-20 12:49:10.746000,428.4379088499489,10
2024-09-20 12:49:10.790000,428.3611582936329,11
2024-09-20 12:49:10.861000,428.3865512821018,7
2024-09-20 12:49:10.896000,428.323764118381,98
2024-09-20 12:49:10.913000,428.46076498482046,15
2024-09-20 12:49:10.942000,428.43325395039983,995
2024-09-20 12:49:10.955000,428.3694461755841,15
2024-09-20 12:49:10.977000,428.4263920508673,10
2024-09-20 12:49:11.213000,428.311094579698,5
2024-09-20 12:49:11.284000,428.30668205117337,15
2024-09-20 12:49:11.381000,428.2998200594772,15
2024-09-20 12:49:11.431000,428.2974772039434,5
2024-09-20 12:49:11.501000,428.33342528679526,96
2024-09-20 12:49:11.918000,428.3055487592616,5
2024-09-20 12:49:12.083000,428.2827796111002,12
2024-09-20 12:49:12.545000,428.29887005007134,11
2024-09-20 12:49:12.756000,428.2859643327773,101
2024-09-20 12:49:13.140000,428.2776258816114,96
2024-09-20 12:49:13.297000,428.2716469078831,7
2024-09-20 12:49:13.427000,428.2559882686552,998
2024-09-20 12:49:13.629000,428.248455135008,15
2024-09-20 12:49:13.848000,428.2489613112522,6
2024-09-20 12:49:13.883000,428.299246116789,105
2024-09-20 12:49:14.046000,428.2588492591319,8
2024-09-20 12:49:14.111000,428.28000347462336,98
2024-09-20 12:49:14.540000,428.251336232338,11
2024-09-20 12:49:14.626000,428.2788830642685,97
2024-09-20 12:49:14.677000,428.2863277553224,1004
2024-09-20 12:49:14.693000,428.2651113151082,9
2024-09-20 12:49:14.871000,428.277432075293,5
2024-09-20 12:49:15.080000,428.2323091260141,1000
2024-09-20 12:49:15.175000,428.21872497491967,8
2024-09-20 12:49:15.189000,428.23912846765455,13
2024-09-20 12:49:15.292000,428.2321685530304,101
2024-09-20 12:49:15.308000,428.2361937508378,101
2024-09-20 12:49:15.383000,428.2440442133674,9
2024-09-20 12:49:15.413000,428.2367359952904,103
2024-09-20 12:49:15.469000,428.2202185138567,96
2024-09-20 12:49:16.006000,428.22618577540857,998
2024-09-20 12:49:16.037000,428.2409689064269,99
2024-09-20 12:49:16.059000,428.2344939337541,5
2024-09-20 12:49:16.204000,428.2635067382613,101
2024-09-20 12:49:16.307000,428.2279894731223,98
2024-09-20 12:49:16.321000,428.2397895967213,12
2024-09-20 12:49:16.398000,428.2648192468209,103
2024-09-20 12:49:16.440000,428.3108505669477,96
2024-09-20 12:49:16.453000,428.2780979423938,99
2024-09-20 12:49:16.504000,428.3000451900449,105
2024-09-20 12:49:16.543000,428.2770380343045,13
2024-09-20 12:49:16.553000,428.2383435094958,1005
2024-09-20 12:49:16.561000,428.2901224824335,995
2024-09-20 12:49:16.580000,428.2274076158484,10
2024-09-20 12:49:16.671000,428.2835212568028,97
2024-09-20 12:49:16.727000,428.2926715457036,10
2024-09-20 12:49:16.804000,428.28618613665407,1003
2024-09-20 12:49:16.827000,428.2798962295131,96
2024-09-20 12:49:16.895000,428.2776117105319,12
2024-09-20 12:49:16.940000,428.2137642694422,996
2024-09-20 12:49:17.013000,428.2282196409123,96
2024-09-20 12:49:17.048000,428.2387195554203,995
2024-09-20 12:49:17.071000,428.2355992752575,97
2024-09-20 12:49:17.090000,428.22969405646273,995
2024-09-20 12:49:17.302000,428.2414102790393,98
2024-09-20 12:49:17.331000,428.2339837839691,100
2024-09-20 12:49:17.368000,428.200321570078,996
2024-09-20 12:49:17.374000,428.21024685642186,998
2024-09-20 12:49:17.413000,428.234427262733,5
2024-09-20 12:49:17.435000,428.1904350560777,96
2024-09-20 12:49:17.754000,428.2340116646583,103
2024-09-20 12:49:17.782000,428.2413776167783,99
2024-09-20 12:49:17.799000,428.19023223775065,14
2024-09-20 12:49:17.950000,428.2230181602127,1004
2024-09-20 12:49:18.230000,428.2111386588164,7
2024-09-20 12:49:18.659000,428.2106451245294,97
2024-09-20 12:49:18.913000,428.2076172280133,1005
2024-09-20 12:49:19.076000,428.2156040892232,103
2024-09-20 12:49:19.114000,428.2388222549362,997
2024-09-20 12:49:19.202000,428.2210961236034,6
2024-09-20 12:49:19.209000,428.2367615733449,9
2024-09-20 12:49:19.212000,428.220834117795,105
2024-09-20 12:49:19.212000,428.28190494535215,1004
2024-09-20 12:49:19.263000,428.2019405678552,11
2024-09-20 12:49:19.271000,428.21977530191583,998
2024-09-20 12:49:19.331000,428.25471689582497,14
2024-09-20 12:49:19.384000,428.25036724350497,6
2024-09-20 12:49:19.544000,428.240296719849,15
2024-09-20 12:49:19.552000,428.2192701748488,1004
2024-09-20 12:49:19.592000,428.2472221182584,104
2024-09-20 12:49:19.632000,428.2207488977729,1003
2024-09-20 12:49:19.633000,428.2613412654843,1000
2024-09-20 12:49:19.642000,428.2462646569971,104
2024-09-20 12:49:19.646000,428.2181058072607,1003
2024-09-20 12:49:19.675000,428.2029375410869,5
2024-09-20 12:49:19.726000,428.20989505494674,7
2024-09-20 12:49:19.730000,428.2185460334815,997
2024-09-20 12:49:19.734000,428.27010125905184,1005
2024-09-20 12:49:19.736000,428.23517505251607,6
2024-09-20 12:49:19.780000,428.20654689599735,996
2024-09-20 12:49:19.979000,428.2461280520538,999
2024-09-20 12:49:20.040000,428.209792364642,5
2024-09-20 12:49:20.057000,428.1409100609857,103
2024-09-20 12:49:20.256000,428.1899611612006,9
2024-09-20 12:49:20.282000,428.1481090740724,10
2024-09-20 12:49:20.295000,428.164094639782,103
2024-09-20 12:49:20.376000,428.19236878968536,1002
2024-09-20 12:49:20.439000,428.14241069786647,99
2024-09-20 12:49:20.559000,428.135570770932,14
2024-09-20 12:49:20.590000,428.18359116008,11
2024-09-20 12:49:20.675000,428.1426680081776,95
2024-09-20 12:49:20.711000,428.2139571881575,1005
2024-09-20 12:49:20.718000,428.2450541397137,104
2024-09-20 12:49:20.724000,428.14627823227073,6
2024-09-20 12:49:20.877000,428.125264391894,996
2024-09-20 12:49:20.899000,428.1698856034779,104
2024-09-20 12:49:20.937000,428.1413793611122,105
2024-09-20 12:49:21.036000,428.15791475936936,15
2024-09-20 12:49:21.055000,428.1313010813122,1003
2024-09-20 12:49:21.061000,428.1479591553429,1003
2024-09-20 12:49:21.112000,428.145825710437,95
2024-09-20 12:49:21.121000,428.1535316145022,8
2024-09-20 12:49:21.150000,428.1255470684332,103
2024-09-20 12:49:21.156000,428.1447488430102,15
2024-09-20 12:49:21.174000,428.1849801292639,97
2024-09-20 12:49:21.206000,428.1286585777604,1001
2024-09-20 12:49:21.252000,428.16751631583327,13
2024-09-20 12:49:21.271000,428.1517205639401,13
2024-09-20 12:49:21.306000,428.1476115453537,12
2024-09-20 12:49:21.347000,428.1477445346352,102
2024-09-20 12:49:21.422000,428.1388102395267,102
2024-09-20 12:49:21.480000,428.1764418640959,102
2024-09-20 12:49:21.498000,428.1626433139783,996
2024-09-20 12:49:21.536000,428.1551711783191,105
2024-09-20 12:49:21.678000,428.1780276192888,100
2024-09-20 12:49:21.721000,428.1325411685133,6
2024-09-20 12:49:21.739000,428.1597195359779,99
2024-09-20 12:49:21.802000,428.14642048400407,7
2024-09-20 12:49:21.834000,428.1695185788444,12
2024-09-20 12:49:21.882000,428.17077956164354,1003
2024-09-20 12:49:21.892000,428.1920075021873,15
2024-09-20 12:49:22.063000,428.1567835862908,96
2024-09-20 12:49:22.249000,428.16330616517007,13
2024-09-20 12:49:22.299000,428.16400833208377,12
2024-09-20 12:49:22.329000,428.1669522016362,101
2024-09-20 12:49:22.433000,428.1357214865247,995
2024-09-20 12:49:22.538000,428.164268477389,1004
2024-09-20 12:49:22.652000,428.12690291628746,10
2024-09-20 12:49:22.660000,428.15116457002335,95
2024-09-20 12:49:22.788000,428.13394570792747,1003
2024-09-20 12:49:22.842000,428.1553938366077,6
2024-09-20 12:49:23.007000,428.1313519803759,996
2024-09-20 12:49:23.069000,428.1469281011682,97
2024-09-20 12:49:23.108000,428.1345506800064,100
2024-09-20 12:49:23.150000,428.1435893731313,103
2024-09-20 12:49:23.199000,428.143099095083,998
2024-09-20 12:49:23.286000,428.1022689001827,96
2024-09-20 12:49:23.286000,428.1257843814735,8
2024-09-20 12:49:23.339000,428.1326316363951,7
2024-09-20 12:49:23.352000,428.2054862542978,103
2024-09-20 12:49:23.369000,428.134636736734,13
2024-09-20 12:49:23.380000,428.20380529027375,999
2024-09-20 12:49:23.409000,428.1788952283155,995
2024-09-20 12:49:23.410000,428.15915917589336,96
2024-09-20 12:49:23.425000,428.1437235471189,101
2024-09-20 12:49:23.453000,428.1328455687295,100
2024-09-20 12:49:23.556000,428.1328875529924,999
2024-09-20 12:49:23.556000,428.1442362317556,10
2024-09-20 12:49:23.558000,428.1287890524631,11
2024-09-20 12:49:23.570000,428.15348053178593,1005
2024-09-20 12:49:23.805000,428.1679567657823,100
2024-09-20 12:49:23.927000,428.1362542519303,12
2024-09-20 12:49:23.979000,428.1235309452092,8
2024-09-20 12:49:24.101000,428.1954706303827,11
2024-09-20 12:49:24.163000,428.2018961206937,5
2024-09-20 12:49:24.287000,428.2053195301571,105
2024-09-20 12:49:24.810000,428.20594729851416,10
2024-09-20 12:49:25.517000,428.22981315622656,13
2024-09-20 12:49:25.740000,428.2565357965199,997
2024-09-20 12:49:25.796000,428.2276430235712,999
2024-09-20 12:49:26.794000,428.26358612987264,96
2024-09-20 12:49:26.796000,428.2632709030395,15
2024-09-20 12:49:26.810000,428.251877528183,14
2024-09-20 12:49:27.098000,428.3128086325366,96
2024-09-20 12:49:27.221000,428.29846352359885,14
2024-09-20 12:49:27.332000,428.28522246721786,1002
2024-09-20 12:49:27.354000,428.2966881837817,1005
2024-09-20 12:49:27.392000,428.28989198693085,103
2024-09-20 12:49:27.398000,428.27798567384576,1000
2024-09-20 12:49:27.444000,428.2878307566412,997
2024-09-20 12:49:27.506000,428.284682781559,98
2024-09-20 12:49:27.540000,428.2969516654233,105
2024-09-20 12:49:27.616000,428.2793354753952,13
2024-09-20 12:49:27.680000,428.3059328233605,99
2024-09-20 12:49:27.760000,428.3047877372517,11
2024-09-20 12:49:27.824000,428.266153914032,997
2024-09-20 12:49:27.839000,428.2842255864093,1004
2024-09-20 12:49:27.958000,428.2931746939944,6
2024-09-20 12:49:27.962000,428.2811780281344,97
2024-09-20 12:49:29.007000,428.2485833553663,995
2024-09-20 12:49:29.016000,428.2369711475172,1001
2024-09-20 12:49:29.163000,428.25448706913534,995
2024-09-20 12:49:29.189000,428.2505832352484,105
2024-09-20 12:49:29.200000,428.2473377763839,1005
2024-09-20 12:49:29.256000,428.2791101793108,998
2024-09-20 12:49:29.260000,428.26297479007314,998
2024-09-20 12:49:29.425000,428.2922420702778,105
2024-09-20 12:49:29.546000,428.2537419548679,104
2024-09-20 12:49:29.555000,428.2288421276701,105
2024-09-20 12:49:29.591000,428.2959504380452,95
2024-09-20 12:49:29.610000,428.2667191926184,12
2024-09-20 12:49:29.761000,428.2900579201311,103
2024-09-20 12:49:29.796000,428.2894289995557,1005
2024-09-20 12:49:29.798000,428.2323334755852,8
2024-09-20 12:49:29.866000,428.2352164378834,1003
2024-09-20 12:49:29.886000,428.2526218819145,998
2024-09-20 12:49:29.977000,428.24439856705817,10
2024-09-20 12:49:29.994000,428.2557685828575,96
2024-09-20 12:49:30.101000,428.20426937665184,10
2024-09-20 12:49:30.226000,428.2300485910151,99
2024-09-20 12:49:30.278000,428.23141176860594,1002
2024-09-20 12:49:30.478000,428.1878248525618,96
2024-09-20 12:49:30.835000,428.2164006742077,10
2024-09-20 12:49:31.045000,428.208423472591,10
2024-09-20 12:49:31.052000,428.2027408156024,105
2024-09-20 12:49:31.055000,428.1965199553973,105
2024-09-20 12:49:31.074000,428.2307572748516,998
2024-09-20 12:49:31.119000,428.2356874727994,96
2024-09-20 12:49:31.167000,428.225097701371,9
2024-09-20 12:49:31.168000,428.1953665224953,7
2024-09-20 12:49:31.310000,428.20248768028,1000
2024-09-20 12:49:31.348000,428.1777174816262,95
2024-09-20 12:49:31.351000,428.19325322696017,1000
2024-09-20 12:49:31.524000,428.2257445434285,9
2024-09-20 12:49:31.542000,428.21935727494986,101
2024-09-20 12:49:31.549000,428.207373127944,1003
2024-09-20 12:49:31.564000,428.1861807052353,1004
2024-09-20 12:49:31.635000,428.18456590634304,104
2024-09-20 12:49:31.682000,428.2217527261598,1003
2024-09-20 12:49:31.704000,428.2048534339264,6
2024-09-20 12:49:31.707000,428.1955032320319,100
2024-09-20 12:49:31.767000,428.1785661481968,102
2024-09-20 12:49:31.774000,428.1919697452743,99
2024-09-20 12:49:31.793000,428.2232546518587,999
2024-09-20 12:49:31.867000,428.19437612564,99
2024-09-20 12:49:31.875000,428.2157988274172,104
2024-09-20 12:49:31.900000,428.2284471283816,15
2024-09-20 12:49:31.905000,428.2202800158517,96
2024-09-20 12:49:32.039000,428.2206507682554,99
2024-09-20 12:49:32.059000,428.22280478951103,998
2024-09-20 12:49:32.084000,428.23502863179135,1002
2024-09-20 12:49:32.203000,428.2253768093632,1000
2024-09-20 12:49:32.505000,428.2145530879688,104
2024-09-20 12:49:32.759000,428.2380135241047,1003
2024-09-20 12:49:32.912000,428.23058292977225,5
2024-09-20 12:49:32.920000,428.2287481386796,1000
2024-09-20 12:49:33.005000,428.23618846608446,7
2024-09-20 12:49:33.023000,428.1768067604192,7
2024-09-20 12:49:33.031000,428.2242574032799,1005
2024-09-20 12:49:33.110000,428.1923247263818,997
2024-09-20 12:49:33.251000,428.1706351638515,95
2024-09-20 12:49:33.300000,428.237226145194,1001
2024-09-20 12:49:33.318000,428.1872685699222,6
2024-09-20 12:49:33.327000,428.21959730363386,102
2024-09-20 12:49:33.377000,428.1524892491916,11
2024-09-20 12:49:33.467000,428.2886432257379,5
2024-09-20 12:49:33.513000,428.1887159352061,95
2024-09-20 12:49:33.544000,428.2661252222897,5
2024-09-20 12:49:33.625000,428.2322253059568,999
2024-09-20 12:49:33.711000,428.2719045450662,5
2024-09-20 12:49:33.713000,428.2176179949502,102
2024-09-20 12:49:33.843000,428.1810331633844,100
2024-09-20 12:49:34.103000,428.300454307152,13
2024-09-20 12:49:34.109000,428.26781181243007,97
2024-09-20 12:49:34.128000,428.280625210276,995
2024-09-20 12:49:34.160000,428.2690746888471,96
2024-09-20 12:49:34.412000,428.2500679717721,100
2024-09-20 12:49:34.453000,428.2846272140157,8
2024-09-20 12:49:34.455000,428.30777891916944,5
2024-09-20 12:49:34.500000,428.270296891124,1001
2024-09-20 12:49:34.532000,428.27929034780544,11
2024-09-20 12:49:34.592000,428.2997501676443,15
2024-09-20 12:49:34.661000,428.2803258326973,97
2024-09-20 12:49:34.667000,428.2565446205888,996
2024-09-20 12:49:34.705000,428.2711280571112,999
2024-09-20 12:49:34.765000,428.26341969145255,999
2024-09-20 12:49:34.781000,428.2885868304144,97
2024-09-20 12:49:34.802000,428.2720520448652,105
2024-09-20 12:49:34.815000,428.2974022472279,1003
2024-09-20 12:49:34.857000,428.3124948328544,5
2024-09-20 12:49:34.889000,428.3061367365551,7
2024-09-20 12:49:34.972000,428.27692162442855,15
2024-09-20 12:49:35.006000,428.24879503880703,9
2024-09-20 12:49:35.243000,428.19100684766937,5
2024-09-20 12:49:35.255000,428.256109471881,997
2024-09-20 12:49:35.288000,428.18757495930544,1005
2024-09-20 12:49:35.348000,428.1795883407152,13
2024-09-20 12:49:35.402000,428.2503118759169,1000
2024-09-20 12:49:35.533000,428.18758503116095,102
2024-09-20 12:49:35.799000,428.2540066391512,7
2024-09-20 12:49:35.949000,428.2101749253352,102
2024-09-20 12:49:35.997000,428.20933414000336,102
2024-09-20 12:49:36.029000,428.1914544518941,13
2024-09-20 12:49:36.037000,428.19652217317577,1005
2024-09-20 12:49:36.172000,428.1973499101471,9
2024-09-20 12:49:36.175000,428.1970589733289,997
2024-09-20 12:49:36.203000,428.183776211163,15
2024-09-20 12:49:36.225000,428.21672508437774,12
2024-09-20 12:49:36.235000,428.2348389779385,7
2024-09-20 12:49:36.275000,428.1749047618199,103
2024-09-20 12:49:36.303000,428.2661328412526,996
2024-09-20 12:49:36.367000,428.2501492465185,11
2024-09-20 12:49:36.402000,428.2389100871275,1003
2024-09-20 12:49:36.426000,428.1806779119634,1005
2024-09-20 12:49:36.539000,428.1895355466203,997
2024-09-20 12:49:36.593000,428.20041628705775,6
2024-09-20 12:49:36.642000,428.18530561631394,99
2024-09-20 12:49:36.650000,428.2497332466562,99
2024-09-20 12:49:36.661000,428.2336528689334,15
2024-09-20 12:49:36.679000,428.166464311384,1000
2024-09-20 12:49:36.725000,428.182773700164,105
2024-09-20 12:49:36.748000,428.18851562090487,105
2024-09-20 12:49:36.781000,428.2121315002589,7
2024-09-20 12:49:36.788000,428.1902255796436,999
2024-09-20 12:49:36.791000,428.23406417435854,1000
2024-09-20 12:49:36.802000,428.1709770215469,995
2024-09-20 12:49:36.826000,428.2587118704566,1005
2024-09-20 12:49:36.872000,428.1813014835397,1002
2024-09-20 12:49:36.879000,428.2766508809569,11
2024-09-20 12:49:36.986000,428.1820707676198,103
2024-09-20 12:49:37.003000,428.207261610078,10
2024-09-20 12:49:37.033000,428.229575169912,1005
2024-09-20 12:49:37.064000,428.2718386270691,996
2024-09-20 12:49:37.085000,428.2973349696399,15
2024-09-20 12:49:37.111000,428.2250303344104,998
2024-09-20 12:49:37.176000,428.2375880734354,102
2024-09-20 12:49:37.208000,428.25604575381465,100
2024-09-20 12:49:37.253000,428.2167627959859,6
2024-09-20 12:49:37.274000,428.21738673685337,999
2024-09-20 12:49:37.278000,428.2112359704575,1004
2024-09-20 12:49:37.284000,428.200432729404,99
2024-09-20 12:49:37.366000,428.2541910813519,998
2024-09-20 12:49:37.492000,428.2444586264085,97
2024-09-20 12:49:37.569000,428.2335742169659,1002
2024-09-20 12:49:37.582000,428.2924309403828,10
2024-09-20 12:49:37.595000,428.2312678104995,1005
2024-09-20 12:49:37.679000,428.24909739025617,14
2024-09-20 12:49:37.835000,428.21754569392,97
2024-09-20 12:49:37.853000,428.20011427531387,998
2024-09-20 12:49:37.959000,428.2937239786388,1001
2024-09-20 12:49:38.065000,428.25192752508303,6
2024-09-20 12:49:38.119000,428.245565377392,102
2024-09-20 12:49:38.635000,428.2716836147601,10
2024-09-20 12:49:38.636000,428.2596328610021,11
2024-09-20 12:49:38.712000,428.27848775062097,99
2024-09-20 12:49:38.946000,428.2888885051188,10
2024-09-20 12:49:38.987000,428.2510733854445,999
2024-09-20 12:49:38.999000,428.2585354460064,5
2024-09-20 12:49:39.152000,428.29341435756623,98
2024-09-20 12:49:39.388000,428.2637760607598,97
2024-09-20 12:49:39.444000,428.2865748968527,12
2024-09-20 12:49:39.468000,428.2916582290284,15
2024-09-20 12:49:39.580000,428.2479455252362,97
2024-09-20 12:49:39.669000,428.2706199193939,15
2024-09-20 12:49:39.721000,428.2811432751511,5
2024-09-20 12:49:39.723000,428.2891589652364,1000
2024-09-20 12:49:39.945000,428.2801768003317,14
2024-09-20 12:49:39.966000,428.2862053735867,10
2024-09-20 12:49:40.027000,428.31284794241526,105
2024-09-20 12:49:40.132000,428.2487014703056,101
2024-09-20 12:49:40.170000,428.2858652545268,998
2024-09-20 12:49:40.172000,428.278675783973,100
2024-09-20 12:49:40.184000,428.26263776715336,5
2024-09-20 12:49:40.211000,428.3091546318549,97
2024-09-20 12:49:40.218000,428.2775886951767,13
2024-09-20 12:49:40.255000,428.2891644148568,5
2024-09-20 12:49:40.306000,428.2762193176232,102
2024-09-20 12:49:40.311000,428.2692373589919,995
2024-09-20 12:49:40.353000,428.23729556833615,8
2024-09-20 12:49:40.356000,428.2765215395717,11
2024-09-20 12:49:40.356000,428.2595054524263,103
2024-09-20 12:49:40.405000,428.283101936449,102
2024-09-20 12:49:40.467000,428.2599243199337,1000
2024-09-20 12:49:40.494000,428.2861923886074,105
2024-09-20 12:49:40.537000,428.2566649118551,1004
2024-09-20 12:49:40.599000,428.2533815818495,7
2024-09-20 12:49:40.667000,428.26883192604544,14
2024-09-20 12:49:40.738000,428.24698425426345,996
2024-09-20 12:49:40.800000,428.2697248221904,999
2024-09-20 12:49:40.822000,428.2698128228018,5
2024-09-20 12:49:40.850000,428.2670319930217,11
2024-09-20 12:49:40.936000,428.2791381647565,997
2024-09-20 12:49:40.998000,428.2869287688125,6
2024-09-20 12:49:41.396000,428.2871043239504,105
2024-09-20 12:49:41.743000,428.2909295921455,10
2024-09-20 12:49:41.800000,428.2777729944538,1005
2024-09-20 12:49:42.110000,428.2668308295362,14
2024-09-20 12:49:42.112000,428.28840767157584,9
2024-09-20 12:49:42.201000,428.2798298327176,996
2024-09-20 12:49:42.360000,428.2886959507997,99
2024-09-20 12:49:42.603000,428.2931519873424,9
2024-09-20 12:49:42.665000,428.2794018581381,8
2024-09-20 12:49:42.770000,428.29607850976487,8
2024-09-20 12:49:42.785000,428.2920080152068,997
2024-09-20 12:49:42.877000,428.2837483951627,103
2024-09-20 12:49:42.967000,428.3131679726104,14
2024-09-20 12:49:42.984000,428.29006262466993,999
2024-09-20 12:49:43.101000,428.2480447087256,99
2024-09-20 12:49:43.101000,428.2364376941068,999
2024-09-20 12:49:43.108000,428.27768570281256,98
2024-09-20 12:49:43.152000,428.274664555186,7
2024-09-20 12:49:43.156000,428.2501162851082,99
2024-09-20 12:49:43.168000,428.2582289421956,13
2024-09-20 12:49:43.195000,428.2421079644216,5
2024-09-20 12:49:43.297000,428.2434577007934,101
2024-09-20 12:49:43.364000,428.25080458111216,99
2024-09-20 12:49:43.410000,428.2688732330808,98
2024-09-20 12:49:43.504000,428.25158604593,100
2024-09-20 12:49:43.555000,428.2625503204932,97
2024-09-20 12:49:43.583000,428.238754506559,10
2024-09-20 12:49:43.696000,428.2339984354004,11
2024-09-20 12:49:43.700000,428.2181057115516,996
2024-09-20 12:49:43.700000,428.2564034534528,12
2024-09-20 12:49:43.768000,428.2837843586321,1005
2024-09-20 12:49:43.778000,428.2822309624856,12
2024-09-20 12:49:43.782000,428.2835391626478,101
2024-09-20 12:49:43.787000,428.2729335120286,100
2024-09-20 12:49:43.806000,428.2630815662912,103
2024-09-20 12:49:43.838000,428.2461352966552,1003
2024-09-20 12:49:43.851000,428.24019463499855,105
2024-09-20 12:49:43.863000,428.2406049752781,995
2024-09-20 12:49:43.881000,428.2496584066036,105
2024-09-20 12:49:43.919000,428.25732547658833,6
2024-09-20 12:49:43.963000,428.25889944714567,1000
2024-09-20 12:49:44.100000,428.2144980624136,1000
2024-09-20 12:49:44.142000,428.22225043677895,13
2024-09-20 12:49:44.147000,428.2266034694666,8
2024-09-20 12:49:44.349000,428.2262716359346,998
2024-09-20 12:49:44.353000,428.2274726035966,1001
2024-09-20 12:49:44.369000,428.2415773711897,996
2024-09-20 12:49:44.390000,428.2112910332572,98
2024-09-20 12:49:44.442000,428.2050136442777,97
2024-09-20 12:49:44.468000,428.2092063706429,13
2024-09-20 12:49:44.502000,428.224475791844,95
2024-09-20 12:49:44.553000,428.23373709261017,14
2024-09-20 12:49:44.573000,428.203603315949,95
2024-09-20 12:49:44.583000,428.2581464297858,997
2024-09-20 12:49:44.654000,428.2297809285714,104
2024-09-20 12:49:44.704000,428.209834382258,998
2024-09-20 12:49:44.767000,428.2115097993826,9
2024-09-20 12:49:44.795000,428.2116588369239,1003
2024-09-20 12:49:45.812000,428.2410300384252,100
2024-09-20 12:49:45.904000,428.22536511284335,10
2024-09-20 12:49:46.009000,428.2521593134022,6
2024-09-20 12:49:46.071000,428.2759952114423,15
2024-09-20 12:49:46.156000,428.2809239402767,996
2024-09-20 12:49:46.231000,428.2751725962651,1005
2024-09-20 12:49:46.232000,428.2884194557121,14
2024-09-20 12:49:46.262000,428.2560404436717,1000
2024-09-20 12:49:46.278000,428.2919781209096,999
2024-09-20 12:49:46.281000,428.2703150076615,101
2024-09-20 12:49:46.305000,428.2542292552452,101
2024-09-20 12:49:46.387000,428.2523904829095,1000
2024-09-20 12:49:46.460000,428.2769756504172,1004
2024-09-20 12:49:46.464000,428.2674270339076,10
2024-09-20 12:49:46.546000,428.2587421720793,1001
2024-09-20 12:49:46.618000,428.29407185406296,101
2024-09-20 12:49:46.620000,428.27091540950266,97
2024-09-20 12:49:46.724000,428.2769561874067,5
2024-09-20 12:49:46.776000,428.2682462191483,8
2024-09-20 12:49:46.792000,428.2955222002891,997
2024-09-20 12:49:46.842000,428.2683187024332,103
2024-09-20 12:49:46.919000,428.2626656300564,1001
2024-09-20 12:49:46.948000,428.2707247699186,1001
2024-09-20 12:49:47.018000,428.2584173397351,5
2024-09-20 12:49:47.058000,428.25787383120667,998
2024-09-20 12:49:47.075000,428.22926675785374,8
2024-09-20 12:49:47.108000,428.2408599430271,1001
2024-09-20 12:49:47.112000,428.246925941425,8
2024-09-20 12:49:47.115000,428.2406256472236,98
2024-09-20 12:49:47.133000,428.2672323250037,7
2024-09-20 12:49:47.158000,428.2069159015644,6
2024-09-20 12:49:47.233000,428.2177233778674,998
2024-09-20 12:49:47.343000,428.2683447369287,10
2024-09-20 12:49:47.347000,428.2506426161141,995
2024-09-20 12:49:47.372000,428.24477920465785,100
2024-09-20 12:49:47.390000,428.24664183352286,996
2024-09-20 12:49:47.416000,428.2526634234519,1000
2024-09-20 12:49:47.455000,428.2589912277064,95
2024-09-20 12:49:47.461000,428.2555002134792,1003
2024-09-20 12:49:47.466000,428.23457912127714,6
2024-09-20 12:49:47.505000,428.2483227293039,12
2024-09-20 12:49:47.576000,428.213326028382,1004
2024-09-20 12:49:47.606000,428.27455781937806,9
2024-09-20 12:49:47.614000,428.2033326508315,998
2024-09-20 12:49:47.651000,428.2504135326824,14
2024-09-20 12:49:47.715000,428.2346048927435,96
2024-09-20 12:49:47.718000,428.2557963474558,95
2024-09-20 12:49:47.733000,428.2356980287984,1001
2024-09-20 12:49:47.752000,428.25801625103134,9
2024-09-20 12:49:47.790000,428.2203525443351,6
2024-09-20 12:49:47.864000,428.274384458772,101
2024-09-20 12:49:47.943000,428.2552311488313,5
2024-09-20 12:49:48.098000,428.2596539902973,12
2024-09-20 12:49:48.102000,428.2849743418325,99
2024-09-20 12:49:48.145000,428.30986394521625,95
2024-09-20 12:49:48.273000,428.32817290985,1002
2024-09-20 12:49:48.276000,428.3337483754886,12
2024-09-20 12:49:48.278000,428.26314965609487,14
2024-09-20 12:49:48.420000,428.23166252424215,104
2024-09-20 12:49:48.421000,428.3264683481424,98
2024-09-20 12:49:48.442000,428.2597309077162,10
2024-09-20 12:49:48.490000,428.2435405524239,100
2024-09-20 12:49:48.545000,428.2694783010992,100
2024-09-20 12:49:48.604000,428.3271603268949,5
2024-09-20 12:49:48.640000,428.3412215053399,10
2024-09-20 12:49:48.654000,428.33040654406113,8
2024-09-20 12:49:48.685000,428.3239821764352,6
2024-09-20 12:49:48.695000,428.33730656562,15
2024-09-20 12:49:48.722000,428.2631619887536,101
2024-09-20 12:49:48.747000,428.2696564371055,9
2024-09-20 12:49:48.799000,428.33495504379056,11
2024-09-20 12:49:48.799000,428.282445713443,1001
2024-09-20 12:49:48.828000,428.28162558129736,15
2024-09-20 12:49:48.942000,428.2936723109525,8
2024-09-20 12:49:48.965000,428.3096064276432,102
2024-09-20 12:49:48.969000,428.27396835012985,12
2024-09-20 12:49:48.985000,428.2760123448471,97
2024-09-20 12:49:48.997000,428.2648551353186,14
2024-09-20 12:49:50.035000,428.334782388185,95
2024-09-20 12:49:50.067000,428.3284826708256,5
2024-09-20 12:49:50.105000,428.3182958289108,10
2024-09-20 12:49:50.125000,428.3564232582743,10
2024-09-20 12:49:50.201000,428.34306960840615,96
2024-09-20 12:49:50.251000,428.3683094313039,14
2024-09-20 12:49:50.361000,428.3309254727105,6
2024-09-20 12:49:50.366000,428.3555542969788,1003
2024-09-20 12:49:50.465000,428.36053555626125,1004
2024-09-20 12:49:50.484000,428.3486979661817,100
2024-09-20 12:49:50.513000,428.35484839342513,95
2024-09-20 12:49:50.590000,428.3653116740614,5
2024-09-20 12:49:50.606000,428.3615551377659,997
2024-09-20 12:49:50.754000,428.3480606132578,6
2024-09-20 12:49:50.830000,428.3253803078488,102
2024-09-20 12:49:50.886000,428.36939133669233,14
2024-09-20 12:49:51.070000,428.4012256486672,997
2024-09-20 12:49:51.309000,428.410962117086,14
2024-09-20 12:49:51.314000,428.3983239389863,103
2024-09-20 12:49:51.328000,428.4736965723251,8
2024-09-20 12:49:51.435000,428.4440882475121,10
2024-09-20 12:49:51.444000,428.47404964320737,95
2024-09-20 12:49:51.513000,428.40290819929663,12
2024-09-20 12:49:51.594000,428.433162748358,13
2024-09-20 12:49:51.609000,428.4741365952689,12
2024-09-20 12:49:51.634000,428.3366417247486,8
2024-09-20 12:49:51.723000,428.3582639029789,996
2024-09-20 12:49:51.733000,428.3531894127961,997
2024-09-20 12:49:51.790000,428.4745204521568,1001
2024-09-20 12:49:51.853000,428.4359083606415,995
2024-09-20 12:49:51.895000,428.3887545854813,99
2024-09-20 12:49:51.902000,428.4750575242041,97
2024-09-20 12:49:52.015000,428.4654256829393,995
2024-09-20 12:49:52.027000,428.46299981154255,100
2024-09-20 12:49:52.145000,428.4428711578196,15
2024-09-20 12:49:52.550000,428.45881363855216,97
2024-09-20 12:49:52.791000,428.4504619819709,12
2024-09-20 12:49:52.829000,428.4677161034343,7
2024-09-20 12:49:53.209000,428.4526727791169,1003
2024-09-20 12:49:53.284000,428.4462963256405,995
2024-09-20 12:49:53.457000,428.4553469038507,15
2024-09-20 12:49:53.482000,428.4535563324764,102
2024-09-20 12:49:53.504000,428.438849698154,100
2024-09-20 12:49:53.511000,428.4633245478373,100
2024-09-20 12:49:53.586000,428.4709829800773,1003
2024-09-20 12:49:53.649000,428.4455404261336,9
2024-09-20 12:49:53.676000,428.45546338261846,102
2024-09-20 12:49:53.826000,428.4602620878897,99
2024-09-20 12:49:53.963000,428.4588311604076,105
2024-09-20 12:49:53.967000,428.4529957377581,1003
2024-09-20 12:49:53.996000,428.4629691620876,1002
2024-09-20 12:49:54.244000,428.4454177113623,101
2024-09-20 12:49:54.400000,428.4382873907341,995
2024-09-20 12:49:54.808000,428.4482251301727,9
2024-09-20 12:49:55.033000,428.4135009238676,998
2024-09-20 12:49:55.062000,428.4135456997348,8
2024-09-20 12:49:55.063000,428.371575620138,15
2024-09-20 12:49:55.086000,428.3937990475249,995
2024-09-20 12:49:55.139000,428.41574854754725,1001
2024-09-20 12:49:55.141000,428.3416266348244,14
2024-09-20 12:49:55.145000,428.3885500830496,103
2024-09-20 12:49:55.215000,428.3352292294386,105
2024-09-20 12:49:55.226000,428.3430143430908,102
2024-09-20 12:49:55.280000,428.4266149444952,6
2024-09-20 12:49:55.300000,428.34840264005953,1004
2024-09-20 12:49:55.301000,428.3954673763968,1004
2024-09-20 12:49:55.324000,428.3632947315957,99
2024-09-20 12:49:55.351000,428.4202856761336,6
2024-09-20 12:49:55.367000,428.42491515807575,7
2024-09-20 12:49:55.451000,428.3896027091312,14
2024-09-20 12:49:55.468000,428.4160793792513,997
2024-09-20 12:49:55.473000,428.3791105652661,13
2024-09-20 12:49:55.487000,428.3686408270344,10
2024-09-20 12:49:55.558000,428.3566376807251,1002
2024-09-20 12:49:55.579000,428.41378723091606,13
2024-09-20 12:49:55.608000,428.40478069084327,99
2024-09-20 12:49:55.632000,428.4077966363027,12
2024-09-20 12:49:55.713000,428.450393758949,14
2024-09-20 12:49:55.761000,428.35422801336057,995
2024-09-20 12:49:55.765000,428.3287134413065,97
2024-09-20 12:49:55.777000,428.419319390177,97
2024-09-20 12:49:55.897000,428.36010632315566,1004
2024-09-20 12:49:55.906000,428.3714158349328,1000
2024-09-20 12:49:56.003000,428.3830822825512,1004
2024-09-20 12:49:56.157000,428.3827245235396,997
2024-09-20 12:49:56.305000,428.3881507235056,14
2024-09-20 12:49:56.365000,428.38706941441694,13
2024-09-20 12:49:56.390000,428.3914381279813,1004
2024-09-20 12:49:56.459000,428.4061404053385,15
2024-09-20 12:49:56.550000,428.36986494855216,13
2024-09-20 12:49:56.620000,428.3846174110319,101
2024-09-20 12:49:56.732000,428.3720877452954,1005
2024-09-20 12:49:56.733000,428.368920975836,101
2024-09-20 12:49:56.867000,428.3811181271908,98
2024-09-20 12:49:56.967000,428.3678082989685,1004
2024-09-20 12:49:56.979000,428.393614568561,96
2024-09-20 12:49:57.160000,428.39164587565017,9
2024-09-20 12:49:57.243000,428.4201277212532,100
2024-09-20 12:49:57.305000,428.4174972135153,97
2024-09-20 12:49:57.526000,428.42059206540495,999
2024-09-20 12:49:57.570000,428.4003229328899,97
2024-09-20 12:49:57.613000,428.4296590878316,1004
2024-09-20 12:49:57.643000,428.4222823268297,9
2024-09-20 12:49:57.713000,428.3941597048212,7
2024-09-20 12:49:57.794000,428.3987741751745,5
2024-09-20 12:49:58.004000,428.4556962306562,6
2024-09-20 12:49:58.032000,428.4272764909424,10
2024-09-20 12:49:58.033000,428.49839098326953,996
2024-09-20 12:49:58.050000,428.5052059165994,15
2024-09-20 12:49:58.117000,428.4196971198708,1004
2024-09-20 12:49:58.131000,428.4685137311387,105
2024-09-20 12:49:58.273000,428.4068200647792,96
2024-09-20 12:49:58.309000,428.417802147373,15
2024-09-20 12:49:58.341000,428.45389214701487,1003
2024-09-20 12:49:58.367000,428.437500553486,1004
2024-09-20 12:49:58.412000,428.46320146894016,7
2024-09-20 12:49:58.418000,428.4757789608678,1003
2024-09-20 12:49:58.464000,428.4725148102388,1004
2024-09-20 12:49:58.650000,428.4777610072369,11
2024-09-20 12:49:58.652000,428.4604337615963,1005
2024-09-20 12:49:58.684000,428.47711496654057,100
2024-09-20 12:49:58.700000,428.49069022575713,7
2024-09-20 12:49:58.713000,428.4405239148584,1000
2024-09-20 12:49:58.717000,428.481019175464,103
2024-09-20 12:49:58.765000,428.4409789441463,101
2024-09-20 12:49:58.774000,428.48901402722,1004
2024-09-20 12:49:58.785000,428.4338661261465,11
2024-09-20 12:49:58.829000,428.4291580421632,1002
2024-09-20 12:49:58.856000,428.4551553688603,99
2024-09-20 12:49:58.883000,428.4276356768183,103
2024-09-20 12:49:58.956000,428.4951302318525,100
2024-09-20 12:49:58.961000,428.4478186433328,96
2024-09-20 12:49:59.059000,428.3947281936426,1002
2024-09-20 12:49:59.069000,428.36916375275695,995
2024-09-20 12:49:59.089000,428.4000692195742,1005
2024-09-20 12:49:59.102000,428.3242835985897,1000
2024-09-20 12:49:59.117000,428.34278553004026,104
2024-09-20 12:49:59.177000,428.3318726305273,104
2024-09-20 12:49:59.214000,428.3982448805156,105
2024-09-20 12:49:59.243000,428.33088038338406,999
2024-09-20 12:49:59.369000,428.3367808457378,995
2024-09-20 12:49:59.388000,428.3233562501719,95
2024-09-20 12:49:59.403000,428.3330443694215,8
2024-09-20 12:49:59.435000,428.4064898593194,1001
2024-09-20 12:49:59.489000,428.34331157145465,5
2024-09-20 12:49:59.585000,428.3481735025498,1005
2024-09-20 12:49:59.611000,428.3439605782787,6
2024-09-20 12:49:59.624000,428.3427413900039,7
2024-09-20 12:49:59.652000,428.3594424874733,996
2024-09-20 12:49:59.655000,428.3401965212858,1002
2024-09-20 12:49:59.675000,428.3789103601106,103
2024-09-20 12:49:59.730000,428.3854051732694,5
2024-09-20 12:49:59.880000,428.3870523769365,1003
2024-09-20 12:49:59.888000,428.3631897700205,997
2024-09-20 12:49:59.969000,428.371615393162,6
2024-09-20 12:49:59.994000,428.38010523778,101
