Timestamp,Price,Size
2024-09-18 12:59:00.096000,416.3059475421946,5
2024-09-18 12:59:00.104000,416.3141268061812,96
2024-09-18 12:59:00.173000,416.2926509929659,10
2024-09-18 12:59:00.229000,416.31486581568817,95
2024-09-18 12:59:00.270000,416.3302874922668,96
2024-09-18 12:59:00.347000,416.3120034809654,999
2024-09-18 12:59:00.411000,416.30250587056537,105
2024-09-18 12:59:00.506000,416.31686107023273,1005
2024-09-18 12:59:00.671000,416.33502690234224,8
2024-09-18 12:59:00.750000,416.30831229376366,995
2024-09-18 12:59:00.803000,416.3291537055612,8
2024-09-18 12:59:00.897000,416.3080365139099,9
2024-09-18 12:59:00.912000,416.31050647592735,96
2024-09-18 12:59:00.965000,416.292907811232,998
2024-09-18 12:59:01.241000,416.324934446828,997
2024-09-18 12:59:01.294000,416.3202752579371,102
2024-09-18 12:59:02.013000,416.28039504054846,98
2024-09-18 12:59:02.061000,416.2346631343641,103
2024-09-18 12:59:02.099000,416.2609372107349,101
2024-09-18 12:59:02.102000,416.22949521152407,103
2024-09-18 12:59:02.117000,416.2803324906844,98
2024-09-18 12:59:02.117000,416.29757847323737,11
2024-09-18 12:59:02.125000,416.27136751623465,102
2024-09-18 12:59:02.266000,416.251933760315,1005
2024-09-18 12:59:02.289000,416.2693639301661,11
2024-09-18 12:59:02.316000,416.24789291467056,998
2024-09-18 12:59:02.324000,416.2450888601233,101
2024-09-18 12:59:02.473000,416.24596634218784,1002
2024-09-18 12:59:02.501000,416.3089625648434,996
2024-09-18 12:59:02.560000,416.2900805519119,101
2024-09-18 12:59:02.567000,416.2722918088281,999
2024-09-18 12:59:02.583000,416.2224146492782,100
2024-09-18 12:59:02.608000,416.27298957497527,1002
2024-09-18 12:59:02.630000,416.2333063018248,997
2024-09-18 12:59:02.643000,416.270593775393,8
2024-09-18 12:59:02.734000,416.23165107560993,14
2024-09-18 12:59:02.811000,416.280049793345,7
2024-09-18 12:59:02.829000,416.2786206984152,97
2024-09-18 12:59:02.842000,416.29005809139016,997
2024-09-18 12:59:02.906000,416.249478089924,105
2024-09-18 12:59:02.976000,416.2526817216448,14
2024-09-18 12:59:03.507000,416.30285257482063,1002
2024-09-18 12:59:04.117000,416.349785866294,1001
2024-09-18 12:59:04.231000,416.3496648569961,10
2024-09-18 12:59:04.530000,416.335740604771,95
2024-09-18 12:59:04.790000,416.3219111339193,11
2024-09-18 12:59:04.806000,416.3387674207728,1000
2024-09-18 12:59:05.120000,416.3524994355651,10
2024-09-18 12:59:05.184000,416.31908139399366,9
2024-09-18 12:59:05.415000,416.3483952184844,998
2024-09-18 12:59:05.612000,416.3305379181037,104
2024-09-18 12:59:05.717000,416.326589491062,1001
2024-09-18 12:59:05.896000,416.3571919559949,1000
2024-09-18 12:59:05.906000,416.3285372767722,6
2024-09-18 12:59:06.006000,416.366676948804,103
2024-09-18 12:59:06.054000,416.36980349025833,5
2024-09-18 12:59:06.056000,416.371374657213,104
2024-09-18 12:59:06.111000,416.3710437335786,102
2024-09-18 12:59:06.132000,416.38968974782944,102
2024-09-18 12:59:06.240000,416.3547121142249,1005
2024-09-18 12:59:06.323000,416.3519470250733,15
2024-09-18 12:59:06.382000,416.3557316688389,9
2024-09-18 12:59:06.398000,416.3624994408965,10
2024-09-18 12:59:06.450000,416.3801229103323,8
2024-09-18 12:59:06.495000,416.3766012528421,96
2024-09-18 12:59:06.529000,416.3996104010556,97
2024-09-18 12:59:06.576000,416.3859756810498,996
2024-09-18 12:59:06.604000,416.3663700746964,99
2024-09-18 12:59:06.626000,416.3772461019376,995
2024-09-18 12:59:06.655000,416.37621573026473,8
2024-09-18 12:59:06.750000,416.37471513875073,100
2024-09-18 12:59:06.783000,416.3746362285557,100
2024-09-18 12:59:06.829000,416.39981416354885,98
2024-09-18 12:59:06.925000,416.3514133969594,999
2024-09-18 12:59:06.945000,416.3641834792533,998
2024-09-18 12:59:06.970000,416.3766174581352,105
2024-09-18 12:59:06.997000,416.3563698619606,8
2024-09-18 12:59:07.118000,416.36099229548057,1004
2024-09-18 12:59:07.384000,416.4036702330148,1001
2024-09-18 12:59:07.423000,416.4062113305276,97
2024-09-18 12:59:07.475000,416.3809735193194,1000
2024-09-18 12:59:07.775000,416.3754239043471,13
2024-09-18 12:59:07.912000,416.3890944889428,104
2024-09-18 12:59:08.006000,416.3595445468901,1001
2024-09-18 12:59:08.071000,416.3759058744577,95
2024-09-18 12:59:08.299000,416.37873292478025,1005
2024-09-18 12:59:08.695000,416.354346548471,997
2024-09-18 12:59:08.760000,416.3704672869893,996
2024-09-18 12:59:08.892000,416.361471755145,6
2024-09-18 12:59:09.038000,416.29352490421246,1000
2024-09-18 12:59:09.095000,416.3438013618433,100
2024-09-18 12:59:09.128000,416.2793323388863,100
2024-09-18 12:59:09.163000,416.3156650881453,6
2024-09-18 12:59:09.217000,416.3487715532361,104
2024-09-18 12:59:09.243000,416.3195521972954,996
2024-09-18 12:59:09.283000,416.35405309838296,9
2024-09-18 12:59:09.295000,416.29251210563535,9
2024-09-18 12:59:09.303000,416.3454186942216,5
2024-09-18 12:59:09.379000,416.3254251829287,999
2024-09-18 12:59:09.399000,416.2832554487903,102
2024-09-18 12:59:09.407000,416.30098092586536,1003
2024-09-18 12:59:09.423000,416.3123117066672,998
2024-09-18 12:59:09.461000,416.3216698404691,101
2024-09-18 12:59:09.566000,416.3023291157576,5
2024-09-18 12:59:09.610000,416.31986569922697,6
2024-09-18 12:59:09.620000,416.3338034717904,102
2024-09-18 12:59:09.648000,416.31452996754473,15
2024-09-18 12:59:09.766000,416.3564481011729,1002
2024-09-18 12:59:09.767000,416.3320325575885,102
2024-09-18 12:59:09.808000,416.3115834016292,12
2024-09-18 12:59:09.849000,416.3258895134959,1005
2024-09-18 12:59:10.161000,416.3612196623334,6
2024-09-18 12:59:10.190000,416.3067587952305,12
2024-09-18 12:59:10.214000,416.3736116403464,1002
2024-09-18 12:59:10.324000,416.3462566805202,95
2024-09-18 12:59:10.349000,416.3575640024517,101
2024-09-18 12:59:10.363000,416.3217469289637,13
2024-09-18 12:59:10.368000,416.35845860543975,96
2024-09-18 12:59:10.374000,416.3467821935496,12
2024-09-18 12:59:10.413000,416.3114100319738,997
2024-09-18 12:59:10.421000,416.3623477953576,14
2024-09-18 12:59:10.594000,416.3194022174991,5
2024-09-18 12:59:10.682000,416.3415682531829,100
2024-09-18 12:59:10.703000,416.334612851532,99
2024-09-18 12:59:10.747000,416.3105957153002,7
2024-09-18 12:59:10.762000,416.32891782387577,15
2024-09-18 12:59:10.785000,416.3276690296214,15
2024-09-18 12:59:10.802000,416.3620439532037,5
2024-09-18 12:59:10.951000,416.347541362866,5
2024-09-18 12:59:10.953000,416.3519146091864,997
2024-09-18 12:59:11.072000,416.3269394722772,8
2024-09-18 12:59:11.190000,416.3509881936274,97
2024-09-18 12:59:11.198000,416.3262943614529,1001
2024-09-18 12:59:11.201000,416.3228814927435,1000
2024-09-18 12:59:11.246000,416.3372338866844,1002
2024-09-18 12:59:11.270000,416.3169779535047,1002
2024-09-18 12:59:11.275000,416.336756010921,1000
2024-09-18 12:59:11.462000,416.3132205410424,10
2024-09-18 12:59:11.462000,416.319754379251,99
2024-09-18 12:59:11.582000,416.3393924144259,7
2024-09-18 12:59:11.620000,416.3421294319109,10
2024-09-18 12:59:11.664000,416.3168205270684,105
2024-09-18 12:59:11.710000,416.3487204276814,9
2024-09-18 12:59:11.889000,416.349168002468,5
2024-09-18 12:59:11.892000,416.34720023015416,104
2024-09-18 12:59:11.928000,416.3561623086909,996
2024-09-18 12:59:11.929000,416.3672732060555,1005
2024-09-18 12:59:11.981000,416.3684470279426,95
2024-09-18 12:59:12.007000,416.3369727524363,15
2024-09-18 12:59:12.078000,416.31929247384056,6
2024-09-18 12:59:12.124000,416.3190015519432,95
2024-09-18 12:59:12.157000,416.29698525233744,99
2024-09-18 12:59:12.170000,416.3314596366167,999
2024-09-18 12:59:12.224000,416.2922255352086,11
2024-09-18 12:59:12.237000,416.3164785205371,12
2024-09-18 12:59:12.327000,416.2983602548697,13
2024-09-18 12:59:12.379000,416.3158926991442,11
2024-09-18 12:59:12.400000,416.3276618464273,13
2024-09-18 12:59:12.580000,416.31070221963125,998
2024-09-18 12:59:12.589000,416.2925669774077,1005
2024-09-18 12:59:12.603000,416.3004278525932,12
2024-09-18 12:59:12.659000,416.3288685333484,100
2024-09-18 12:59:12.670000,416.3127827996044,101
2024-09-18 12:59:12.720000,416.35305009924514,14
2024-09-18 12:59:12.764000,416.2871837845147,13
2024-09-18 12:59:13.614000,416.3600626727173,105
2024-09-18 12:59:13.693000,416.366373367536,8
2024-09-18 12:59:14.232000,416.31112667372855,9
2024-09-18 12:59:14.441000,416.3678310400522,1001
2024-09-18 12:59:14.465000,416.3546970936687,101
2024-09-18 12:59:14.472000,416.3507586229163,996
2024-09-18 12:59:14.631000,416.3530302238596,102
2024-09-18 12:59:14.693000,416.2905607356586,995
2024-09-18 12:59:14.820000,416.367919214389,998
2024-09-18 12:59:14.945000,416.35479476092206,100
2024-09-18 12:59:14.987000,416.2831720671651,10
2024-09-18 12:59:14.998000,416.3409512425489,100
2024-09-18 12:59:15.321000,416.24032579900296,1000
2024-09-18 12:59:15.375000,416.2318009009856,10
2024-09-18 12:59:15.479000,416.2570091594828,998
2024-09-18 12:59:15.516000,416.2857835630673,10
2024-09-18 12:59:15.682000,416.2614872587286,103
2024-09-18 12:59:15.757000,416.2758474452606,6
2024-09-18 12:59:15.763000,416.2780355064308,998
2024-09-18 12:59:15.808000,416.232894727995,11
2024-09-18 12:59:15.837000,416.23553871968033,5
2024-09-18 12:59:15.952000,416.24258260271705,102
2024-09-18 12:59:16.220000,416.29481334667713,15
2024-09-18 12:59:16.436000,416.3001905912675,103
2024-09-18 12:59:17.040000,416.2991671881326,10
2024-09-18 12:59:17.046000,416.31285719711184,98
2024-09-18 12:59:17.108000,416.3487057128789,11
2024-09-18 12:59:17.138000,416.3166515784515,6
2024-09-18 12:59:17.238000,416.30956203711423,95
2024-09-18 12:59:17.245000,416.2685553667823,997
2024-09-18 12:59:17.264000,416.2662858915256,15
2024-09-18 12:59:17.284000,416.2771516769173,12
2024-09-18 12:59:17.399000,416.3047091876454,5
2024-09-18 12:59:17.438000,416.2562302258817,105
2024-09-18 12:59:17.479000,416.2703160819276,996
2024-09-18 12:59:17.549000,416.31655264861286,5
2024-09-18 12:59:17.578000,416.294844316672,995
2024-09-18 12:59:17.582000,416.3224666838466,98
2024-09-18 12:59:17.597000,416.2925760516413,997
2024-09-18 12:59:17.653000,416.3106399421006,99
2024-09-18 12:59:17.670000,416.3302185148761,999
2024-09-18 12:59:17.721000,416.31519314795327,5
2024-09-18 12:59:17.734000,416.3700821166086,100
2024-09-18 12:59:17.780000,416.3045985004151,1004
2024-09-18 12:59:17.802000,416.334129449894,12
2024-09-18 12:59:17.818000,416.3058226014094,98
2024-09-18 12:59:17.819000,416.3187651784027,998
2024-09-18 12:59:17.835000,416.3075903312294,997
2024-09-18 12:59:17.940000,416.3066025541853,101
2024-09-18 12:59:17.982000,416.327020209101,9
2024-09-18 12:59:17.999000,416.31580094828576,12
2024-09-18 12:59:18.003000,416.34006599238063,8
2024-09-18 12:59:18.044000,416.3294879374032,7
2024-09-18 12:59:18.052000,416.35273016488327,995
2024-09-18 12:59:18.085000,416.3712873408401,7
2024-09-18 12:59:18.106000,416.3059422552277,7
2024-09-18 12:59:18.369000,416.3427177333519,11
2024-09-18 12:59:18.370000,416.31569241718665,1005
2024-09-18 12:59:18.426000,416.3384766659944,7
2024-09-18 12:59:18.483000,416.3787289522697,14
2024-09-18 12:59:18.494000,416.3193148966076,98
2024-09-18 12:59:18.496000,416.3102767138236,998
2024-09-18 12:59:18.523000,416.371723016879,95
2024-09-18 12:59:18.588000,416.3064335202239,1005
2024-09-18 12:59:18.658000,416.3258370186167,14
2024-09-18 12:59:18.795000,416.3290418169612,996
2024-09-18 12:59:18.808000,416.2927899201249,9
2024-09-18 12:59:18.838000,416.3256540654813,1005
2024-09-18 12:59:18.854000,416.3589638571376,10
2024-09-18 12:59:18.902000,416.3181980961647,95
2024-09-18 12:59:18.908000,416.33475159647145,99
2024-09-18 12:59:18.935000,416.3913648720511,8
2024-09-18 12:59:20.002000,416.3888607483997,1000
2024-09-18 12:59:20.025000,416.380588251626,103
2024-09-18 12:59:20.032000,416.3609473816396,14
2024-09-18 12:59:20.128000,416.36290667545927,1003
2024-09-18 12:59:20.167000,416.3733173185411,1002
2024-09-18 12:59:20.180000,416.3807158507368,99
2024-09-18 12:59:20.194000,416.4092108834519,95
2024-09-18 12:59:20.225000,416.3827708759635,13
2024-09-18 12:59:20.281000,416.3610268777212,96
2024-09-18 12:59:20.289000,416.412694385534,98
2024-09-18 12:59:20.295000,416.3719197011562,1001
2024-09-18 12:59:20.327000,416.3994457590048,10
2024-09-18 12:59:20.350000,416.3462814477893,10
2024-09-18 12:59:20.386000,416.3486356918843,999
2024-09-18 12:59:20.401000,416.3887262663802,95
2024-09-18 12:59:20.426000,416.3498265835186,105
2024-09-18 12:59:20.431000,416.3791500924957,95
2024-09-18 12:59:20.437000,416.4319337297856,101
2024-09-18 12:59:20.488000,416.3496897996325,7
2024-09-18 12:59:20.570000,416.3610497253998,100
2024-09-18 12:59:20.613000,416.3768281419662,1003
2024-09-18 12:59:20.746000,416.3785654172816,14
2024-09-18 12:59:20.752000,416.3910854270399,12
2024-09-18 12:59:20.761000,416.3505675721672,996
2024-09-18 12:59:20.786000,416.3862052926702,15
2024-09-18 12:59:20.835000,416.356650405736,1000
2024-09-18 12:59:20.865000,416.33149705040273,8
2024-09-18 12:59:20.868000,416.3817663797927,997
2024-09-18 12:59:20.892000,416.3840248776428,1001
2024-09-18 12:59:20.920000,416.35690802420766,13
2024-09-18 12:59:21.040000,416.39760284188014,103
2024-09-18 12:59:21.050000,416.4334912391975,7
2024-09-18 12:59:21.144000,416.4165924540833,10
2024-09-18 12:59:21.193000,416.3937962201146,5
2024-09-18 12:59:21.203000,416.3900033271453,97
2024-09-18 12:59:21.257000,416.3863702679934,101
2024-09-18 12:59:21.323000,416.3968172105445,1003
2024-09-18 12:59:21.366000,416.3890826976761,1005
2024-09-18 12:59:21.513000,416.4356528596844,5
2024-09-18 12:59:21.515000,416.4172907115735,7
2024-09-18 12:59:21.522000,416.4061999100103,105
2024-09-18 12:59:21.580000,416.3880737227096,8
2024-09-18 12:59:21.637000,416.4388945045537,1001
2024-09-18 12:59:21.667000,416.39766005740046,1001
2024-09-18 12:59:21.696000,416.4572712040599,96
2024-09-18 12:59:21.698000,416.4399825610523,11
2024-09-18 12:59:21.708000,416.4205131876081,999
2024-09-18 12:59:21.796000,416.4315929018344,1002
2024-09-18 12:59:21.833000,416.4301312767812,8
2024-09-18 12:59:21.834000,416.3927286283626,100
2024-09-18 12:59:21.922000,416.427692832267,13
2024-09-18 12:59:21.976000,416.4116908081808,103
2024-09-18 12:59:22.018000,416.2938876117557,101
2024-09-18 12:59:22.050000,416.2879663663082,103
2024-09-18 12:59:22.066000,416.3356543637428,1003
2024-09-18 12:59:22.067000,416.3359431777298,104
2024-09-18 12:59:22.067000,416.3127847843999,6
2024-09-18 12:59:22.167000,416.2953154474063,1004
2024-09-18 12:59:22.208000,416.3350463351196,99
2024-09-18 12:59:22.216000,416.3215638164687,8
2024-09-18 12:59:22.355000,416.2884155998728,95
2024-09-18 12:59:22.359000,416.3375989887826,1004
2024-09-18 12:59:22.386000,416.3309542581442,101
2024-09-18 12:59:22.387000,416.3697778348414,12
2024-09-18 12:59:22.420000,416.3455866164728,10
2024-09-18 12:59:22.514000,416.3239296759581,13
2024-09-18 12:59:22.533000,416.3745843216412,998
2024-09-18 12:59:22.616000,416.3138299030575,1003
2024-09-18 12:59:22.653000,416.3050646353193,11
2024-09-18 12:59:22.756000,416.3479129008935,996
2024-09-18 12:59:22.961000,416.3391637127508,103
2024-09-18 12:59:23.007000,416.2571488483171,1004
2024-09-18 12:59:23.065000,416.26374911119126,104
2024-09-18 12:59:23.083000,416.2798253443044,6
2024-09-18 12:59:23.150000,416.2920312331826,1000
2024-09-18 12:59:23.188000,416.2621115528622,9
2024-09-18 12:59:23.219000,416.2766740105205,11
2024-09-18 12:59:23.245000,416.2761196775779,96
2024-09-18 12:59:23.311000,416.2783394802,5
2024-09-18 12:59:23.322000,416.2595193483067,105
2024-09-18 12:59:23.347000,416.2713661254512,98
2024-09-18 12:59:23.355000,416.2809091623067,100
2024-09-18 12:59:23.360000,416.2663441228586,95
2024-09-18 12:59:23.387000,416.27348910819336,1004
2024-09-18 12:59:23.422000,416.2801236759208,6
2024-09-18 12:59:23.488000,416.2782268701,100
2024-09-18 12:59:23.579000,416.2796498356483,10
2024-09-18 12:59:23.674000,416.2706794042883,103
2024-09-18 12:59:23.690000,416.2619708713904,5
2024-09-18 12:59:23.753000,416.29343205189866,14
2024-09-18 12:59:23.791000,416.2732699268674,12
2024-09-18 12:59:23.804000,416.25130550784456,1001
2024-09-18 12:59:23.819000,416.2692553990336,103
2024-09-18 12:59:23.843000,416.26593886435984,996
2024-09-18 12:59:23.964000,416.26553309380085,12
2024-09-18 12:59:23.990000,416.28616548339386,14
2024-09-18 12:59:23.992000,416.2680563745036,11
2024-09-18 12:59:24.001000,416.275947037778,95
2024-09-18 12:59:24.086000,416.22754767590334,995
2024-09-18 12:59:24.203000,416.25495127291214,998
2024-09-18 12:59:24.245000,416.2600971259248,98
2024-09-18 12:59:24.285000,416.2710772363761,1005
2024-09-18 12:59:24.403000,416.2673262497964,996
2024-09-18 12:59:24.618000,416.26440009368537,1004
2024-09-18 12:59:24.969000,416.2697441169739,103
2024-09-18 12:59:24.984000,416.241171401607,8
2024-09-18 12:59:25.001000,416.22546464848807,1002
2024-09-18 12:59:25.004000,416.26801122139017,96
2024-09-18 12:59:25.007000,416.1886637865397,15
2024-09-18 12:59:25.031000,416.2259923349375,1001
2024-09-18 12:59:25.062000,416.2303695919257,15
2024-09-18 12:59:25.137000,416.2597788462816,98
2024-09-18 12:59:25.155000,416.2527941482603,101
2024-09-18 12:59:25.190000,416.2347198565344,1004
2024-09-18 12:59:25.253000,416.263667844199,103
2024-09-18 12:59:25.272000,416.2779757452602,6
2024-09-18 12:59:25.292000,416.2633390190303,95
2024-09-18 12:59:25.307000,416.26909050730166,101
2024-09-18 12:59:25.321000,416.2393175118358,95
2024-09-18 12:59:25.334000,416.2516396722866,15
2024-09-18 12:59:25.349000,416.24743294649386,9
2024-09-18 12:59:25.355000,416.2457653740539,996
2024-09-18 12:59:25.406000,416.24027636772695,998
2024-09-18 12:59:25.413000,416.2751454892485,105
2024-09-18 12:59:25.457000,416.256160266387,1003
2024-09-18 12:59:25.591000,416.2405532104383,999
2024-09-18 12:59:25.629000,416.2687633790349,100
2024-09-18 12:59:25.661000,416.27839591098126,5
2024-09-18 12:59:25.690000,416.2756057890829,11
2024-09-18 12:59:25.700000,416.2409347612724,8
2024-09-18 12:59:25.831000,416.23795982513934,95
2024-09-18 12:59:25.859000,416.2539007054412,97
2024-09-18 12:59:25.892000,416.27011670073273,1002
2024-09-18 12:59:25.995000,416.2475932911326,15
2024-09-18 12:59:26.605000,416.1836966099534,6
2024-09-18 12:59:27.011000,416.2376155841604,9
2024-09-18 12:59:27.019000,416.1878247658259,100
2024-09-18 12:59:27.091000,416.2342418879197,13
2024-09-18 12:59:27.189000,416.22871042219606,99
2024-09-18 12:59:27.201000,416.2049484112815,1000
2024-09-18 12:59:27.323000,416.1807464540255,10
2024-09-18 12:59:27.352000,416.2060489916568,1004
2024-09-18 12:59:27.394000,416.187928439442,7
2024-09-18 12:59:27.431000,416.20288546195417,103
2024-09-18 12:59:27.438000,416.19535775805423,15
2024-09-18 12:59:27.471000,416.2218137911231,1004
2024-09-18 12:59:27.513000,416.2080956644577,97
2024-09-18 12:59:27.554000,416.196263663118,996
2024-09-18 12:59:27.572000,416.1817458007786,15
2024-09-18 12:59:27.574000,416.2125063231516,99
2024-09-18 12:59:27.585000,416.2181003845986,15
2024-09-18 12:59:27.663000,416.1981597748508,100
2024-09-18 12:59:27.718000,416.234940815072,99
2024-09-18 12:59:27.766000,416.2150879379645,10
2024-09-18 12:59:27.818000,416.2063733278427,999
2024-09-18 12:59:27.824000,416.1958774107464,5
2024-09-18 12:59:27.846000,416.1997910519324,12
2024-09-18 12:59:27.846000,416.2034344266824,997
2024-09-18 12:59:27.860000,416.2004131276504,97
2024-09-18 12:59:27.999000,416.22082378805953,1001
2024-09-18 12:59:28.120000,416.15608450817655,13
2024-09-18 12:59:28.159000,416.1655908454089,1000
2024-09-18 12:59:28.326000,416.1506125309144,995
2024-09-18 12:59:28.337000,416.16382038349707,5
2024-09-18 12:59:28.342000,416.1897317046468,1004
2024-09-18 12:59:28.438000,416.16878198361206,996
2024-09-18 12:59:28.440000,416.1890734202469,95
2024-09-18 12:59:28.557000,416.1787606425801,104
2024-09-18 12:59:28.646000,416.1415080654479,13
2024-09-18 12:59:28.674000,416.1559300370607,1003
2024-09-18 12:59:28.680000,416.1767138192925,998
2024-09-18 12:59:28.700000,416.16543151836953,1005
2024-09-18 12:59:28.768000,416.19011304921713,11
2024-09-18 12:59:28.821000,416.1779080081735,999
2024-09-18 12:59:28.930000,416.1772043849035,105
2024-09-18 12:59:28.957000,416.1647464546614,98
2024-09-18 12:59:29.279000,416.1901800249431,11
2024-09-18 12:59:29.371000,416.1696330935648,9
2024-09-18 12:59:29.390000,416.17939957174,98
2024-09-18 12:59:29.469000,416.1812833616256,7
2024-09-18 12:59:29.685000,416.1751320085297,996
2024-09-18 12:59:29.774000,416.2015479235186,997
2024-09-18 12:59:29.791000,416.1720401027077,104
2024-09-18 12:59:29.918000,416.188968117531,99
2024-09-18 12:59:30.004000,416.139664932235,96
2024-09-18 12:59:30.105000,416.1419001757976,101
2024-09-18 12:59:30.218000,416.1448689960448,996
2024-09-18 12:59:30.320000,416.1461481366786,998
2024-09-18 12:59:30.322000,416.2172583184026,1002
2024-09-18 12:59:30.346000,416.1445934215478,1002
2024-09-18 12:59:30.476000,416.13275306822334,999
2024-09-18 12:59:30.487000,416.1384291750807,12
2024-09-18 12:59:30.494000,416.15676686896063,10
2024-09-18 12:59:30.604000,416.1838189871237,13
2024-09-18 12:59:30.625000,416.1485799567345,103
2024-09-18 12:59:30.681000,416.1646098997475,97
2024-09-18 12:59:30.684000,416.172625074281,104
2024-09-18 12:59:30.692000,416.1776742204488,99
2024-09-18 12:59:30.699000,416.22247088154575,99
2024-09-18 12:59:30.781000,416.1922761907125,9
2024-09-18 12:59:30.986000,416.1372818596668,104
2024-09-18 12:59:31.042000,416.2148975847306,997
2024-09-18 12:59:31.084000,416.20893598231066,997
2024-09-18 12:59:31.268000,416.2219068216604,100
2024-09-18 12:59:31.300000,416.2030548584689,1004
2024-09-18 12:59:31.309000,416.1483202754855,10
2024-09-18 12:59:31.325000,416.1675676679919,1001
2024-09-18 12:59:31.350000,416.1611334062751,95
2024-09-18 12:59:31.358000,416.22743338906895,995
2024-09-18 12:59:31.386000,416.21331850249817,11
2024-09-18 12:59:31.588000,416.1844607384572,10
2024-09-18 12:59:31.636000,416.2197798130095,1000
2024-09-18 12:59:31.694000,416.1471441121538,1001
2024-09-18 12:59:31.756000,416.1550242221615,9
2024-09-18 12:59:31.830000,416.2076765011476,1005
2024-09-18 12:59:31.840000,416.1667590611912,105
2024-09-18 12:59:31.879000,416.2203052673919,13
2024-09-18 12:59:31.965000,416.1409518086337,5
2024-09-18 12:59:32.090000,416.215188561252,5
2024-09-18 12:59:32.190000,416.2048251266585,10
2024-09-18 12:59:32.203000,416.219126826695,97
2024-09-18 12:59:32.467000,416.21365860020575,98
2024-09-18 12:59:32.529000,416.2159150743455,96
2024-09-18 12:59:32.563000,416.21089683651593,14
2024-09-18 12:59:32.714000,416.2087416816705,98
2024-09-18 12:59:32.720000,416.2062907547277,999
2024-09-18 12:59:33.008000,416.1380103575104,12
2024-09-18 12:59:33.042000,416.1478290976357,997
2024-09-18 12:59:33.052000,416.135341594192,14
2024-09-18 12:59:33.179000,416.1665388502986,100
2024-09-18 12:59:33.226000,416.2022030202317,13
2024-09-18 12:59:33.226000,416.1393417782922,9
2024-09-18 12:59:33.249000,416.19293545097486,15
2024-09-18 12:59:33.264000,416.147156637451,999
2024-09-18 12:59:33.311000,416.1663084547186,7
2024-09-18 12:59:33.320000,416.1466028598891,98
2024-09-18 12:59:33.479000,416.1749134458725,5
2024-09-18 12:59:33.551000,416.1600982941917,1000
2024-09-18 12:59:33.575000,416.1564191026431,996
2024-09-18 12:59:33.592000,416.1359576348378,10
2024-09-18 12:59:33.612000,416.1271899709551,100
2024-09-18 12:59:33.766000,416.2259752436558,103
2024-09-18 12:59:33.792000,416.1489531921116,96
2024-09-18 12:59:33.829000,416.1377479582217,99
2024-09-18 12:59:33.859000,416.1939311190719,9
2024-09-18 12:59:33.896000,416.1358707485141,9
2024-09-18 12:59:33.983000,416.17492559805225,96
2024-09-18 12:59:34.055000,416.2045712595036,1003
2024-09-18 12:59:34.068000,416.2167791309953,102
2024-09-18 12:59:34.163000,416.2190955844724,95
2024-09-18 12:59:34.172000,416.2254641899693,13
2024-09-18 12:59:34.320000,416.1880934619925,999
2024-09-18 12:59:34.410000,416.1923557569635,8
2024-09-18 12:59:34.412000,416.1946733155268,97
2024-09-18 12:59:34.450000,416.17876778670416,104
2024-09-18 12:59:34.476000,416.17662953898895,1001
2024-09-18 12:59:34.531000,416.1770006334523,7
2024-09-18 12:59:34.545000,416.1980169932365,1004
2024-09-18 12:59:34.560000,416.1922439692685,6
2024-09-18 12:59:34.566000,416.1747406363035,100
2024-09-18 12:59:34.582000,416.2243770850274,1005
2024-09-18 12:59:34.680000,416.19222211816793,1000
2024-09-18 12:59:34.698000,416.2062111772393,1002
2024-09-18 12:59:34.704000,416.2034383399597,95
2024-09-18 12:59:34.707000,416.212657358385,995
2024-09-18 12:59:34.736000,416.1996817068236,12
2024-09-18 12:59:34.750000,416.1683672360009,7
2024-09-18 12:59:34.855000,416.1902918490471,1005
2024-09-18 12:59:34.915000,416.1879628387189,13
2024-09-18 12:59:34.921000,416.2279065260694,15
2024-09-18 12:59:34.937000,416.23028448037707,102
2024-09-18 12:59:34.942000,416.1828971788516,1002
2024-09-18 12:59:34.984000,416.2283580328501,997
2024-09-18 12:59:35.257000,416.1587614032773,13
2024-09-18 12:59:35.327000,416.1440351193979,996
2024-09-18 12:59:35.356000,416.14143757521305,5
2024-09-18 12:59:35.705000,416.1705474919061,7
2024-09-18 12:59:35.765000,416.14371943457184,1001
2024-09-18 12:59:35.833000,416.1468117833949,997
2024-09-18 12:59:35.844000,416.14794993996026,9
2024-09-18 12:59:35.851000,416.1500753239551,997
2024-09-18 12:59:35.875000,416.1378235160258,95
2024-09-18 12:59:35.894000,416.15373585330576,1004
2024-09-18 12:59:36.049000,416.1451834662,97
2024-09-18 12:59:36.090000,416.211536522151,95
2024-09-18 12:59:36.173000,416.17939136974985,103
2024-09-18 12:59:36.201000,416.1827024799627,7
2024-09-18 12:59:36.353000,416.1549344475465,998
2024-09-18 12:59:36.399000,416.14338058008855,12
2024-09-18 12:59:36.411000,416.149924489456,103
2024-09-18 12:59:36.460000,416.1502339457564,102
2024-09-18 12:59:36.483000,416.1462300564962,1004
2024-09-18 12:59:36.545000,416.1407884531118,96
2024-09-18 12:59:36.798000,416.1711266395104,5
2024-09-18 12:59:36.801000,416.2336205098144,9
2024-09-18 12:59:36.848000,416.1381826501737,102
2024-09-18 12:59:36.930000,416.1824334362634,1004
2024-09-18 12:59:36.983000,416.1977017225655,995
2024-09-18 12:59:37.193000,416.2040137599839,13
2024-09-18 12:59:37.232000,416.1918672045555,103
2024-09-18 12:59:37.235000,416.2113674757077,95
2024-09-18 12:59:37.324000,416.24584621757145,995
2024-09-18 12:59:37.343000,416.1927818819464,6
2024-09-18 12:59:37.385000,416.2414010308685,997
2024-09-18 12:59:37.398000,416.2447033123279,101
2024-09-18 12:59:37.461000,416.21779317918856,11
2024-09-18 12:59:37.468000,416.1950089892561,1000
2024-09-18 12:59:37.476000,416.2074554811403,12
2024-09-18 12:59:37.554000,416.1970702009908,15
2024-09-18 12:59:37.555000,416.2168725215758,13
2024-09-18 12:59:37.701000,416.2021630896555,105
2024-09-18 12:59:38.015000,416.1415187043808,102
2024-09-18 12:59:38.067000,416.1547230410093,995
2024-09-18 12:59:38.095000,416.0998982816069,5
2024-09-18 12:59:38.123000,416.1058721009373,100
2024-09-18 12:59:38.146000,416.1217540851004,97
2024-09-18 12:59:38.281000,416.16666107587065,103
2024-09-18 12:59:38.324000,416.1349280351192,6
2024-09-18 12:59:38.511000,416.190968146515,15
2024-09-18 12:59:38.546000,416.17425861975937,15
2024-09-18 12:59:38.707000,416.1277634702003,13
2024-09-18 12:59:38.724000,416.200813391705,96
2024-09-18 12:59:38.782000,416.0912721985306,995
2024-09-18 12:59:38.786000,416.1453687142709,95
2024-09-18 12:59:38.949000,416.1319381210568,999
2024-09-18 12:59:38.979000,416.1721228985849,15
2024-09-18 12:59:38.981000,416.1645168425077,12
2024-09-18 12:59:39.024000,416.0782274927348,8
2024-09-18 12:59:39.031000,416.058212783636,995
2024-09-18 12:59:39.142000,416.0881664388135,96
2024-09-18 12:59:39.202000,416.0175359901833,1004
2024-09-18 12:59:39.381000,416.06705413866246,15
2024-09-18 12:59:39.525000,416.0818190670767,95
2024-09-18 12:59:39.533000,416.0323699167137,6
2024-09-18 12:59:39.542000,416.0186453470858,8
2024-09-18 12:59:39.668000,416.0900753841867,999
2024-09-18 12:59:39.695000,416.07540124023774,1003
2024-09-18 12:59:39.721000,416.0725493525615,1005
2024-09-18 12:59:39.726000,416.0537843532268,1001
2024-09-18 12:59:39.822000,416.0784312654266,101
2024-09-18 12:59:39.966000,416.0855578482456,97
2024-09-18 12:59:39.990000,416.0915335180104,1000
2024-09-18 12:59:39.993000,416.08886654857696,100
2024-09-18 12:59:40.067000,415.9910100092058,104
2024-09-18 12:59:40.256000,415.99360617401385,97
2024-09-18 12:59:40.419000,415.9858811559248,14
2024-09-18 12:59:40.420000,415.98564414880417,102
2024-09-18 12:59:40.472000,415.9920922716587,105
2024-09-18 12:59:40.579000,415.97799461481287,1003
2024-09-18 12:59:40.612000,415.9958563017552,1000
2024-09-18 12:59:40.715000,415.9898829682487,998
2024-09-18 12:59:40.800000,415.9899974537588,1004
2024-09-18 12:59:40.925000,416.0054162006801,101
2024-09-18 12:59:41.092000,415.95697555666953,996
2024-09-18 12:59:41.134000,416.00747054405895,11
2024-09-18 12:59:41.220000,415.9965560978373,5
2024-09-18 12:59:41.332000,416.0007846703657,102
2024-09-18 12:59:41.365000,415.9638021998063,11
2024-09-18 12:59:41.481000,415.9996029528088,1000
2024-09-18 12:59:41.548000,415.9897470487131,8
2024-09-18 12:59:41.554000,415.9968224502533,996
2024-09-18 12:59:41.575000,415.9848374350704,102
2024-09-18 12:59:41.636000,415.9842122418997,1004
2024-09-18 12:59:41.643000,415.9720787461891,98
2024-09-18 12:59:41.648000,415.98310514045806,7
2024-09-18 12:59:41.712000,416.0068854417924,104
2024-09-18 12:59:41.831000,415.9793438729746,96
2024-09-18 12:59:41.849000,415.9913180593553,104
2024-09-18 12:59:41.900000,415.9778811537365,1000
2024-09-18 12:59:41.967000,415.9832943104825,1005
2024-09-18 12:59:42.013000,415.989855743053,95
2024-09-18 12:59:42.083000,416.000461731981,96
2024-09-18 12:59:42.100000,415.91311922359023,13
2024-09-18 12:59:42.113000,415.9851041714553,997
2024-09-18 12:59:42.198000,415.987442089358,99
2024-09-18 12:59:42.215000,415.95101740074415,95
2024-09-18 12:59:42.223000,415.96033880487545,1002
2024-09-18 12:59:42.251000,415.9387031001759,99
2024-09-18 12:59:42.331000,415.95940609505055,98
2024-09-18 12:59:42.345000,415.90188828176656,998
2024-09-18 12:59:42.354000,415.9614926700741,102
2024-09-18 12:59:42.355000,415.92098035240224,95
2024-09-18 12:59:42.369000,415.8928624054325,101
2024-09-18 12:59:42.386000,415.9182676334455,5
2024-09-18 12:59:42.415000,415.9494728019854,100
2024-09-18 12:59:42.434000,415.9059437661761,997
2024-09-18 12:59:42.449000,415.9842944514651,997
2024-09-18 12:59:42.570000,415.9257753471405,7
2024-09-18 12:59:42.572000,415.9439390394824,1002
2024-09-18 12:59:42.668000,415.9610535990081,7
2024-09-18 12:59:42.751000,415.9520449896039,12
2024-09-18 12:59:42.755000,415.9164992491616,101
2024-09-18 12:59:42.771000,415.9496385259828,104
2024-09-18 12:59:42.800000,415.97287093763657,101
2024-09-18 12:59:42.814000,415.9508399306955,997
2024-09-18 12:59:42.855000,415.9066546042781,5
2024-09-18 12:59:42.868000,415.95211532955926,11
2024-09-18 12:59:42.962000,415.90410633106166,12
2024-09-18 12:59:42.966000,415.90574735959103,995
2024-09-18 12:59:43.060000,415.8751709741273,1005
2024-09-18 12:59:43.580000,415.8155859442841,101
2024-09-18 12:59:43.654000,415.8533285664626,104
2024-09-18 12:59:43.772000,415.8589314906516,996
2024-09-18 12:59:43.788000,415.82517004638487,14
2024-09-18 12:59:43.797000,415.8860767009468,12
2024-09-18 12:59:43.983000,415.8769999851948,1000
2024-09-18 12:59:44.004000,415.7782851198142,105
2024-09-18 12:59:44.008000,415.8093659642036,1000
2024-09-18 12:59:44.029000,415.78662422871815,97
2024-09-18 12:59:44.070000,415.8194615126431,95
2024-09-18 12:59:44.092000,415.77678510497617,96
2024-09-18 12:59:44.093000,415.8243514394706,8
2024-09-18 12:59:44.114000,415.7598862017182,10
2024-09-18 12:59:44.132000,415.788446587288,997
2024-09-18 12:59:44.171000,415.7886604274454,1003
2024-09-18 12:59:44.194000,415.7929651446888,9
2024-09-18 12:59:44.234000,415.8134261479912,10
2024-09-18 12:59:44.242000,415.8098643724953,998
2024-09-18 12:59:44.265000,415.7748149521148,100
2024-09-18 12:59:44.372000,415.7966310914585,997
2024-09-18 12:59:44.444000,415.781656002257,99
2024-09-18 12:59:44.487000,415.76560948778746,6
2024-09-18 12:59:44.502000,415.7936493553029,996
2024-09-18 12:59:44.513000,415.7953969317037,1005
2024-09-18 12:59:44.525000,415.7654579571249,1000
2024-09-18 12:59:44.564000,415.8148588699972,96
2024-09-18 12:59:44.596000,415.77198720898895,14
2024-09-18 12:59:44.655000,415.7927241036749,95
2024-09-18 12:59:44.811000,415.81427464036136,11
2024-09-18 12:59:44.812000,415.7658197688093,12
2024-09-18 12:59:44.815000,415.8016827638548,105
2024-09-18 12:59:44.878000,415.79611596102217,997
2024-09-18 12:59:44.924000,415.7492778963912,96
2024-09-18 12:59:44.993000,415.7463730093792,104
2024-09-18 12:59:45.259000,415.778719637474,99
2024-09-18 12:59:45.321000,415.75300849725113,1004
2024-09-18 12:59:45.633000,415.77227599847,9
2024-09-18 12:59:45.710000,415.7741098980826,102
2024-09-18 12:59:45.744000,415.7628408706371,998
2024-09-18 12:59:45.819000,415.763501215038,9
2024-09-18 12:59:45.913000,415.75665585007096,95
2024-09-18 12:59:46.054000,415.76176572046194,996
2024-09-18 12:59:46.090000,415.76049766497806,11
2024-09-18 12:59:46.125000,415.74796719160753,1002
2024-09-18 12:59:46.134000,415.7438820203564,999
2024-09-18 12:59:46.139000,415.7751877724341,1004
2024-09-18 12:59:46.239000,415.7495802670665,97
2024-09-18 12:59:46.304000,415.744345228496,105
2024-09-18 12:59:46.310000,415.7528424436918,95
2024-09-18 12:59:46.372000,415.7650297583415,101
2024-09-18 12:59:46.401000,415.7879468215326,101
2024-09-18 12:59:46.427000,415.7822621736445,996
2024-09-18 12:59:46.428000,415.764180246024,105
2024-09-18 12:59:46.521000,415.7642357184432,102
2024-09-18 12:59:46.524000,415.74298365332265,998
2024-09-18 12:59:46.539000,415.7437890261228,996
2024-09-18 12:59:46.550000,415.7492040111381,997
2024-09-18 12:59:46.553000,415.77324635794486,12
2024-09-18 12:59:46.593000,415.78725975008666,100
2024-09-18 12:59:46.621000,415.7633641287039,15
2024-09-18 12:59:46.645000,415.7373624270797,5
2024-09-18 12:59:46.709000,415.7997851382475,7
2024-09-18 12:59:46.880000,415.75961899216855,11
2024-09-18 12:59:47.019000,415.6606358300031,99
2024-09-18 12:59:47.035000,415.7200421121592,1002
2024-09-18 12:59:47.042000,415.7865720271739,1000
2024-09-18 12:59:47.048000,415.6398117260856,996
2024-09-18 12:59:47.083000,415.7649081873793,1000
2024-09-18 12:59:47.116000,415.7620521516528,999
2024-09-18 12:59:47.124000,415.6439398536896,95
2024-09-18 12:59:47.138000,415.7231461479383,13
2024-09-18 12:59:47.232000,415.7736312986717,999
2024-09-18 12:59:47.263000,415.7218102106655,97
2024-09-18 12:59:47.323000,415.6541957220568,97
2024-09-18 12:59:47.333000,415.7781698062919,995
2024-09-18 12:59:47.377000,415.6705032077417,11
2024-09-18 12:59:47.442000,415.7871607147033,1001
2024-09-18 12:59:47.500000,415.66183279770064,6
2024-09-18 12:59:47.528000,415.7702315283155,96
2024-09-18 12:59:47.555000,415.6541931572944,998
2024-09-18 12:59:47.651000,415.6861980619112,15
2024-09-18 12:59:47.683000,415.7014325210023,1003
2024-09-18 12:59:47.688000,415.72683265936064,104
2024-09-18 12:59:47.725000,415.7221392088329,100
2024-09-18 12:59:47.807000,415.7163885306837,999
2024-09-18 12:59:47.808000,415.7541716113364,1000
2024-09-18 12:59:47.814000,415.6917875865176,105
2024-09-18 12:59:47.815000,415.7849453898573,102
2024-09-18 12:59:47.816000,415.68640268939816,7
2024-09-18 12:59:47.954000,415.6837050437501,96
2024-09-18 12:59:48.244000,415.66250122994046,6
2024-09-18 12:59:48.403000,415.6474882064351,96
2024-09-18 12:59:48.533000,415.6786706619386,1001
2024-09-18 12:59:48.699000,415.6651946171144,15
2024-09-18 12:59:48.767000,415.6702154028772,1001
2024-09-18 12:59:48.845000,415.6596240667631,97
2024-09-18 12:59:48.963000,415.6718198918234,9
2024-09-18 12:59:49.075000,415.5884708419987,104
2024-09-18 12:59:49.111000,415.582723446082,996
2024-09-18 12:59:49.136000,415.6810404550675,11
2024-09-18 12:59:49.167000,415.6740645200983,102
2024-09-18 12:59:49.168000,415.596957829186,996
2024-09-18 12:59:49.185000,415.5847362977508,5
2024-09-18 12:59:49.206000,415.66876134662414,98
2024-09-18 12:59:49.287000,415.604435438346,98
2024-09-18 12:59:49.330000,415.57529021110776,12
2024-09-18 12:59:49.344000,415.6962002468266,9
2024-09-18 12:59:49.396000,415.585240563059,12
2024-09-18 12:59:49.446000,415.6076397012291,10
2024-09-18 12:59:49.447000,415.605674438993,5
2024-09-18 12:59:49.459000,415.6064582234739,999
2024-09-18 12:59:49.521000,415.61528990199577,99
2024-09-18 12:59:49.535000,415.6180692119932,9
2024-09-18 12:59:49.536000,415.61315579214886,98
2024-09-18 12:59:49.540000,415.6762149938945,100
2024-09-18 12:59:49.587000,415.5784105599849,995
2024-09-18 12:59:49.617000,415.62789550588974,1000
2024-09-18 12:59:49.685000,415.5781409347345,14
2024-09-18 12:59:49.745000,415.5779371287705,7
2024-09-18 12:59:49.770000,415.6058695793241,96
2024-09-18 12:59:49.803000,415.6109977409493,11
2024-09-18 12:59:49.804000,415.6808228728937,9
2024-09-18 12:59:49.943000,415.6128674577764,103
2024-09-18 12:59:50.039000,415.5308131290635,97
2024-09-18 12:59:50.075000,415.60427521580544,1003
2024-09-18 12:59:50.136000,415.5770733721242,15
2024-09-18 12:59:50.177000,415.54085595755487,1003
2024-09-18 12:59:50.243000,415.5821813557211,995
2024-09-18 12:59:50.302000,415.5356614234023,996
2024-09-18 12:59:50.306000,415.5228091452896,10
2024-09-18 12:59:50.317000,415.608889849102,10
2024-09-18 12:59:50.323000,415.5599373060905,1002
2024-09-18 12:59:50.325000,415.5310204670136,95
2024-09-18 12:59:50.332000,415.56114548836223,9
2024-09-18 12:59:50.460000,415.534172886536,97
2024-09-18 12:59:50.588000,415.52124833374825,11
2024-09-18 12:59:50.649000,415.542992197864,1005
2024-09-18 12:59:50.709000,415.5256206623208,96
2024-09-18 12:59:50.752000,415.5808091245627,100
2024-09-18 12:59:50.768000,415.5168108341531,9
2024-09-18 12:59:50.934000,415.585577255698,1003
2024-09-18 12:59:51.073000,415.53212941459896,99
2024-09-18 12:59:51.113000,415.5314377076648,8
2024-09-18 12:59:51.144000,415.54367168333664,7
2024-09-18 12:59:51.226000,415.5430205085362,12
2024-09-18 12:59:51.234000,415.53537646295416,96
2024-09-18 12:59:51.329000,415.5390488758519,102
2024-09-18 12:59:51.406000,415.5514662456312,1004
2024-09-18 12:59:51.409000,415.55071285396247,102
2024-09-18 12:59:51.531000,415.527088470666,1000
2024-09-18 12:59:51.629000,415.53524150407895,14
2024-09-18 12:59:51.655000,415.5297045766531,100
2024-09-18 12:59:51.688000,415.5255074717609,1005
2024-09-18 12:59:51.818000,415.5396450007174,1000
2024-09-18 12:59:51.935000,415.534506095933,95
2024-09-18 12:59:52.217000,415.5043653163041,11
2024-09-18 12:59:52.370000,415.5183222071204,105
2024-09-18 12:59:52.415000,415.5259757601109,10
2024-09-18 12:59:52.552000,415.5161814716127,96
2024-09-18 12:59:52.659000,415.51776452164034,5
2024-09-18 12:59:52.742000,415.49800844031967,7
2024-09-18 12:59:52.884000,415.5036962733095,14
2024-09-18 12:59:53.124000,415.52859379459625,8
2024-09-18 12:59:53.147000,415.5212667019625,100
2024-09-18 12:59:53.205000,415.5297704206752,103
2024-09-18 12:59:53.418000,415.5406512322929,5
2024-09-18 12:59:53.446000,415.53209291298685,101
2024-09-18 12:59:53.507000,415.5082724778765,1003
2024-09-18 12:59:53.559000,415.5212497899304,997
2024-09-18 12:59:53.611000,415.4999891753949,15
2024-09-18 12:59:53.655000,415.52702299978426,15
2024-09-18 12:59:53.802000,415.5242949198748,1003
2024-09-18 12:59:53.816000,415.5269113062775,104
2024-09-18 12:59:53.820000,415.521987351601,5
2024-09-18 12:59:53.855000,415.509807244209,1003
2024-09-18 12:59:54.038000,415.48076018722304,1003
2024-09-18 12:59:54.077000,415.47439419838514,12
2024-09-18 12:59:54.084000,415.4742472538008,8
2024-09-18 12:59:54.209000,415.4840731655672,105
2024-09-18 12:59:54.258000,415.4755932257176,13
2024-09-18 12:59:54.301000,415.4862576969685,14
2024-09-18 12:59:54.383000,415.4883611773979,10
2024-09-18 12:59:54.450000,415.4809679107713,10
2024-09-18 12:59:54.548000,415.5027103141492,9
2024-09-18 12:59:54.560000,415.4749520578309,99
2024-09-18 12:59:54.797000,415.48219476905166,105
2024-09-18 12:59:54.859000,415.4849070700582,9
2024-09-18 12:59:55.027000,415.511817976668,13
2024-09-18 12:59:55.071000,415.4753077474669,99
2024-09-18 12:59:55.106000,415.4546256798653,6
2024-09-18 12:59:55.144000,415.4600016996305,98
2024-09-18 12:59:55.223000,415.5140903893636,96
2024-09-18 12:59:55.252000,415.5041295141858,14
2024-09-18 12:59:55.259000,415.4564845729226,12
2024-09-18 12:59:55.294000,415.47683946000257,1005
2024-09-18 12:59:55.429000,415.466402362094,999
2024-09-18 12:59:55.451000,415.4788475039363,98
2024-09-18 12:59:55.462000,415.4902340989537,103
2024-09-18 12:59:55.465000,415.472763505408,100
2024-09-18 12:59:55.538000,415.4900315455972,11
2024-09-18 12:59:55.551000,415.5128857390265,1003
2024-09-18 12:59:55.577000,415.4896937913936,11
2024-09-18 12:59:55.597000,415.4867979606863,995
2024-09-18 12:59:55.653000,415.4588188853661,1002
2024-09-18 12:59:55.689000,415.5048207772287,96
2024-09-18 12:59:55.755000,415.4969034132026,6
2024-09-18 12:59:55.824000,415.4685722893953,1005
2024-09-18 12:59:55.914000,415.4968416992269,102
2024-09-18 12:59:55.975000,415.49027588206457,8
2024-09-18 12:59:56.078000,415.4926392085063,7
2024-09-18 12:59:56.158000,415.47826379665975,12
2024-09-18 12:59:56.196000,415.4819698448984,99
2024-09-18 12:59:56.245000,415.4829808977587,1004
2024-09-18 12:59:56.435000,415.47767211727165,104
2024-09-18 12:59:56.827000,415.4813183213071,101
2024-09-18 12:59:56.936000,415.4711620861084,99
2024-09-18 12:59:57.121000,415.5176420024633,102
2024-09-18 12:59:57.121000,415.5108200800828,99
2024-09-18 12:59:57.135000,415.5346893778975,96
2024-09-18 12:59:57.221000,415.511540652744,15
2024-09-18 12:59:57.334000,415.5302997783986,1003
2024-09-18 12:59:57.392000,415.52416374134185,100
2024-09-18 12:59:57.476000,415.5388910292415,15
2024-09-18 12:59:57.555000,415.5504144356945,5
2024-09-18 12:59:57.607000,415.5045726609837,102
2024-09-18 12:59:57.734000,415.5384204294125,97
2024-09-18 12:59:57.776000,415.5313749182026,96
2024-09-18 12:59:57.915000,415.5494039810271,9
2024-09-18 12:59:57.925000,415.5376703385507,5
2024-09-18 12:59:57.931000,415.55245190268846,101
2024-09-18 12:59:57.995000,415.5429501679395,103
2024-09-18 12:59:57.997000,415.5462085486996,7
2024-09-18 12:59:58.010000,415.5617247348206,97
2024-09-18 12:59:58.123000,415.5458507073736,5
2024-09-18 12:59:58.153000,415.5483330191636,105
2024-09-18 12:59:58.213000,415.53721819946594,97
2024-09-18 12:59:58.241000,415.537549749627,14
2024-09-18 12:59:58.287000,415.54310759721307,995
2024-09-18 12:59:58.446000,415.53897304636223,6
2024-09-18 12:59:58.550000,415.58063288267255,15
2024-09-18 12:59:58.588000,415.5619338717567,104
2024-09-18 12:59:58.613000,415.5370072216929,99
2024-09-18 12:59:58.657000,415.5387003407026,101
2024-09-18 12:59:58.699000,415.5620902786679,97
2024-09-18 12:59:58.753000,415.5480007623238,1003
2024-09-18 12:59:58.791000,415.5674483370416,995
2024-09-18 12:59:58.814000,415.5667987604051,105
2024-09-18 12:59:58.874000,415.5395298041432,97
2024-09-18 12:59:59.109000,415.5366591879391,6
2024-09-18 12:59:59.113000,415.5428363258076,1001
2024-09-18 12:59:59.116000,415.52500194674576,11
2024-09-18 12:59:59.125000,415.5372889813115,996
2024-09-18 12:59:59.131000,415.5561076565656,98
2024-09-18 12:59:59.136000,415.61281869584826,98
2024-09-18 12:59:59.155000,415.53072177791904,999
2024-09-18 12:59:59.160000,415.5388196454687,105
2024-09-18 12:59:59.191000,415.5907667062728,999
2024-09-18 12:59:59.214000,415.5646861940545,1002
2024-09-18 12:59:59.308000,415.5454791253211,997
2024-09-18 12:59:59.337000,415.56148852039,11
2024-09-18 12:59:59.414000,415.5569384283176,105
2024-09-18 12:59:59.501000,415.54569564196106,104
2024-09-18 12:59:59.566000,415.5341428835855,1001
2024-09-18 12:59:59.599000,415.53002304773696,995
2024-09-18 12:59:59.611000,415.53994313992126,996
2024-09-18 12:59:59.623000,415.5402444705567,104
2024-09-18 12:59:59.633000,415.5364621520532,15
2024-09-18 12:59:59.636000,415.553413848441,997
2024-09-18 12:59:59.727000,415.5496786993186,98
2024-09-18 12:59:59.933000,415.5525060329792,95
2024-09-18 12:59:59.992000,415.5294966885861,5
2024-09-18 12:59:59.994000,415.5810664380149,999
