Timestamp,Price,Size
2024-09-17 15:46:00.003000,408.9842409247895,1003
2024-09-17 15:46:00.054000,408.9799958300897,8
2024-09-17 15:46:00.087000,408.9757410519025,996
2024-09-17 15:46:00.109000,408.9700751963406,10
2024-09-17 15:46:00.135000,408.92546848776726,995
2024-09-17 15:46:00.168000,408.9764689510639,1003
2024-09-17 15:46:00.171000,408.9466046591339,998
2024-09-17 15:46:00.315000,408.9583454651974,15
2024-09-17 15:46:00.334000,408.9624997557437,104
2024-09-17 15:46:00.398000,408.9701464587069,5
2024-09-17 15:46:00.473000,408.95259338356425,999
2024-09-17 15:46:00.507000,408.9429277219954,1001
2024-09-17 15:46:00.595000,408.9878388697617,995
2024-09-17 15:46:00.626000,408.9495017169947,11
2024-09-17 15:46:00.712000,408.9330457101301,7
2024-09-17 15:46:00.725000,408.9802148711324,6
2024-09-17 15:46:00.750000,408.9708500843733,1005
2024-09-17 15:46:00.883000,408.99676094586096,105
2024-09-17 15:46:00.884000,408.96677796954,14
2024-09-17 15:46:00.940000,408.9679930637296,10
2024-09-17 15:46:00.970000,408.9778241892497,13
2024-09-17 15:46:01.095000,408.91891274375314,996
2024-09-17 15:46:01.120000,416.3389686098174,1001
2024-09-17 15:46:01.124000,408.9039566565471,98
2024-09-17 15:46:01.214000,408.9723555359717,13
2024-09-17 15:46:01.304000,408.9495430643352,996
2024-09-17 15:46:01.395000,408.9053056100644,104
2024-09-17 15:46:01.525000,408.9048888018937,1003
2024-09-17 15:46:01.566000,408.9003446493752,1005
2024-09-17 15:46:01.574000,408.9092908194875,8
2024-09-17 15:46:01.576000,408.9302280412499,102
2024-09-17 15:46:01.611000,408.9258513143647,11
2024-09-17 15:46:01.675000,408.9609625777146,95
2024-09-17 15:46:01.702000,408.89131480996446,10
2024-09-17 15:46:01.711000,408.96393376238274,15
2024-09-17 15:46:01.728000,408.90775438278223,100
2024-09-17 15:46:01.755000,408.9085243874003,100
2024-09-17 15:46:01.780000,408.9531723037685,97
2024-09-17 15:46:01.784000,408.9687662683097,8
2024-09-17 15:46:01.788000,408.9172117673655,11
2024-09-17 15:46:01.800000,408.867405724341,14
2024-09-17 15:46:01.806000,408.9316149430911,999
2024-09-17 15:46:01.835000,408.9620512808382,96
2024-09-17 15:46:01.853000,408.8733259667912,11
2024-09-17 15:46:01.857000,408.9087489335219,6
2024-09-17 15:46:02.103000,408.9044049886605,10
2024-09-17 15:46:02.812000,408.9006383438629,1001
2024-09-17 15:46:03.217000,408.91065490043866,11
2024-09-17 15:46:03.417000,408.8947511207291,100
2024-09-17 15:46:03.547000,408.90043286687376,6
2024-09-17 15:46:03.918000,408.9014513394829,1002
2024-09-17 15:46:04.008000,408.8616455167793,999
2024-09-17 15:46:04.024000,408.8897049784803,6
2024-09-17 15:46:04.035000,408.9366245105278,104
2024-09-17 15:46:04.075000,408.9640056627613,102
2024-09-17 15:46:04.082000,408.89028676477375,1004
2024-09-17 15:46:04.120000,408.8743895800535,104
2024-09-17 15:46:04.192000,408.9102744980708,1002
2024-09-17 15:46:04.204000,408.9004520476117,997
2024-09-17 15:46:04.212000,408.9169439271013,12
2024-09-17 15:46:04.234000,408.9659046678621,7
2024-09-17 15:46:04.273000,408.97296265488535,1001
2024-09-17 15:46:04.334000,408.8797993395445,13
2024-09-17 15:46:04.394000,408.9146430784737,1004
2024-09-17 15:46:04.431000,408.9502676799745,11
2024-09-17 15:46:04.437000,408.8907967154821,8
2024-09-17 15:46:04.461000,408.8563711734444,1002
2024-09-17 15:46:04.521000,408.93938584331937,15
2024-09-17 15:46:04.603000,408.9574759902411,95
2024-09-17 15:46:04.721000,408.9353893407824,100
2024-09-17 15:46:04.728000,408.90422865457,11
2024-09-17 15:46:04.774000,408.8853360631026,11
2024-09-17 15:46:04.806000,408.9062225328464,995
2024-09-17 15:46:04.815000,408.9085640930408,1001
2024-09-17 15:46:04.872000,408.8828495964025,11
2024-09-17 15:46:04.930000,408.9268362802875,1001
2024-09-17 15:46:04.941000,408.89533145344274,11
2024-09-17 15:46:04.942000,408.88382636376656,98
2024-09-17 15:46:04.978000,408.8897299082265,95
2024-09-17 15:46:05.049000,408.8537880448665,100
2024-09-17 15:46:05.123000,408.8458026207598,5
2024-09-17 15:46:06.032000,408.9004673767606,5
2024-09-17 15:46:06.053000,408.8687690611536,995
2024-09-17 15:46:06.095000,408.8504142080486,1000
2024-09-17 15:46:06.144000,408.89615321134175,98
2024-09-17 15:46:06.193000,408.9018696812959,97
2024-09-17 15:46:06.307000,408.89004368033926,15
2024-09-17 15:46:06.309000,408.8534627712094,1002
2024-09-17 15:46:06.345000,408.9299258213266,995
2024-09-17 15:46:06.393000,408.9111084380623,12
2024-09-17 15:46:06.434000,408.9321132423715,5
2024-09-17 15:46:06.478000,408.90506735803314,95
2024-09-17 15:46:06.537000,408.9072357595329,1005
2024-09-17 15:46:06.565000,408.93166991208943,100
2024-09-17 15:46:06.604000,408.841056944585,101
2024-09-17 15:46:06.730000,416.26931246178185,1004
2024-09-17 15:46:06.734000,408.8616916995149,13
2024-09-17 15:46:06.767000,408.8903468937883,1003
2024-09-17 15:46:06.806000,408.9029139009167,98
2024-09-17 15:46:06.840000,408.8350153666634,5
2024-09-17 15:46:06.859000,408.9488778709252,1000
2024-09-17 15:46:06.929000,408.8979966870785,95
2024-09-17 15:46:06.948000,408.85480933948224,98
2024-09-17 15:46:06.951000,408.9391826518688,1005
2024-09-17 15:46:07.072000,408.92448780909126,11
2024-09-17 15:46:07.273000,408.9339546136395,10
2024-09-17 15:46:07.306000,408.94858596357,1005
2024-09-17 15:46:07.436000,408.900347544682,14
2024-09-17 15:46:07.525000,408.9108297817153,1005
2024-09-17 15:46:07.717000,408.9207771872373,9
2024-09-17 15:46:07.724000,408.9266202838552,10
2024-09-17 15:46:07.739000,408.9142864262315,98
2024-09-17 15:46:07.893000,408.9131618186508,103
2024-09-17 15:46:07.936000,408.9246299803101,12
2024-09-17 15:46:07.940000,408.9161804388081,95
2024-09-17 15:46:08.227000,408.9037719136396,10
2024-09-17 15:46:08.361000,408.9350549262351,7
2024-09-17 15:46:08.405000,408.9410306189132,1002
2024-09-17 15:46:08.434000,408.92473369921765,95
2024-09-17 15:46:08.444000,408.9543700804869,996
2024-09-17 15:46:08.484000,408.8775449560149,14
2024-09-17 15:46:08.505000,408.9229986583292,5
2024-09-17 15:46:08.506000,408.929786589607,995
2024-09-17 15:46:08.642000,416.3019533839212,7
2024-09-17 15:46:08.740000,408.89848729046207,101
2024-09-17 15:46:08.823000,408.94540023514793,1002
2024-09-17 15:46:08.845000,408.91554884902393,1000
2024-09-17 15:46:08.908000,408.9365917860747,98
2024-09-17 15:46:08.939000,408.8873514030287,7
2024-09-17 15:46:08.968000,408.91801495025805,103
2024-09-17 15:46:09.087000,408.9779230276656,995
2024-09-17 15:46:09.163000,408.9419469619257,15
2024-09-17 15:46:09.180000,408.95811896533246,100
2024-09-17 15:46:09.180000,408.969989164267,14
2024-09-17 15:46:09.210000,408.9578514150897,100
2024-09-17 15:46:09.494000,408.9813411045665,1002
2024-09-17 15:46:09.558000,408.97170099247,103
2024-09-17 15:46:09.575000,408.9798689908519,102
2024-09-17 15:46:09.651000,408.9830275261812,995
2024-09-17 15:46:09.662000,408.9693388523115,97
2024-09-17 15:46:09.796000,408.97005736574033,1000
2024-09-17 15:46:09.846000,408.9724738547075,102
2024-09-17 15:46:09.894000,408.9528660121687,97
2024-09-17 15:46:09.951000,409.0035322609485,11
2024-09-17 15:46:09.977000,408.9452252552567,15
2024-09-17 15:46:09.985000,408.9937058889255,99
2024-09-17 15:46:10.066000,408.97236695182096,102
2024-09-17 15:46:10.170000,409.0091585453322,1005
2024-09-17 15:46:10.277000,416.2305981222586,1005
2024-09-17 15:46:10.296000,409.0129920409495,96
2024-09-17 15:46:10.484000,409.01624390195593,1000
2024-09-17 15:46:10.593000,409.0201960708476,102
2024-09-17 15:46:10.703000,408.96663453015407,96
2024-09-17 15:46:10.772000,409.0205254898504,1001
2024-09-17 15:46:10.858000,409.01775720970073,104
2024-09-17 15:46:10.866000,408.9677011231328,103
2024-09-17 15:46:10.885000,408.99880247799234,9
2024-09-17 15:46:10.889000,409.0002982968493,999
2024-09-17 15:46:10.893000,409.01842510817,5
2024-09-17 15:46:10.893000,409.0061561300673,1000
2024-09-17 15:46:11.128000,408.9811261401976,101
2024-09-17 15:46:11.187000,409.0055099630743,11
2024-09-17 15:46:11.338000,408.97081805368106,1003
2024-09-17 15:46:11.451000,408.992680843561,998
2024-09-17 15:46:11.986000,416.3000327375332,11
2024-09-17 15:46:12.019000,409.0275616009806,1003
2024-09-17 15:46:12.061000,409.02952328820345,7
2024-09-17 15:46:12.119000,409.0161251836431,995
2024-09-17 15:46:12.267000,409.05713971220274,98
2024-09-17 15:46:12.310000,409.0541712186426,999
2024-09-17 15:46:12.315000,409.0604955790851,101
2024-09-17 15:46:12.408000,408.98205529226885,101
2024-09-17 15:46:12.601000,409.01816599224577,98
2024-09-17 15:46:12.612000,408.9708366995243,96
2024-09-17 15:46:12.666000,409.0066693455713,1003
2024-09-17 15:46:12.669000,409.0142590584088,10
2024-09-17 15:46:12.708000,409.0105770238689,997
2024-09-17 15:46:12.725000,409.0114686680191,8
2024-09-17 15:46:12.792000,409.0513763502351,104
2024-09-17 15:46:12.819000,409.0545592622549,103
2024-09-17 15:46:12.846000,409.0520892461757,15
2024-09-17 15:46:12.857000,409.0499103412273,13
2024-09-17 15:46:12.858000,409.01737502145977,1003
2024-09-17 15:46:12.895000,409.030007336053,1000
2024-09-17 15:46:12.943000,409.0150589382412,7
2024-09-17 15:46:13.096000,409.0402372411673,105
2024-09-17 15:46:13.138000,409.0304118421464,103
2024-09-17 15:46:13.269000,408.9693219863741,1000
2024-09-17 15:46:13.360000,408.97730285441673,98
2024-09-17 15:46:13.369000,409.050902144442,6
2024-09-17 15:46:13.417000,408.99646916107264,11
2024-09-17 15:46:13.519000,408.9959250734439,9
2024-09-17 15:46:13.550000,409.0402026041901,100
2024-09-17 15:46:13.589000,409.0598057760112,95
2024-09-17 15:46:13.698000,409.029007004554,10
2024-09-17 15:46:13.709000,408.9796926375309,15
2024-09-17 15:46:13.996000,409.0351763278326,100
2024-09-17 15:46:14.167000,408.9792705524201,999
2024-09-17 15:46:14.179000,408.9454544174115,105
2024-09-17 15:46:14.415000,409.0004573146769,1000
2024-09-17 15:46:14.670000,408.9982235730341,996
2024-09-17 15:46:14.782000,408.9699337529124,103
2024-09-17 15:46:14.810000,408.9457902485536,8
2024-09-17 15:46:14.835000,408.9412788945962,999
2024-09-17 15:46:14.859000,408.9813660201672,11
2024-09-17 15:46:14.917000,408.9454667922942,997
2024-09-17 15:46:14.996000,408.9978827474452,998
2024-09-17 15:46:15.072000,408.9614751762811,8
2024-09-17 15:46:15.080000,408.98186410973216,95
2024-09-17 15:46:15.168000,408.9368756714162,10
2024-09-17 15:46:15.185000,408.9821667289549,995
2024-09-17 15:46:15.208000,416.2384284075596,11
2024-09-17 15:46:15.220000,408.9635978310884,1003
2024-09-17 15:46:15.317000,408.95477544640687,1005
2024-09-17 15:46:15.334000,408.9361565268131,999
2024-09-17 15:46:15.346000,408.9649717403972,10
2024-09-17 15:46:15.347000,408.9924729087128,14
2024-09-17 15:46:15.348000,408.985209751412,98
2024-09-17 15:46:15.377000,408.9929600463188,6
2024-09-17 15:46:15.467000,408.9667392295408,9
2024-09-17 15:46:15.494000,408.938986838953,1003
2024-09-17 15:46:15.509000,408.9398661104768,103
2024-09-17 15:46:15.607000,408.96200554032833,1004
2024-09-17 15:46:15.622000,408.9481393890175,13
2024-09-17 15:46:15.669000,408.9571156520233,1001
2024-09-17 15:46:15.671000,408.9626285238263,95
2024-09-17 15:46:15.681000,408.98810374881054,103
2024-09-17 15:46:15.729000,408.977672591986,6
2024-09-17 15:46:15.732000,408.9413691631451,98
2024-09-17 15:46:15.861000,408.97934397986165,95
2024-09-17 15:46:15.868000,408.9615813518921,97
2024-09-17 15:46:15.888000,408.94973863495954,12
2024-09-17 15:46:15.926000,408.9829625987479,1000
2024-09-17 15:46:15.931000,408.9393288547056,13
2024-09-17 15:46:16.026000,408.9608044577164,11
2024-09-17 15:46:16.179000,408.9260551652161,10
2024-09-17 15:46:16.204000,408.9274344020128,96
2024-09-17 15:46:16.279000,408.9428110954884,103
2024-09-17 15:46:16.477000,408.9533505851703,997
2024-09-17 15:46:16.529000,408.9195608971989,100
2024-09-17 15:46:16.681000,408.9367722878797,1005
2024-09-17 15:46:16.786000,408.9518841007209,105
2024-09-17 15:46:16.795000,408.9558758357542,1002
2024-09-17 15:46:16.908000,408.9571315758317,101
2024-09-17 15:46:16.914000,408.95412827450446,102
2024-09-17 15:46:16.977000,408.9315991890245,12
2024-09-17 15:46:16.980000,408.9558894200844,99
2024-09-17 15:46:17.513000,408.9457552428832,6
2024-09-17 15:46:17.753000,408.9601587566657,996
2024-09-17 15:46:17.908000,408.9646888287296,6
2024-09-17 15:46:17.921000,408.9608250251176,104
2024-09-17 15:46:17.972000,408.9510472751098,12
2024-09-17 15:46:18.035000,408.923613093358,996
2024-09-17 15:46:18.702000,408.89699484863513,13
2024-09-17 15:46:19.043000,408.87836800702246,101
2024-09-17 15:46:19.064000,408.8448098470444,7
2024-09-17 15:46:19.137000,408.92102384911954,105
2024-09-17 15:46:19.160000,408.8503879595924,1000
2024-09-17 15:46:19.272000,408.8266999477499,6
2024-09-17 15:46:19.333000,408.83808925497215,12
2024-09-17 15:46:19.389000,408.8692728526255,11
2024-09-17 15:46:19.437000,408.84629100017946,996
2024-09-17 15:46:19.490000,408.8400994413095,7
2024-09-17 15:46:19.503000,408.94329540619856,8
2024-09-17 15:46:19.528000,408.86871344177706,8
2024-09-17 15:46:19.537000,408.9195816771692,998
2024-09-17 15:46:19.541000,408.9137034329896,6
2024-09-17 15:46:19.582000,408.923432391638,103
2024-09-17 15:46:19.687000,408.8369208442688,14
2024-09-17 15:46:19.736000,408.8322000332848,1000
2024-09-17 15:46:19.832000,408.9324982056608,100
2024-09-17 15:46:19.841000,408.84825997546255,995
2024-09-17 15:46:19.841000,408.8839091607968,14
2024-09-17 15:46:19.850000,408.8533286631189,997
2024-09-17 15:46:19.966000,408.8579925564732,102
2024-09-17 15:46:20.042000,408.8368788986164,1002
2024-09-17 15:46:20.227000,408.83235793603455,1004
2024-09-17 15:46:20.237000,408.83752991171446,1003
2024-09-17 15:46:20.325000,408.8421368974631,1004
2024-09-17 15:46:20.331000,408.8472724360587,100
2024-09-17 15:46:20.478000,408.7981954032306,1005
2024-09-17 15:46:20.503000,408.839615187506,103
2024-09-17 15:46:20.563000,408.834079392528,1005
2024-09-17 15:46:20.584000,408.802454230223,1004
2024-09-17 15:46:20.589000,408.8229916813107,102
2024-09-17 15:46:20.696000,408.833253594864,14
2024-09-17 15:46:20.715000,408.8025953347131,998
2024-09-17 15:46:20.802000,408.82735426312223,98
2024-09-17 15:46:20.821000,408.8369794017146,96
2024-09-17 15:46:20.871000,408.8535027745559,1002
2024-09-17 15:46:20.888000,408.8124042047926,1005
2024-09-17 15:46:20.925000,408.8332982540381,5
2024-09-17 15:46:20.930000,408.81918168675406,997
2024-09-17 15:46:21.064000,408.8259315616105,12
2024-09-17 15:46:21.258000,408.8198169642489,13
2024-09-17 15:46:21.336000,408.8223558521948,999
2024-09-17 15:46:21.399000,408.80950005183104,105
2024-09-17 15:46:21.474000,408.8329902543383,5
2024-09-17 15:46:21.680000,408.8156896086405,99
2024-09-17 15:46:21.690000,408.8283374833621,13
2024-09-17 15:46:21.945000,408.81527002195776,11
2024-09-17 15:46:22.048000,408.81468730069525,995
2024-09-17 15:46:22.107000,408.8376753920856,11
2024-09-17 15:46:22.277000,408.8637728002325,13
2024-09-17 15:46:22.291000,408.8349394585839,12
2024-09-17 15:46:22.312000,408.8282216579443,105
2024-09-17 15:46:22.433000,408.82794363161145,1004
2024-09-17 15:46:22.598000,408.8329445016423,14
2024-09-17 15:46:22.769000,408.8348731332441,8
2024-09-17 15:46:22.858000,408.8411097652994,996
2024-09-17 15:46:22.882000,408.833405109022,6
2024-09-17 15:46:23.050000,408.821097560779,11
2024-09-17 15:46:23.120000,408.86667328701657,999
2024-09-17 15:46:23.150000,408.8270081968226,9
2024-09-17 15:46:23.179000,408.86486848200286,96
2024-09-17 15:46:23.253000,408.8460189145169,97
2024-09-17 15:46:23.313000,408.8558881325908,1004
2024-09-17 15:46:23.337000,408.807052623998,8
2024-09-17 15:46:23.342000,408.8659121415481,9
2024-09-17 15:46:23.356000,408.8650513794534,102
2024-09-17 15:46:23.357000,408.824022467518,103
2024-09-17 15:46:23.450000,408.860681720571,6
2024-09-17 15:46:23.453000,408.8451714424588,15
2024-09-17 15:46:23.493000,408.8330436919638,1002
2024-09-17 15:46:23.522000,408.83132492165976,998
2024-09-17 15:46:23.560000,408.86666174715015,999
2024-09-17 15:46:23.607000,408.85095764020303,1003
2024-09-17 15:46:23.620000,408.84239760867615,14
2024-09-17 15:46:23.623000,408.8466165558407,9
2024-09-17 15:46:23.629000,408.8482871352079,97
2024-09-17 15:46:23.636000,408.8566259496583,1003
2024-09-17 15:46:23.703000,408.8435698409715,11
2024-09-17 15:46:23.716000,408.8045388006861,102
2024-09-17 15:46:23.751000,408.8064213984833,6
2024-09-17 15:46:23.787000,408.841160208998,102
2024-09-17 15:46:23.799000,408.85305571647984,998
2024-09-17 15:46:23.923000,408.85094869608776,103
2024-09-17 15:46:23.963000,408.8545306201926,15
2024-09-17 15:46:24.106000,408.8415241375048,104
2024-09-17 15:46:24.246000,408.8524575557495,10
2024-09-17 15:46:24.285000,408.8559794865197,97
2024-09-17 15:46:24.588000,408.85594933953246,102
2024-09-17 15:46:24.851000,408.863045830114,1002
2024-09-17 15:46:25.034000,408.8659521450866,1005
2024-09-17 15:46:25.414000,408.8579046258521,103
2024-09-17 15:46:25.465000,408.8557552744919,101
2024-09-17 15:46:25.551000,408.86008731389774,15
2024-09-17 15:46:26.070000,408.8932314502925,95
2024-09-17 15:46:26.081000,408.8449118081869,99
2024-09-17 15:46:26.107000,408.8404611100109,1002
2024-09-17 15:46:26.180000,408.86153247641846,14
2024-09-17 15:46:26.206000,408.8648236317332,11
2024-09-17 15:46:26.377000,408.8537955943907,104
2024-09-17 15:46:26.416000,408.8724049536131,99
2024-09-17 15:46:26.439000,408.8673062423746,11
2024-09-17 15:46:26.444000,408.8773914943647,1005
2024-09-17 15:46:26.493000,408.9083243946425,12
2024-09-17 15:46:26.523000,408.8581291792796,1003
2024-09-17 15:46:26.579000,408.8486350121267,1005
2024-09-17 15:46:26.582000,408.8424714015874,97
2024-09-17 15:46:26.635000,408.8654427213557,1002
2024-09-17 15:46:26.702000,408.8585756432655,104
2024-09-17 15:46:26.722000,408.9103483734072,15
2024-09-17 15:46:26.885000,408.9087059700552,100
2024-09-17 15:46:26.893000,408.8832234322645,9
2024-09-17 15:46:26.897000,408.85717703228175,6
2024-09-17 15:46:27.067000,408.8951790075829,11
2024-09-17 15:46:27.098000,408.8933329144293,996
2024-09-17 15:46:27.200000,408.88830460546336,14
2024-09-17 15:46:27.215000,408.89037974887015,5
2024-09-17 15:46:27.238000,408.886566638797,1002
2024-09-17 15:46:27.293000,408.865123739181,99
2024-09-17 15:46:27.305000,408.8757555418706,13
2024-09-17 15:46:27.319000,408.890708979162,7
2024-09-17 15:46:27.334000,408.8878319348503,98
2024-09-17 15:46:27.340000,408.8780501004735,997
2024-09-17 15:46:27.415000,408.8994868128877,5
2024-09-17 15:46:27.429000,408.89976256955566,999
2024-09-17 15:46:27.635000,408.8758876434291,996
2024-09-17 15:46:27.654000,408.87181624363865,102
2024-09-17 15:46:27.696000,408.8679442031543,15
2024-09-17 15:46:27.696000,408.8428792315173,97
2024-09-17 15:46:27.708000,408.8464935065152,11
2024-09-17 15:46:27.727000,408.86695199079753,1002
2024-09-17 15:46:27.797000,408.8728134603769,1000
2024-09-17 15:46:27.830000,408.862153130506,96
2024-09-17 15:46:27.984000,408.886125521309,13
2024-09-17 15:46:28.009000,408.8635617561173,14
2024-09-17 15:46:28.021000,408.8673851242523,14
2024-09-17 15:46:28.212000,408.8795640752294,102
2024-09-17 15:46:28.337000,408.86655649513045,104
2024-09-17 15:46:28.452000,408.8613150220978,1005
2024-09-17 15:46:28.465000,408.8714961099129,10
2024-09-17 15:46:28.484000,408.8630057082184,12
2024-09-17 15:46:28.556000,408.8566449330759,102
2024-09-17 15:46:28.632000,408.8693057895846,95
2024-09-17 15:46:28.901000,408.87844513534304,13
2024-09-17 15:46:28.934000,408.8740150047193,102
2024-09-17 15:46:29.079000,408.86394505036543,104
2024-09-17 15:46:29.185000,408.85795411392985,102
2024-09-17 15:46:29.269000,408.8372337654103,15
2024-09-17 15:46:29.317000,408.9082776691709,100
2024-09-17 15:46:29.446000,408.8746147310051,97
2024-09-17 15:46:29.586000,408.9076084108443,996
2024-09-17 15:46:29.722000,408.8924176628152,102
2024-09-17 15:46:29.740000,408.8651427032185,11
2024-09-17 15:46:29.783000,408.8802510714319,1002
2024-09-17 15:46:29.802000,408.8734021802053,1000
2024-09-17 15:46:29.869000,408.8776747734277,1002
2024-09-17 15:46:30.021000,408.85035311416266,1002
2024-09-17 15:46:30.034000,408.8624364186893,997
2024-09-17 15:46:30.062000,416.0961381953846,995
2024-09-17 15:46:30.072000,408.8566182125097,997
2024-09-17 15:46:30.236000,408.8368822455658,997
2024-09-17 15:46:30.354000,408.8960331705476,1001
2024-09-17 15:46:30.398000,408.8915265656415,97
2024-09-17 15:46:30.405000,408.8759409689793,1002
2024-09-17 15:46:30.422000,408.8641915573456,1002
2024-09-17 15:46:30.445000,408.8442370689646,995
2024-09-17 15:46:30.467000,408.8487981202615,14
2024-09-17 15:46:30.480000,408.90165596481495,995
2024-09-17 15:46:30.501000,408.8894875304069,9
2024-09-17 15:46:30.640000,408.8517121277963,1001
2024-09-17 15:46:30.689000,408.85259836459056,6
2024-09-17 15:46:30.707000,408.8278107465053,996
2024-09-17 15:46:30.772000,408.83004136803055,101
2024-09-17 15:46:30.863000,408.8606849243763,96
2024-09-17 15:46:31.053000,408.8790055776975,103
2024-09-17 15:46:31.172000,408.8812570750828,998
2024-09-17 15:46:31.258000,408.89596764640095,97
2024-09-17 15:46:31.270000,408.8781082249304,96
2024-09-17 15:46:31.310000,408.8808685053932,98
2024-09-17 15:46:31.313000,408.8767470658858,99
2024-09-17 15:46:31.387000,408.8766211902072,104
2024-09-17 15:46:31.395000,408.8970225382635,1003
2024-09-17 15:46:31.424000,408.8880624173001,1005
2024-09-17 15:46:31.503000,408.8625423817284,995
2024-09-17 15:46:31.516000,408.9021974550508,104
2024-09-17 15:46:31.633000,408.8769166034973,97
2024-09-17 15:46:31.703000,408.8858234432107,100
2024-09-17 15:46:31.759000,408.9008562374041,14
2024-09-17 15:46:31.821000,408.90244608904464,1002
2024-09-17 15:46:31.867000,408.8752895824648,13
2024-09-17 15:46:31.890000,408.8978428554847,5
2024-09-17 15:46:31.991000,408.8923837925256,105
2024-09-17 15:46:32.012000,408.9595394918881,96
2024-09-17 15:46:32.110000,408.94417431886825,97
2024-09-17 15:46:32.118000,408.9435515262555,12
2024-09-17 15:46:32.152000,408.9199424422206,13
2024-09-17 15:46:32.215000,408.9651851444688,101
2024-09-17 15:46:32.217000,408.9226068409489,11
2024-09-17 15:46:32.287000,408.9239429710732,998
2024-09-17 15:46:32.346000,408.9226174456809,14
2024-09-17 15:46:32.383000,408.9141316760698,9
2024-09-17 15:46:32.541000,408.94302262470535,1005
2024-09-17 15:46:32.658000,408.9636196950685,99
2024-09-17 15:46:32.697000,408.9225534313149,10
2024-09-17 15:46:32.698000,408.93754369432605,1001
2024-09-17 15:46:32.702000,408.9743381201719,1001
2024-09-17 15:46:32.729000,408.9191744628071,105
2024-09-17 15:46:32.878000,408.91104416952845,995
2024-09-17 15:46:32.892000,408.93523222273967,101
2024-09-17 15:46:32.936000,408.98438762023886,95
2024-09-17 15:46:32.962000,408.9680406663611,95
2024-09-17 15:46:32.964000,408.9752637831375,1003
2024-09-17 15:46:33.063000,409.0486176478235,1005
2024-09-17 15:46:33.108000,408.9976760851137,95
2024-09-17 15:46:33.150000,408.9774556170007,98
2024-09-17 15:46:33.270000,408.9940854058558,95
2024-09-17 15:46:33.290000,409.0071538686042,103
2024-09-17 15:46:33.334000,408.9444613173218,9
2024-09-17 15:46:33.384000,408.9969880327173,13
2024-09-17 15:46:33.390000,409.0228148831552,11
2024-09-17 15:46:33.461000,409.0039943991844,100
2024-09-17 15:46:33.471000,408.9782311265088,99
2024-09-17 15:46:33.476000,408.9659513067781,13
2024-09-17 15:46:33.514000,408.9573184189801,100
2024-09-17 15:46:33.584000,408.9970219284093,1004
2024-09-17 15:46:33.657000,409.0039322891732,8
2024-09-17 15:46:33.658000,408.9924678808067,15
2024-09-17 15:46:33.669000,409.0036957702772,6
2024-09-17 15:46:33.739000,408.9448415780113,9
2024-09-17 15:46:33.740000,408.9836149199066,995
2024-09-17 15:46:33.762000,408.97430832253366,1004
2024-09-17 15:46:33.826000,408.9869835764903,99
2024-09-17 15:46:33.872000,408.9386097743026,14
2024-09-17 15:46:33.892000,409.0191896705805,999
2024-09-17 15:46:33.918000,408.9681230278969,998
2024-09-17 15:46:33.941000,408.95595532646416,99
2024-09-17 15:46:33.978000,409.034875795206,100
2024-09-17 15:46:34.148000,416.03972902885175,996
2024-09-17 15:46:34.205000,409.0207208909633,1001
2024-09-17 15:46:34.455000,409.02782283689777,101
2024-09-17 15:46:34.679000,409.0203959828548,5
2024-09-17 15:46:34.921000,409.03267751023793,96
2024-09-17 15:46:35.077000,409.013041335345,5
2024-09-17 15:46:35.100000,408.9915397084456,1003
2024-09-17 15:46:35.188000,409.0007211959445,98
2024-09-17 15:46:35.240000,409.0146355613779,98
2024-09-17 15:46:35.295000,408.969520456746,103
2024-09-17 15:46:35.342000,408.9699478359366,101
2024-09-17 15:46:35.409000,409.0326101149977,1002
2024-09-17 15:46:35.429000,409.0226553891396,995
2024-09-17 15:46:35.432000,409.04259999760353,997
2024-09-17 15:46:35.541000,409.0150558459656,97
2024-09-17 15:46:35.559000,409.00386113835685,13
2024-09-17 15:46:35.619000,408.9555576662688,105
2024-09-17 15:46:35.632000,408.9859471423723,10
2024-09-17 15:46:35.633000,409.0178054441432,1003
2024-09-17 15:46:35.671000,409.058632892111,95
2024-09-17 15:46:35.724000,408.96952532470686,998
2024-09-17 15:46:35.758000,409.0122344755941,1004
2024-09-17 15:46:35.792000,409.0159627700596,99
2024-09-17 15:46:35.861000,408.9881891796278,12
2024-09-17 15:46:35.893000,409.0084014041383,15
2024-09-17 15:46:35.898000,409.009527796532,1004
2024-09-17 15:46:35.922000,408.9980432390888,995
2024-09-17 15:46:35.930000,408.9763050487708,1000
2024-09-17 15:46:36.016000,409.1276880756518,1005
2024-09-17 15:46:36.069000,409.1011130376332,14
2024-09-17 15:46:36.122000,409.0607967297015,999
2024-09-17 15:46:36.245000,409.1348935871196,999
2024-09-17 15:46:36.272000,409.0858495373628,1002
2024-09-17 15:46:36.275000,409.0779608078904,8
2024-09-17 15:46:36.316000,409.0958698946978,1004
2024-09-17 15:46:36.370000,409.10403922908966,999
2024-09-17 15:46:36.390000,409.0655651301741,96
2024-09-17 15:46:36.448000,409.06722542631326,12
2024-09-17 15:46:36.475000,409.1246788838535,99
2024-09-17 15:46:36.480000,409.0935971067488,5
2024-09-17 15:46:36.515000,409.0908895248271,12
2024-09-17 15:46:36.540000,409.0994395404192,1001
2024-09-17 15:46:36.567000,409.1107941005374,997
2024-09-17 15:46:36.572000,409.0710906147005,11
2024-09-17 15:46:36.582000,409.0659991166499,13
2024-09-17 15:46:36.605000,409.0912477065214,102
2024-09-17 15:46:36.615000,409.12436143430415,97
2024-09-17 15:46:36.677000,409.0502406896721,9
2024-09-17 15:46:36.689000,409.10097978167295,100
2024-09-17 15:46:36.690000,409.0417912948971,1002
2024-09-17 15:46:36.778000,409.0280752739692,1004
2024-09-17 15:46:36.829000,409.0928956942489,11
2024-09-17 15:46:36.829000,409.12253733283495,97
2024-09-17 15:46:36.868000,409.0643285022676,9
2024-09-17 15:46:36.873000,409.0727100839179,104
2024-09-17 15:46:36.994000,409.0812969928846,1000
2024-09-17 15:46:36.998000,409.1301951502,10
2024-09-17 15:46:37.074000,409.1468347146237,10
2024-09-17 15:46:37.142000,409.1437258486145,7
2024-09-17 15:46:37.207000,409.18524128659016,100
2024-09-17 15:46:37.251000,409.1944351070192,999
2024-09-17 15:46:37.288000,409.16276291816064,997
2024-09-17 15:46:37.360000,409.19441248719,1000
2024-09-17 15:46:37.623000,409.1906899167432,1002
2024-09-17 15:46:37.641000,409.2009248790024,995
2024-09-17 15:46:37.684000,409.1806035664162,103
2024-09-17 15:46:37.750000,409.1972183615814,12
2024-09-17 15:46:37.783000,409.18844322703774,99
2024-09-17 15:46:37.812000,409.1832184847312,1003
2024-09-17 15:46:37.821000,409.2130976112837,1002
2024-09-17 15:46:37.877000,409.2351694778898,97
2024-09-17 15:46:37.885000,409.1957287156918,9
2024-09-17 15:46:37.915000,409.2076417643871,98
2024-09-17 15:46:37.931000,409.19776079067617,8
2024-09-17 15:46:37.994000,409.1897282726202,100
2024-09-17 15:46:38.020000,409.3172156130137,105
2024-09-17 15:46:38.022000,409.2469153962627,105
2024-09-17 15:46:38.172000,409.31798793276414,100
2024-09-17 15:46:38.204000,409.2712827733932,1004
2024-09-17 15:46:38.240000,409.277248613762,6
2024-09-17 15:46:38.246000,409.2988068646189,995
2024-09-17 15:46:38.280000,409.3069649899815,1002
2024-09-17 15:46:38.298000,409.3284237122021,1004
2024-09-17 15:46:38.318000,409.28646946668096,12
2024-09-17 15:46:38.407000,409.3217007758501,8
2024-09-17 15:46:38.463000,409.3184124949443,102
2024-09-17 15:46:38.482000,409.256100761706,8
2024-09-17 15:46:38.509000,409.2448483329432,14
2024-09-17 15:46:38.513000,409.2538486644507,101
2024-09-17 15:46:38.812000,409.2907960609912,998
2024-09-17 15:46:38.859000,409.29050164201,13
2024-09-17 15:46:38.890000,409.2931895612564,14
2024-09-17 15:46:39.016000,409.2392439170106,98
2024-09-17 15:46:39.125000,409.2422738219097,1004
2024-09-17 15:46:39.149000,409.2362716639837,101
2024-09-17 15:46:39.165000,409.2488937533695,101
2024-09-17 15:46:39.186000,409.20961218191695,101
2024-09-17 15:46:39.199000,409.2367667736714,9
2024-09-17 15:46:39.200000,409.26136315457137,996
2024-09-17 15:46:39.221000,409.2399796797327,14
2024-09-17 15:46:39.276000,409.20679045467006,95
2024-09-17 15:46:39.281000,409.2388478472341,1000
2024-09-17 15:46:39.306000,409.22407261679183,101
2024-09-17 15:46:39.342000,409.24007190785966,999
2024-09-17 15:46:39.377000,409.21271750364775,100
2024-09-17 15:46:39.469000,409.2261322689513,1001
2024-09-17 15:46:39.509000,409.2476681732596,12
2024-09-17 15:46:39.549000,409.2084144667831,104
2024-09-17 15:46:39.620000,409.21164204669776,1000
2024-09-17 15:46:39.684000,409.2634201069544,12
2024-09-17 15:46:39.695000,409.2525684592081,104
2024-09-17 15:46:39.736000,409.2468255575012,998
2024-09-17 15:46:39.772000,409.2515937957742,9
2024-09-17 15:46:39.794000,409.24779961251215,5
2024-09-17 15:46:39.910000,409.2463485795935,104
2024-09-17 15:46:39.915000,409.264644350465,12
2024-09-17 15:46:39.932000,409.23401154040175,998
2024-09-17 15:46:39.965000,409.2487707914669,1002
2024-09-17 15:46:39.976000,409.2548487255905,97
2024-09-17 15:46:40.137000,409.2524236838325,95
2024-09-17 15:46:40.251000,409.264774831226,1000
2024-09-17 15:46:40.287000,409.2374718311731,99
2024-09-17 15:46:40.359000,409.25367192794073,1002
2024-09-17 15:46:40.401000,409.2653800157372,95
2024-09-17 15:46:40.747000,409.2533706669556,13
2024-09-17 15:46:40.879000,409.24225235148674,999
2024-09-17 15:46:40.934000,409.2661707064929,1003
2024-09-17 15:46:41.238000,409.2386863199473,11
2024-09-17 15:46:41.762000,409.252550556422,13
2024-09-17 15:46:41.953000,409.24182737013706,105
2024-09-17 15:46:42,409.2413738734842,10
2024-09-17 15:46:42.005000,409.2665275229182,1001
2024-09-17 15:46:42.080000,409.2669158771941,998
2024-09-17 15:46:42.089000,409.2314845997777,95
2024-09-17 15:46:42.109000,409.2219899653933,101
2024-09-17 15:46:42.119000,409.2807861177747,1002
2024-09-17 15:46:42.134000,409.2488631773208,6
2024-09-17 15:46:42.288000,409.2538835329791,103
2024-09-17 15:46:42.355000,409.2349915391836,15
2024-09-17 15:46:42.363000,409.2735838641303,102
2024-09-17 15:46:42.391000,409.2564278296548,15
2024-09-17 15:46:42.442000,409.21778859669735,1003
2024-09-17 15:46:42.481000,409.2621038404478,995
2024-09-17 15:46:42.485000,409.2405469316593,6
2024-09-17 15:46:42.563000,409.205935899345,100
2024-09-17 15:46:42.589000,409.2613943754824,999
2024-09-17 15:46:42.614000,409.2904679638973,96
2024-09-17 15:46:42.644000,409.2673368468708,96
2024-09-17 15:46:42.668000,409.280167476134,98
2024-09-17 15:46:42.726000,409.219765469613,10
2024-09-17 15:46:42.739000,409.26098496143845,1002
2024-09-17 15:46:42.774000,409.2661046163127,15
2024-09-17 15:46:42.797000,409.29138794295176,995
2024-09-17 15:46:42.822000,409.26547335076094,999
2024-09-17 15:46:42.875000,409.246196443894,95
2024-09-17 15:46:42.884000,409.265164806439,999
2024-09-17 15:46:42.942000,409.2831479389844,105
2024-09-17 15:46:42.971000,409.21766910745504,9
2024-09-17 15:46:43.061000,409.23174384942666,100
2024-09-17 15:46:43.064000,409.2470919585602,1000
2024-09-17 15:46:43.084000,409.2670983340217,6
2024-09-17 15:46:43.247000,409.2345811782046,13
2024-09-17 15:46:43.410000,409.2579175479039,98
2024-09-17 15:46:43.451000,409.2413686699882,12
2024-09-17 15:46:43.458000,409.23835425528273,995
2024-09-17 15:46:43.548000,409.2826928193405,96
2024-09-17 15:46:43.569000,409.2526232810218,95
2024-09-17 15:46:43.581000,409.2824024673977,9
2024-09-17 15:46:43.596000,409.25931721645753,6
2024-09-17 15:46:43.610000,409.2555360710624,13
2024-09-17 15:46:43.701000,409.22733444652425,15
2024-09-17 15:46:43.922000,409.2889125905981,11
2024-09-17 15:46:44.005000,409.2817359863329,5
2024-09-17 15:46:44.057000,409.3015072620668,998
2024-09-17 15:46:44.060000,409.2950229375488,9
2024-09-17 15:46:44.151000,409.2775415259072,15
2024-09-17 15:46:44.222000,409.2447670833863,995
2024-09-17 15:46:44.255000,409.2888496271048,8
2024-09-17 15:46:44.292000,409.29684533216624,1001
2024-09-17 15:46:44.306000,409.2751840623316,1000
2024-09-17 15:46:44.334000,409.3148995865196,104
2024-09-17 15:46:44.336000,409.27911900746665,104
2024-09-17 15:46:44.368000,409.3004672883927,1003
2024-09-17 15:46:44.445000,409.2763373360762,102
2024-09-17 15:46:44.494000,409.3170000445399,998
2024-09-17 15:46:44.519000,409.2348125901256,6
2024-09-17 15:46:44.541000,409.2927420793554,5
2024-09-17 15:46:44.571000,409.30107077366426,96
2024-09-17 15:46:44.621000,409.2452199998756,103
2024-09-17 15:46:44.626000,409.2388518027992,9
2024-09-17 15:46:44.658000,409.2824657736799,99
2024-09-17 15:46:44.666000,409.2988880609252,1002
2024-09-17 15:46:44.723000,409.2900869949922,998
2024-09-17 15:46:44.815000,409.30999841696,1002
2024-09-17 15:46:44.836000,409.2564073048048,1005
2024-09-17 15:46:44.864000,409.3230540634071,13
2024-09-17 15:46:44.881000,409.2605694234956,999
2024-09-17 15:46:44.892000,409.28498950706427,95
2024-09-17 15:46:44.895000,409.2575802455021,99
2024-09-17 15:46:44.911000,409.2959807341673,1004
2024-09-17 15:46:44.968000,409.2355134846128,997
2024-09-17 15:46:45.392000,409.2705639276713,995
2024-09-17 15:46:45.758000,409.2823603541036,998
2024-09-17 15:46:46.017000,409.2718202699104,105
2024-09-17 15:46:46.023000,409.2903883923111,9
2024-09-17 15:46:46.075000,409.2676978342779,6
2024-09-17 15:46:46.084000,409.2672217640107,1000
2024-09-17 15:46:46.204000,409.27134720371583,101
2024-09-17 15:46:46.238000,409.280217150877,997
2024-09-17 15:46:46.268000,409.2554951361176,10
2024-09-17 15:46:46.303000,409.2486223899672,995
2024-09-17 15:46:46.318000,409.27468639719245,11
2024-09-17 15:46:46.327000,409.2755568016632,1000
2024-09-17 15:46:46.427000,409.2809973212735,9
2024-09-17 15:46:46.487000,409.2960392448998,999
2024-09-17 15:46:46.583000,409.2562106534611,1003
2024-09-17 15:46:46.632000,409.2685072842341,1000
2024-09-17 15:46:46.693000,409.26084466393513,1004
2024-09-17 15:46:46.723000,409.2771855465576,97
2024-09-17 15:46:46.792000,409.25405292035776,1005
2024-09-17 15:46:46.848000,409.28529579633647,998
2024-09-17 15:46:46.869000,409.25464983176494,9
2024-09-17 15:46:46.887000,409.3067633703727,997
2024-09-17 15:46:46.914000,409.2800172198298,99
2024-09-17 15:46:46.923000,409.2490331857975,1003
2024-09-17 15:46:47.109000,409.3072193517944,1005
2024-09-17 15:46:47.110000,409.3040349769345,98
2024-09-17 15:46:47.115000,409.32254392060497,100
2024-09-17 15:46:47.117000,409.3093094547302,997
2024-09-17 15:46:47.344000,409.31154032922,996
2024-09-17 15:46:47.924000,409.31191023931353,9
2024-09-17 15:46:48.004000,409.3503733063313,100
2024-09-17 15:46:48.045000,409.3026447001451,101
2024-09-17 15:46:48.115000,409.3381464640651,98
2024-09-17 15:46:48.116000,409.3202666892696,6
2024-09-17 15:46:48.121000,409.33995376379806,102
2024-09-17 15:46:48.243000,409.3402217057437,1002
2024-09-17 15:46:48.291000,409.33966390093406,996
2024-09-17 15:46:48.301000,409.3479089867548,1004
2024-09-17 15:46:48.308000,409.3139283759895,1001
2024-09-17 15:46:48.311000,409.320825042306,996
2024-09-17 15:46:48.390000,409.3086605406751,8
2024-09-17 15:46:48.427000,409.3171905285872,1002
2024-09-17 15:46:48.457000,409.31893669670086,102
2024-09-17 15:46:48.559000,409.31752507701736,103
2024-09-17 15:46:48.568000,409.3057739112536,1000
2024-09-17 15:46:48.591000,409.2894791983685,10
2024-09-17 15:46:48.626000,409.2936591397721,996
2024-09-17 15:46:48.683000,409.3381182154273,997
2024-09-17 15:46:48.689000,409.3324854625045,103
2024-09-17 15:46:48.699000,409.3143282755181,996
2024-09-17 15:46:48.794000,409.31987072359806,13
2024-09-17 15:46:48.820000,409.3210825033525,996
2024-09-17 15:46:48.955000,409.3326635816133,99
2024-09-17 15:46:49.177000,409.2997077600052,1003
2024-09-17 15:46:49.194000,409.3090636411269,11
2024-09-17 15:46:49.195000,409.3207886303728,1002
2024-09-17 15:46:49.266000,409.3030371858,5
2024-09-17 15:46:49.364000,409.3077213264191,14
2024-09-17 15:46:49.393000,409.310878705264,97
2024-09-17 15:46:49.404000,409.3157520816505,12
2024-09-17 15:46:49.435000,409.3208221536871,12
2024-09-17 15:46:49.446000,409.3213730416312,1003
2024-09-17 15:46:49.447000,409.3073681989552,8
2024-09-17 15:46:49.453000,409.3241723155624,999
2024-09-17 15:46:49.597000,409.3229965983365,105
2024-09-17 15:46:49.606000,409.3049920446507,102
2024-09-17 15:46:49.692000,409.3262440064887,1004
2024-09-17 15:46:49.714000,409.30861855368494,6
2024-09-17 15:46:49.728000,409.3340875230422,1001
2024-09-17 15:46:49.869000,409.30226478791656,1000
2024-09-17 15:46:49.984000,409.298570496861,5
2024-09-17 15:46:49.999000,409.2978582532838,14
2024-09-17 15:46:50.016000,409.3457213036026,96
2024-09-17 15:46:50.066000,409.3472298868804,103
2024-09-17 15:46:50.356000,409.373939229844,1004
2024-09-17 15:46:50.389000,409.3643907484192,13
2024-09-17 15:46:50.502000,409.3338049052963,1003
2024-09-17 15:46:50.503000,409.342445642963,14
2024-09-17 15:46:50.506000,409.3707779533977,101
2024-09-17 15:46:50.537000,409.328668831898,100
2024-09-17 15:46:50.544000,409.35930566509006,1005
2024-09-17 15:46:50.702000,409.3431366137743,1003
2024-09-17 15:46:50.708000,409.32438127321296,97
2024-09-17 15:46:50.714000,409.35171226840447,100
2024-09-17 15:46:50.777000,409.337655471526,100
2024-09-17 15:46:50.805000,409.356009333452,99
2024-09-17 15:46:50.818000,409.3566557555959,1004
2024-09-17 15:46:50.860000,409.3252075709984,1002
2024-09-17 15:46:50.894000,409.3266773633959,102
2024-09-17 15:46:50.972000,409.3250952185686,1005
2024-09-17 15:46:51.055000,409.33832268194016,997
2024-09-17 15:46:51.079000,409.3590099445319,104
2024-09-17 15:46:51.204000,409.382434512917,10
2024-09-17 15:46:51.232000,409.3570691218106,1001
2024-09-17 15:46:51.245000,409.3549651197466,14
2024-09-17 15:46:51.356000,409.35960920064446,96
2024-09-17 15:46:51.606000,409.368458802343,997
2024-09-17 15:46:51.609000,409.3767580979012,15
2024-09-17 15:46:51.617000,409.35975700895386,99
2024-09-17 15:46:51.804000,409.3532014218315,14
2024-09-17 15:46:51.886000,409.3665892167338,101
2024-09-17 15:46:51.938000,409.3387150579784,100
2024-09-17 15:46:51.986000,409.3363735353087,997
2024-09-17 15:46:52.036000,409.318982112018,6
2024-09-17 15:46:52.109000,409.3624318942883,7
2024-09-17 15:46:52.165000,409.3194300945241,1003
2024-09-17 15:46:52.195000,409.3337075119838,6
2024-09-17 15:46:52.245000,409.3363520167721,998
2024-09-17 15:46:52.464000,409.3273766541353,1003
2024-09-17 15:46:52.500000,409.36155248055127,98
2024-09-17 15:46:52.534000,409.326416556042,1005
2024-09-17 15:46:52.553000,409.3357269794891,97
2024-09-17 15:46:52.690000,409.3111216812886,95
2024-09-17 15:46:52.691000,409.3295115104347,12
2024-09-17 15:46:52.789000,409.304339945273,96
2024-09-17 15:46:52.970000,409.33842355392414,10
2024-09-17 15:46:53.001000,409.3537835276346,996
2024-09-17 15:46:53.174000,409.3355212765247,998
2024-09-17 15:46:53.287000,409.3605713711298,7
2024-09-17 15:46:53.400000,409.3466597693401,995
2024-09-17 15:46:53.492000,409.3508911523528,995
2024-09-17 15:46:53.738000,409.3678590189543,8
2024-09-17 15:46:53.768000,415.85603782233153,997
2024-09-17 15:46:53.859000,409.3471814765634,6
2024-09-17 15:46:53.926000,409.34683810172777,10
2024-09-17 15:46:54.010000,409.330064767696,1003
2024-09-17 15:46:54.040000,409.3513628182514,13
2024-09-17 15:46:54.090000,409.3385655332522,14
2024-09-17 15:46:54.099000,409.36366360760826,98
2024-09-17 15:46:54.183000,409.3029942028609,996
2024-09-17 15:46:54.190000,409.331679163536,995
2024-09-17 15:46:54.210000,409.30403721928855,97
2024-09-17 15:46:54.252000,409.360950444924,103
2024-09-17 15:46:54.404000,409.28758280953485,101
2024-09-17 15:46:54.417000,409.3452119489549,995
2024-09-17 15:46:54.483000,409.3180102652185,98
2024-09-17 15:46:54.538000,409.30763626878365,996
2024-09-17 15:46:54.554000,409.2891518761508,1003
2024-09-17 15:46:54.583000,409.29851780786646,1000
2024-09-17 15:46:54.647000,409.31604703901576,103
2024-09-17 15:46:54.695000,409.2985202842908,96
2024-09-17 15:46:54.743000,409.2654581989511,1002
2024-09-17 15:46:54.802000,409.2744090999652,7
2024-09-17 15:46:54.865000,409.3127734681749,12
2024-09-17 15:46:54.891000,409.2925253805229,99
2024-09-17 15:46:54.908000,409.27505130151786,13
2024-09-17 15:46:54.920000,409.3101066633581,98
2024-09-17 15:46:54.990000,409.3653540218953,13
2024-09-17 15:46:55.068000,409.2782809152231,998
2024-09-17 15:46:55.075000,409.304215774708,7
2024-09-17 15:46:55.120000,409.2968484380308,998
2024-09-17 15:46:55.143000,409.31565241073855,999
2024-09-17 15:46:55.173000,409.27014462112544,996
2024-09-17 15:46:55.309000,409.2836910537219,12
2024-09-17 15:46:55.341000,409.29946124735847,95
2024-09-17 15:46:55.454000,409.3182552490617,999
2024-09-17 15:46:55.519000,409.3105422484793,15
2024-09-17 15:46:55.600000,409.2912697456954,12
2024-09-17 15:46:55.628000,409.30826913717976,14
2024-09-17 15:46:55.653000,409.2570392072397,104
2024-09-17 15:46:55.680000,409.2989420762649,99
2024-09-17 15:46:55.683000,409.2944106768876,103
2024-09-17 15:46:55.742000,409.2884402461889,15
2024-09-17 15:46:55.785000,409.3050866456655,1000
2024-09-17 15:46:55.827000,409.2704997849838,996
2024-09-17 15:46:55.862000,409.2869990319074,102
2024-09-17 15:46:55.941000,409.2758320989829,105
2024-09-17 15:46:55.953000,409.26542777609455,6
2024-09-17 15:46:55.966000,409.27388486794274,1000
2024-09-17 15:46:56.516000,409.26030690432873,13
2024-09-17 15:46:56.921000,409.2693383956397,95
2024-09-17 15:46:57.051000,409.3034145284108,1000
2024-09-17 15:46:57.060000,409.24645065888274,12
2024-09-17 15:46:57.088000,409.2596193897288,1002
2024-09-17 15:46:57.098000,409.3273864456984,1005
2024-09-17 15:46:57.166000,409.2524586775239,99
2024-09-17 15:46:57.199000,409.2864014976377,11
2024-09-17 15:46:57.207000,409.2457204522707,1000
2024-09-17 15:46:57.212000,409.2658685560551,104
2024-09-17 15:46:57.311000,409.3099856344775,98
2024-09-17 15:46:57.313000,409.316019149152,999
2024-09-17 15:46:57.325000,409.25392064391735,97
2024-09-17 15:46:57.345000,409.2443964073083,10
2024-09-17 15:46:57.381000,409.2482997749796,1001
2024-09-17 15:46:57.415000,409.2348895770319,101
2024-09-17 15:46:57.420000,409.2985115777712,100
2024-09-17 15:46:57.432000,409.2506602495645,95
2024-09-17 15:46:57.437000,409.262409398671,998
2024-09-17 15:46:57.469000,409.2846689625185,105
2024-09-17 15:46:57.621000,409.2604158890479,1002
2024-09-17 15:46:57.717000,409.2526100972695,11
2024-09-17 15:46:57.723000,409.2744126401896,1004
2024-09-17 15:46:57.728000,409.2699146052993,1004
2024-09-17 15:46:57.730000,409.2509828197172,995
2024-09-17 15:46:57.766000,409.2733141749875,96
2024-09-17 15:46:57.785000,409.26360287690994,6
2024-09-17 15:46:57.840000,409.2833206511595,995
2024-09-17 15:46:57.866000,409.264361329629,15
2024-09-17 15:46:57.892000,409.2772365705676,10
2024-09-17 15:46:57.966000,409.2381896976824,995
2024-09-17 15:46:57.993000,409.316284584143,96
2024-09-17 15:46:58.003000,409.3218568728883,1004
2024-09-17 15:46:58.011000,409.29359317849145,14
2024-09-17 15:46:58.027000,409.3099208474348,998
2024-09-17 15:46:58.117000,409.31896354450384,8
2024-09-17 15:46:58.248000,409.3238446755897,11
2024-09-17 15:46:58.249000,409.3219271384775,1003
2024-09-17 15:46:58.259000,409.2929994676441,101
2024-09-17 15:46:58.271000,409.2951883969209,98
2024-09-17 15:46:58.312000,409.3200711389991,5
2024-09-17 15:46:58.353000,409.3346164535329,10
2024-09-17 15:46:58.355000,409.3000565948576,13
2024-09-17 15:46:58.401000,409.3099115083439,998
2024-09-17 15:46:58.423000,409.28757450539786,6
2024-09-17 15:46:58.433000,409.3235924995703,7
2024-09-17 15:46:58.518000,409.2970524407908,7
2024-09-17 15:46:58.554000,409.310204559304,1004
2024-09-17 15:46:58.555000,409.31374166146543,98
2024-09-17 15:46:58.564000,409.3355170896385,7
2024-09-17 15:46:58.576000,409.30706292870536,997
2024-09-17 15:46:58.581000,409.3225688460832,998
2024-09-17 15:46:58.612000,409.318080210044,997
2024-09-17 15:46:58.672000,409.3411094603448,1005
2024-09-17 15:46:58.725000,409.32882464886006,104
2024-09-17 15:46:58.811000,409.29631776179,101
2024-09-17 15:46:58.885000,409.3434268434384,102
2024-09-17 15:46:58.889000,409.32436938582384,97
2024-09-17 15:46:58.970000,409.3291754288223,101
2024-09-17 15:46:59.028000,409.3526784083031,97
2024-09-17 15:46:59.062000,409.3707949625676,5
2024-09-17 15:46:59.146000,409.32456337596096,998
2024-09-17 15:46:59.302000,409.3296254861754,995
2024-09-17 15:46:59.304000,409.33223880959264,1002
2024-09-17 15:46:59.769000,409.3165717750945,10
2024-09-17 15:46:59.839000,409.3622573590787,98
