Timestamp,Price,Size
2024-09-16 14:56:00.104000,416.7549342184118,998
2024-09-16 14:56:00.138000,416.72173410953457,100
2024-09-16 14:56:00.235000,416.738625015527,14
2024-09-16 14:56:00.278000,416.7528475988825,1005
2024-09-16 14:56:00.425000,416.7381653780934,1005
2024-09-16 14:56:00.496000,416.74661124950825,15
2024-09-16 14:56:00.961000,416.7264213632817,1005
2024-09-16 14:56:01.413000,416.7365673479098,98
2024-09-16 14:56:01.488000,416.7403911193242,1001
2024-09-16 14:56:01.621000,416.7415020900799,999
2024-09-16 14:56:01.792000,416.7378808666337,6
2024-09-16 14:56:01.924000,416.7437433133427,999
2024-09-16 14:56:01.928000,416.7332195467577,1001
2024-09-16 14:56:02.007000,416.72024127534434,97
2024-09-16 14:56:02.011000,416.7851208036432,15
2024-09-16 14:56:02.060000,416.7330411575116,100
2024-09-16 14:56:02.076000,418.40986226736845,12
2024-09-16 14:56:02.125000,416.80616804158376,15
2024-09-16 14:56:02.166000,416.7236628555208,100
2024-09-16 14:56:02.168000,416.74335948748194,95
2024-09-16 14:56:02.220000,416.78167266274295,104
2024-09-16 14:56:02.279000,416.79467974874245,96
2024-09-16 14:56:02.324000,416.718415180004,7
2024-09-16 14:56:02.376000,416.74858230842193,12
2024-09-16 14:56:02.488000,416.72899613776207,100
2024-09-16 14:56:02.545000,416.7244016125354,100
2024-09-16 14:56:02.569000,416.7610482908565,1000
2024-09-16 14:56:02.634000,416.7387962569134,10
2024-09-16 14:56:02.697000,416.7277424197617,1003
2024-09-16 14:56:02.702000,416.7487302626871,5
2024-09-16 14:56:02.772000,416.7371277223111,99
2024-09-16 14:56:02.866000,416.78657712361365,5
2024-09-16 14:56:02.949000,416.8088925024311,999
2024-09-16 14:56:03.029000,416.80347325023337,101
2024-09-16 14:56:03.037000,416.84333105972513,96
2024-09-16 14:56:03.082000,416.8767861393884,995
2024-09-16 14:56:03.133000,416.8786962132595,95
2024-09-16 14:56:03.185000,416.7820741482299,1005
2024-09-16 14:56:03.245000,416.8401687947404,8
2024-09-16 14:56:03.248000,416.7827985742806,997
2024-09-16 14:56:03.365000,416.8052682684534,996
2024-09-16 14:56:03.419000,416.78304448369056,9
2024-09-16 14:56:03.535000,416.7969553462601,1001
2024-09-16 14:56:03.547000,416.79667666728767,8
2024-09-16 14:56:03.548000,416.8242343127547,102
2024-09-16 14:56:03.606000,416.8098839905611,999
2024-09-16 14:56:03.624000,416.84730751243785,98
2024-09-16 14:56:03.685000,416.824790270638,1001
2024-09-16 14:56:03.699000,416.862513730084,1000
2024-09-16 14:56:03.710000,416.8025968986706,5
2024-09-16 14:56:03.736000,416.833503122534,104
2024-09-16 14:56:03.746000,416.8334141779495,101
2024-09-16 14:56:03.803000,416.8760886863511,8
2024-09-16 14:56:03.814000,416.8015454036597,10
2024-09-16 14:56:03.841000,416.86871651696265,103
2024-09-16 14:56:03.942000,416.8263436034725,7
2024-09-16 14:56:03.980000,416.87417860528126,102
2024-09-16 14:56:03.991000,416.8569709446416,1001
2024-09-16 14:56:04.181000,416.81381813609926,996
2024-09-16 14:56:04.227000,416.8528014837418,104
2024-09-16 14:56:04.229000,416.8366588228208,12
2024-09-16 14:56:04.392000,416.81314371218485,1003
2024-09-16 14:56:04.409000,416.8257833831569,13
2024-09-16 14:56:04.463000,416.8482807198791,997
2024-09-16 14:56:04.487000,416.80682268578806,105
2024-09-16 14:56:04.549000,416.7923344637585,996
2024-09-16 14:56:04.605000,416.8736473783681,1000
2024-09-16 14:56:04.947000,416.8610398723518,15
2024-09-16 14:56:04.967000,416.8592663889336,997
2024-09-16 14:56:05.078000,416.72844263391823,10
2024-09-16 14:56:05.098000,416.7422009063803,101
2024-09-16 14:56:05.249000,416.7422058735704,103
2024-09-16 14:56:05.255000,416.72415550903423,97
2024-09-16 14:56:05.320000,416.75236361623234,12
2024-09-16 14:56:05.608000,416.7484967099575,14
2024-09-16 14:56:05.728000,416.7743506014029,5
2024-09-16 14:56:05.971000,416.7516704271424,13
2024-09-16 14:56:06.049000,416.804727278546,11
2024-09-16 14:56:06.049000,416.7459229510675,95
2024-09-16 14:56:06.133000,416.7881400687358,1000
2024-09-16 14:56:06.134000,416.7597430853029,999
2024-09-16 14:56:06.135000,416.79471691333794,14
2024-09-16 14:56:06.168000,416.8150995984465,9
2024-09-16 14:56:06.241000,416.8095937278928,1000
2024-09-16 14:56:06.258000,416.7793966847593,14
2024-09-16 14:56:06.292000,416.7854401842198,13
2024-09-16 14:56:06.307000,416.7872377528312,1005
2024-09-16 14:56:06.424000,416.72607518662704,999
2024-09-16 14:56:06.465000,416.8021439600224,95
2024-09-16 14:56:06.483000,416.77075356973023,104
2024-09-16 14:56:06.566000,416.7930924691302,999
2024-09-16 14:56:06.611000,416.81303693320297,10
2024-09-16 14:56:06.626000,416.7851072223446,1000
2024-09-16 14:56:06.737000,416.80401082929234,95
2024-09-16 14:56:06.763000,416.7765013725072,105
2024-09-16 14:56:06.797000,416.7856516908224,99
2024-09-16 14:56:06.832000,416.7835646207271,997
2024-09-16 14:56:06.865000,416.78854464931817,15
2024-09-16 14:56:06.902000,416.7821804896204,102
2024-09-16 14:56:06.920000,416.7795474223413,1001
2024-09-16 14:56:06.944000,416.7870092925039,1004
2024-09-16 14:56:06.973000,416.7992830422274,15
2024-09-16 14:56:06.991000,416.795984978381,5
2024-09-16 14:56:07.016000,416.8126271608487,1000
2024-09-16 14:56:07.209000,416.78921110802537,999
2024-09-16 14:56:07.235000,416.8169659678629,1004
2024-09-16 14:56:07.285000,416.8069382070672,997
2024-09-16 14:56:07.328000,416.7923034772416,1004
2024-09-16 14:56:07.349000,416.78065021990034,996
2024-09-16 14:56:07.435000,416.8232619443695,97
2024-09-16 14:56:07.812000,416.8095759354568,9
2024-09-16 14:56:07.826000,416.8008059568828,101
2024-09-16 14:56:07.830000,416.7736891389254,1000
2024-09-16 14:56:07.904000,416.7839083618042,1003
2024-09-16 14:56:07.973000,416.7977919932309,1005
2024-09-16 14:56:07.974000,416.7821640298803,1003
2024-09-16 14:56:08.028000,416.8175470013177,98
2024-09-16 14:56:08.099000,416.8318944626328,97
2024-09-16 14:56:08.169000,416.8186744500106,1005
2024-09-16 14:56:08.253000,416.8113875757307,11
2024-09-16 14:56:08.289000,416.80645416318,1005
2024-09-16 14:56:08.303000,416.79820218471417,13
2024-09-16 14:56:08.350000,416.8288400076098,999
2024-09-16 14:56:08.404000,416.8101215174535,13
2024-09-16 14:56:08.456000,416.8111157151312,1003
2024-09-16 14:56:08.583000,416.7985299795032,998
2024-09-16 14:56:08.584000,416.8036013669843,98
2024-09-16 14:56:08.586000,416.8424526344154,95
2024-09-16 14:56:08.607000,416.81418701419904,104
2024-09-16 14:56:08.637000,416.8193841641694,1002
2024-09-16 14:56:08.728000,416.817488333037,98
2024-09-16 14:56:08.815000,416.7951471330587,9
2024-09-16 14:56:08.836000,416.8104094251205,1005
2024-09-16 14:56:08.944000,416.8052723012256,104
2024-09-16 14:56:10.050000,416.7785549001192,997
2024-09-16 14:56:10.078000,416.8065559139645,100
2024-09-16 14:56:10.084000,416.8035994282971,998
2024-09-16 14:56:10.087000,416.8378760025479,102
2024-09-16 14:56:10.102000,416.8367714156192,1001
2024-09-16 14:56:10.181000,416.8243638282764,999
2024-09-16 14:56:10.253000,416.8264486640216,5
2024-09-16 14:56:10.289000,416.8355926501114,15
2024-09-16 14:56:10.307000,416.792556977752,15
2024-09-16 14:56:10.384000,416.7925266071078,15
2024-09-16 14:56:10.414000,416.8350419025813,105
2024-09-16 14:56:10.433000,416.7975212529682,95
2024-09-16 14:56:10.435000,416.8152715509821,14
2024-09-16 14:56:10.510000,416.809011676226,104
2024-09-16 14:56:10.530000,416.8323669308032,96
2024-09-16 14:56:10.533000,416.8079746387969,995
2024-09-16 14:56:10.534000,416.8401626119298,998
2024-09-16 14:56:10.641000,416.7885677009006,1003
2024-09-16 14:56:10.664000,416.7997832593136,101
2024-09-16 14:56:10.683000,416.8349634370625,98
2024-09-16 14:56:10.761000,416.8366109431228,103
2024-09-16 14:56:10.776000,416.8345337988435,1004
2024-09-16 14:56:10.823000,416.80958293682994,99
2024-09-16 14:56:10.828000,416.8205547634664,12
2024-09-16 14:56:10.896000,416.8179995100272,7
2024-09-16 14:56:10.902000,416.79180699493264,102
2024-09-16 14:56:10.927000,416.7981388021289,996
2024-09-16 14:56:10.930000,416.8360259524133,14
2024-09-16 14:56:10.962000,416.8180720616131,1002
2024-09-16 14:56:11.035000,416.8253594887742,96
2024-09-16 14:56:11.067000,418.6612024270465,96
2024-09-16 14:56:11.133000,416.79506193314006,995
2024-09-16 14:56:11.322000,416.7955259479357,14
2024-09-16 14:56:11.769000,416.81153714257135,1004
2024-09-16 14:56:11.924000,416.7915347089725,100
2024-09-16 14:56:11.942000,416.7901372845883,98
2024-09-16 14:56:11.967000,416.7892471548925,14
2024-09-16 14:56:12.013000,416.7891166915936,104
2024-09-16 14:56:12.078000,416.7918496332831,1005
2024-09-16 14:56:12.098000,416.7506888628459,7
2024-09-16 14:56:12.116000,416.78552205470754,99
2024-09-16 14:56:12.181000,416.7987911996642,95
2024-09-16 14:56:12.213000,416.8124800939093,9
2024-09-16 14:56:12.256000,416.7860820312415,105
2024-09-16 14:56:12.263000,416.8240875587638,101
2024-09-16 14:56:12.295000,416.8179260660397,10
2024-09-16 14:56:12.300000,416.8153960778188,100
2024-09-16 14:56:12.320000,416.7938455300487,96
2024-09-16 14:56:12.347000,416.7625963198016,96
2024-09-16 14:56:12.349000,416.7667166027662,13
2024-09-16 14:56:12.487000,416.7676081794492,97
2024-09-16 14:56:12.579000,416.8209842986656,1000
2024-09-16 14:56:12.589000,416.79895999488286,102
2024-09-16 14:56:12.591000,416.82729417471336,101
2024-09-16 14:56:12.593000,416.82610643972976,14
2024-09-16 14:56:12.606000,416.78642638280417,995
2024-09-16 14:56:12.639000,416.7767166928128,99
2024-09-16 14:56:12.654000,416.8133850763578,9
2024-09-16 14:56:12.674000,416.7543101434512,8
2024-09-16 14:56:12.677000,416.7974377264953,11
2024-09-16 14:56:12.681000,416.74699478680014,996
2024-09-16 14:56:12.689000,416.8164890979985,14
2024-09-16 14:56:12.818000,416.7535428605646,1001
2024-09-16 14:56:12.821000,416.82146118355615,103
2024-09-16 14:56:12.832000,416.8042349401173,98
2024-09-16 14:56:12.944000,416.76847268866464,1005
2024-09-16 14:56:12.964000,416.774105744684,7
2024-09-16 14:56:13.108000,416.87434031537714,10
2024-09-16 14:56:13.232000,416.77786380842537,103
2024-09-16 14:56:13.264000,416.85146801894246,1000
2024-09-16 14:56:13.290000,416.7780999918188,7
2024-09-16 14:56:13.336000,416.7666318255237,1002
2024-09-16 14:56:13.368000,416.84626161702846,11
2024-09-16 14:56:13.385000,416.90904938684366,95
2024-09-16 14:56:13.552000,416.7814107048534,6
2024-09-16 14:56:13.561000,416.7674900830309,104
2024-09-16 14:56:13.567000,416.8127065435781,1001
2024-09-16 14:56:13.677000,416.8280272133202,1004
2024-09-16 14:56:13.711000,416.9011724202339,101
2024-09-16 14:56:13.830000,416.8500180284859,13
2024-09-16 14:56:13.854000,416.82515210933366,103
2024-09-16 14:56:13.993000,416.7964011373303,1001
2024-09-16 14:56:14.018000,416.9647903049964,102
2024-09-16 14:56:14.087000,416.9546289160776,104
2024-09-16 14:56:14.092000,416.978119096354,997
2024-09-16 14:56:14.097000,416.9694046436369,1000
2024-09-16 14:56:14.140000,416.9198506012834,6
2024-09-16 14:56:14.306000,416.9454133747173,11
2024-09-16 14:56:14.359000,416.9545790530709,97
2024-09-16 14:56:14.577000,416.9410845002642,96
2024-09-16 14:56:14.591000,416.9216693604603,96
2024-09-16 14:56:14.665000,416.954829247473,1005
2024-09-16 14:56:14.712000,416.9020773257794,13
2024-09-16 14:56:14.817000,416.97200810573327,11
2024-09-16 14:56:14.872000,416.95408295618734,100
2024-09-16 14:56:14.918000,416.9083859941718,97
2024-09-16 14:56:14.943000,416.9753303779128,995
2024-09-16 14:56:14.996000,416.9700559394578,1003
2024-09-16 14:56:15.023000,416.9609038436079,995
2024-09-16 14:56:15.063000,416.9772079151077,15
2024-09-16 14:56:15.203000,416.9476248146479,997
2024-09-16 14:56:15.208000,416.9625505629659,99
2024-09-16 14:56:15.260000,416.95760676008,997
2024-09-16 14:56:15.272000,416.9634145149509,996
2024-09-16 14:56:15.280000,416.9655593321585,104
2024-09-16 14:56:15.305000,416.9583266121079,996
2024-09-16 14:56:15.424000,416.95596162199,995
2024-09-16 14:56:15.464000,416.9726538344916,1002
2024-09-16 14:56:15.578000,416.9769268570885,1005
2024-09-16 14:56:15.618000,416.962839954723,999
2024-09-16 14:56:15.850000,416.9446040681344,12
2024-09-16 14:56:15.901000,416.9732271025155,5
2024-09-16 14:56:15.984000,416.9755894135416,12
2024-09-16 14:56:16.110000,416.958012828244,101
2024-09-16 14:56:16.372000,416.9750480009749,9
2024-09-16 14:56:16.592000,418.6391813049393,8
2024-09-16 14:56:16.862000,416.9693234290754,997
2024-09-16 14:56:17.078000,416.9480434375453,100
2024-09-16 14:56:17.154000,416.9242187884335,101
2024-09-16 14:56:17.159000,416.9857329943269,99
2024-09-16 14:56:17.168000,416.94464519411815,10
2024-09-16 14:56:17.228000,416.9779871479684,1000
2024-09-16 14:56:17.272000,416.9353445215777,8
2024-09-16 14:56:17.283000,416.9483189295126,97
2024-09-16 14:56:17.295000,416.93009458696326,103
2024-09-16 14:56:17.317000,418.526873360905,1000
2024-09-16 14:56:17.430000,416.9619336308509,96
2024-09-16 14:56:17.491000,416.9365987331879,96
2024-09-16 14:56:17.525000,416.9714438545553,15
2024-09-16 14:56:17.560000,416.9275583726053,8
2024-09-16 14:56:17.599000,416.955082044132,7
2024-09-16 14:56:17.604000,416.9549204722085,15
2024-09-16 14:56:17.804000,416.9794369162344,101
2024-09-16 14:56:17.907000,416.9279305793216,14
2024-09-16 14:56:18.073000,417.0295293846745,11
2024-09-16 14:56:18.079000,417.0750458132989,105
2024-09-16 14:56:18.164000,417.07755634644616,10
2024-09-16 14:56:18.178000,417.006899083491,1001
2024-09-16 14:56:18.285000,417.0383073109953,996
2024-09-16 14:56:18.287000,417.0301120045005,103
2024-09-16 14:56:18.300000,417.0413673010104,997
2024-09-16 14:56:18.365000,417.05650788467705,11
2024-09-16 14:56:18.469000,417.06956411371857,14
2024-09-16 14:56:18.588000,417.00460041438174,105
2024-09-16 14:56:18.792000,417.0715334218679,8
2024-09-16 14:56:18.803000,417.0375963607274,105
2024-09-16 14:56:18.807000,417.0186576833028,998
2024-09-16 14:56:18.838000,416.9956157494562,13
2024-09-16 14:56:18.885000,417.0158954078607,1003
2024-09-16 14:56:18.902000,417.0445816812968,5
2024-09-16 14:56:18.935000,417.0140218166978,100
2024-09-16 14:56:19.070000,417.08381877875325,1004
2024-09-16 14:56:19.096000,417.0575019149128,5
2024-09-16 14:56:19.118000,417.0314665453078,1005
2024-09-16 14:56:19.198000,417.0353483965283,104
2024-09-16 14:56:19.204000,417.03767968737367,12
2024-09-16 14:56:19.282000,417.0278628021892,1002
2024-09-16 14:56:19.318000,417.0677181154449,9
2024-09-16 14:56:19.412000,417.06803869602703,996
2024-09-16 14:56:19.427000,417.0492024212825,102
2024-09-16 14:56:19.542000,417.0594189615453,997
2024-09-16 14:56:19.586000,417.0172900314668,102
2024-09-16 14:56:19.722000,417.054758070426,1000
2024-09-16 14:56:19.813000,417.0811554883432,9
2024-09-16 14:56:19.875000,417.04223226902405,11
2024-09-16 14:56:19.925000,417.0480712667001,101
2024-09-16 14:56:19.958000,417.08793226071214,99
2024-09-16 14:56:19.960000,417.066611281731,1003
2024-09-16 14:56:19.962000,417.07803403255895,10
2024-09-16 14:56:19.966000,417.0671360825838,996
2024-09-16 14:56:20,417.17494278576606,15
2024-09-16 14:56:20.014000,417.1473663523278,1003
2024-09-16 14:56:20.075000,417.10435898944985,7
2024-09-16 14:56:20.107000,417.2014326951056,102
2024-09-16 14:56:20.182000,417.052990303755,105
2024-09-16 14:56:20.248000,417.1968962389107,104
2024-09-16 14:56:20.322000,417.07374343891246,998
2024-09-16 14:56:20.353000,417.0433409800233,14
2024-09-16 14:56:20.436000,417.085886833644,100
2024-09-16 14:56:20.442000,417.112993844832,10
2024-09-16 14:56:20.604000,417.2074099834597,97
2024-09-16 14:56:20.644000,417.1204525739136,6
2024-09-16 14:56:20.693000,417.0448336759202,998
2024-09-16 14:56:20.711000,417.0697339893906,1000
2024-09-16 14:56:20.769000,417.17455963586536,997
2024-09-16 14:56:20.798000,417.1350350377009,96
2024-09-16 14:56:20.801000,417.1026151654092,96
2024-09-16 14:56:20.834000,417.0593851731278,5
2024-09-16 14:56:20.847000,417.0411542347102,7
2024-09-16 14:56:20.905000,417.1422065505596,999
2024-09-16 14:56:20.963000,417.0702113324296,998
2024-09-16 14:56:21.550000,417.2096084300402,102
2024-09-16 14:56:22.064000,417.194719486989,998
2024-09-16 14:56:22.366000,417.1841547557548,1002
2024-09-16 14:56:22.397000,417.1814886544528,96
2024-09-16 14:56:22.418000,417.1798536463161,6
2024-09-16 14:56:22.560000,417.18484518957433,7
2024-09-16 14:56:22.828000,417.1874394017848,11
2024-09-16 14:56:22.999000,417.1678747771776,1005
2024-09-16 14:56:23.005000,417.1303953239873,12
2024-09-16 14:56:23.159000,417.1585545736248,996
2024-09-16 14:56:23.304000,417.1489835631663,96
2024-09-16 14:56:23.350000,417.101729373906,13
2024-09-16 14:56:23.374000,417.17336464729885,98
2024-09-16 14:56:23.443000,417.1645460007599,99
2024-09-16 14:56:23.453000,417.1206462651458,96
2024-09-16 14:56:23.706000,417.1208502140757,98
2024-09-16 14:56:23.768000,417.16350453904647,1000
2024-09-16 14:56:23.929000,417.1240650477805,102
2024-09-16 14:56:23.996000,417.1465001277486,6
2024-09-16 14:56:24.042000,417.1162073115775,104
2024-09-16 14:56:24.074000,417.1208199708008,1001
2024-09-16 14:56:24.107000,417.1303614522759,1003
2024-09-16 14:56:24.146000,417.08419802013645,1003
2024-09-16 14:56:24.152000,417.1052305382551,15
2024-09-16 14:56:24.205000,417.06815496775374,101
2024-09-16 14:56:24.370000,417.0976369243338,9
2024-09-16 14:56:24.406000,417.12876145842296,5
2024-09-16 14:56:24.493000,417.0942729526501,1004
2024-09-16 14:56:24.499000,417.0994081059543,14
2024-09-16 14:56:24.554000,417.06162629409886,15
2024-09-16 14:56:24.565000,417.1139570035455,997
2024-09-16 14:56:24.613000,417.1196194110384,101
2024-09-16 14:56:24.620000,417.078624080526,9
2024-09-16 14:56:24.627000,417.0743713363409,995
2024-09-16 14:56:24.698000,417.1236118658416,96
2024-09-16 14:56:24.708000,417.1070343241652,1004
2024-09-16 14:56:24.708000,417.096153134502,13
2024-09-16 14:56:24.757000,417.0735085330775,996
2024-09-16 14:56:24.764000,417.0836597968936,10
2024-09-16 14:56:24.931000,417.1047932511661,13
2024-09-16 14:56:25.002000,416.97992254991385,102
2024-09-16 14:56:25.043000,417.0420021397112,15
2024-09-16 14:56:25.144000,416.991519851817,1000
2024-09-16 14:56:25.208000,416.9898306654233,97
2024-09-16 14:56:25.219000,417.0525549917661,996
2024-09-16 14:56:25.289000,417.0272730533954,995
2024-09-16 14:56:25.309000,416.9938751380769,995
2024-09-16 14:56:25.340000,417.0015450222636,10
2024-09-16 14:56:25.398000,417.0495142753651,98
2024-09-16 14:56:25.413000,416.988953729582,5
2024-09-16 14:56:25.547000,416.9782860416486,105
2024-09-16 14:56:25.574000,417.06229563071406,995
2024-09-16 14:56:25.583000,417.0372468948634,11
2024-09-16 14:56:25.605000,416.97207116095103,998
2024-09-16 14:56:25.661000,416.98342844532,1005
2024-09-16 14:56:25.665000,417.0486225196179,15
2024-09-16 14:56:25.708000,416.9896506275989,96
2024-09-16 14:56:25.773000,417.07519306467736,97
2024-09-16 14:56:25.789000,416.9757510568506,97
2024-09-16 14:56:25.872000,417.0155620317364,104
2024-09-16 14:56:25.929000,416.9637669339307,995
2024-09-16 14:56:25.934000,416.985845074241,12
2024-09-16 14:56:25.956000,416.9927035439671,996
2024-09-16 14:56:26.063000,416.9273155804889,103
2024-09-16 14:56:26.098000,416.9194122718421,14
2024-09-16 14:56:26.130000,416.9143403790884,15
2024-09-16 14:56:26.187000,416.9217634914049,1002
2024-09-16 14:56:26.242000,416.9216700214731,15
2024-09-16 14:56:26.246000,416.907357130613,14
2024-09-16 14:56:26.259000,416.9261418336958,12
2024-09-16 14:56:26.319000,416.9715780715503,5
2024-09-16 14:56:26.332000,416.9207561118859,995
2024-09-16 14:56:26.423000,416.9155406213944,102
2024-09-16 14:56:26.427000,416.9200093307853,102
2024-09-16 14:56:26.436000,416.922921322454,995
2024-09-16 14:56:26.474000,416.90900768475296,999
2024-09-16 14:56:26.485000,416.9188618897381,101
2024-09-16 14:56:26.592000,416.9682389567199,97
2024-09-16 14:56:26.624000,416.95679934199774,9
2024-09-16 14:56:26.667000,416.9048181195524,15
2024-09-16 14:56:26.716000,416.9177460514665,13
2024-09-16 14:56:26.724000,416.9181838673079,1004
2024-09-16 14:56:26.801000,416.92969050846375,103
2024-09-16 14:56:26.837000,416.918324891312,103
2024-09-16 14:56:26.846000,416.9146965211432,15
2024-09-16 14:56:26.903000,416.9426176936983,102
2024-09-16 14:56:26.921000,416.9503034521253,97
2024-09-16 14:56:26.954000,416.9203238842789,10
2024-09-16 14:56:26.956000,416.93305884149305,995
2024-09-16 14:56:26.962000,416.92626356613584,103
2024-09-16 14:56:26.966000,416.9132651610413,995
2024-09-16 14:56:26.968000,416.9060488315988,995
2024-09-16 14:56:27.001000,416.8958658094923,6
2024-09-16 14:56:27.165000,416.9098903771352,5
2024-09-16 14:56:27.176000,416.9155957788544,103
2024-09-16 14:56:27.180000,416.8789174421755,1000
2024-09-16 14:56:27.213000,416.8881964212358,1001
2024-09-16 14:56:27.235000,416.89463167403727,15
2024-09-16 14:56:27.245000,416.9179639288629,102
2024-09-16 14:56:27.292000,416.9007190310936,998
2024-09-16 14:56:27.375000,416.9002602659826,8
2024-09-16 14:56:27.428000,416.9077146855794,999
2024-09-16 14:56:27.556000,416.9102712366105,9
2024-09-16 14:56:27.590000,416.9000545738668,103
2024-09-16 14:56:27.650000,416.9000940314068,995
2024-09-16 14:56:27.696000,416.8984488770038,1005
2024-09-16 14:56:27.742000,416.90542758591465,9
2024-09-16 14:56:27.801000,416.91765238130336,999
2024-09-16 14:56:27.813000,416.8826677151528,6
2024-09-16 14:56:27.828000,416.91100157739214,100
2024-09-16 14:56:27.878000,416.8916806095316,1005
2024-09-16 14:56:27.968000,416.886704918607,1002
2024-09-16 14:56:27.972000,416.88448411769286,99
2024-09-16 14:56:28.047000,416.923956227662,13
2024-09-16 14:56:28.062000,416.8906212312005,96
2024-09-16 14:56:28.098000,416.9248618246227,15
2024-09-16 14:56:28.098000,416.9075473712493,8
2024-09-16 14:56:28.231000,416.90995322000674,997
2024-09-16 14:56:28.238000,416.8936902598916,9
2024-09-16 14:56:28.289000,416.9085721544046,997
2024-09-16 14:56:28.339000,416.9283520922344,1001
2024-09-16 14:56:28.491000,416.9208841751712,1004
2024-09-16 14:56:28.494000,416.8928975401511,1003
2024-09-16 14:56:28.527000,416.9330202390152,95
2024-09-16 14:56:28.573000,416.9153285088837,996
2024-09-16 14:56:28.575000,416.9104544691014,1003
2024-09-16 14:56:28.580000,416.8914582772159,11
2024-09-16 14:56:28.684000,416.89574940437353,8
2024-09-16 14:56:28.736000,416.9170780160752,1005
2024-09-16 14:56:28.778000,416.9177408529926,1005
2024-09-16 14:56:28.842000,416.899617414444,98
2024-09-16 14:56:28.942000,416.93735446930447,1003
2024-09-16 14:56:29.001000,416.89985233293663,1001
2024-09-16 14:56:29.023000,416.9313098928793,5
2024-09-16 14:56:29.037000,416.9138921513804,10
2024-09-16 14:56:29.059000,416.9149779926749,13
2024-09-16 14:56:29.069000,416.8874824830736,104
2024-09-16 14:56:29.101000,416.89455896082166,12
2024-09-16 14:56:29.112000,416.96322669206734,999
2024-09-16 14:56:29.182000,416.9123263340997,6
2024-09-16 14:56:29.281000,416.9672356508667,13
2024-09-16 14:56:29.295000,416.9004402258423,101
2024-09-16 14:56:29.395000,416.9305277063499,105
2024-09-16 14:56:29.405000,416.9176693295534,11
2024-09-16 14:56:29.471000,416.9141361750191,96
2024-09-16 14:56:29.496000,416.911216049325,995
2024-09-16 14:56:29.498000,416.9416765384954,1002
2024-09-16 14:56:29.568000,416.8985322008597,99
2024-09-16 14:56:29.620000,416.9736951379994,96
2024-09-16 14:56:29.643000,416.920407732896,97
2024-09-16 14:56:29.816000,416.9266170242451,98
2024-09-16 14:56:29.824000,416.9637778268509,998
2024-09-16 14:56:29.878000,416.9716211466162,997
2024-09-16 14:56:30.040000,416.99703165603535,96
2024-09-16 14:56:30.165000,416.9743330323835,995
2024-09-16 14:56:30.238000,416.9593638057715,103
2024-09-16 14:56:30.355000,416.9725247911518,1001
2024-09-16 14:56:30.370000,416.981710444488,9
2024-09-16 14:56:30.395000,416.9689712248313,13
2024-09-16 14:56:30.414000,416.9676325533308,104
2024-09-16 14:56:30.421000,416.9532931978299,1002
2024-09-16 14:56:30.549000,416.9549258767167,998
2024-09-16 14:56:30.632000,416.98303119230775,96
2024-09-16 14:56:30.789000,416.9652083557269,101
2024-09-16 14:56:30.792000,416.9959160793392,7
2024-09-16 14:56:30.902000,416.9694442195864,105
2024-09-16 14:56:31.056000,416.9403140045462,11
2024-09-16 14:56:31.077000,416.93626829381566,103
2024-09-16 14:56:31.102000,416.9462686857716,12
2024-09-16 14:56:31.116000,416.9496847753829,1005
2024-09-16 14:56:31.132000,416.9322740045552,1003
2024-09-16 14:56:31.158000,416.931456656986,1005
2024-09-16 14:56:31.399000,416.9516101631134,1005
2024-09-16 14:56:31.544000,416.9185740038111,14
2024-09-16 14:56:31.550000,416.9646601278861,1003
2024-09-16 14:56:31.574000,416.9435776253056,6
2024-09-16 14:56:31.596000,416.9257160626099,999
2024-09-16 14:56:31.713000,416.9821269964456,98
2024-09-16 14:56:31.741000,416.943340070058,105
2024-09-16 14:56:31.764000,416.91295546099855,104
2024-09-16 14:56:31.833000,416.9401520636752,8
2024-09-16 14:56:31.927000,416.9724376124744,13
2024-09-16 14:56:31.960000,416.9828558659564,100
2024-09-16 14:56:31.968000,416.94003255369233,100
2024-09-16 14:56:31.992000,416.9555387369416,995
2024-09-16 14:56:32.018000,416.8640317942864,1003
2024-09-16 14:56:32.077000,416.9104457630008,12
2024-09-16 14:56:32.102000,416.9339252363995,1003
2024-09-16 14:56:32.152000,416.87512344799865,1005
2024-09-16 14:56:32.263000,416.85763482896897,8
2024-09-16 14:56:32.287000,416.8967289180652,99
2024-09-16 14:56:32.386000,416.9025689594543,8
2024-09-16 14:56:32.429000,416.85344003231904,998
2024-09-16 14:56:32.433000,416.9364105624942,14
2024-09-16 14:56:32.456000,416.8634003456311,15
2024-09-16 14:56:32.473000,416.863283687386,102
2024-09-16 14:56:32.498000,416.8459562957749,13
2024-09-16 14:56:32.518000,416.8589990844514,1001
2024-09-16 14:56:32.609000,416.86144652125046,100
2024-09-16 14:56:32.635000,416.8516371081136,7
2024-09-16 14:56:32.699000,416.836427156752,1001
2024-09-16 14:56:32.778000,416.8868139011176,7
2024-09-16 14:56:32.788000,416.8728994327781,999
2024-09-16 14:56:32.848000,416.8643441189004,995
2024-09-16 14:56:32.853000,416.88123192719,11
2024-09-16 14:56:32.897000,416.84057593342993,105
2024-09-16 14:56:32.983000,416.8646847575609,103
2024-09-16 14:56:33.039000,416.8771157553855,998
2024-09-16 14:56:33.177000,416.8931072039689,9
2024-09-16 14:56:33.316000,416.8825387302789,100
2024-09-16 14:56:33.424000,416.8810712712172,9
2024-09-16 14:56:33.428000,416.9034644785055,14
2024-09-16 14:56:33.477000,416.8897582148848,995
2024-09-16 14:56:33.936000,416.8994463361777,998
2024-09-16 14:56:33.980000,416.8964919778264,96
2024-09-16 14:56:34.098000,416.8781823660017,103
2024-09-16 14:56:34.979000,416.8694650660314,102
2024-09-16 14:56:35.289000,416.8768947224163,7
2024-09-16 14:56:35.748000,416.8911976301141,1000
2024-09-16 14:56:36.797000,416.87590924194586,96
2024-09-16 14:56:38.212000,416.87660280982135,104
2024-09-16 14:56:38.275000,416.9378638244507,996
2024-09-16 14:56:38.284000,416.9601437493106,11
2024-09-16 14:56:38.312000,416.93612865165227,96
2024-09-16 14:56:38.481000,416.91653257391454,6
2024-09-16 14:56:38.505000,416.9356369123424,1002
2024-09-16 14:56:38.516000,416.919994507,12
2024-09-16 14:56:38.610000,416.9569122202784,9
2024-09-16 14:56:38.661000,416.94915556566497,997
2024-09-16 14:56:38.765000,416.9302121903951,103
2024-09-16 14:56:38.894000,416.9385215702879,1004
2024-09-16 14:56:38.912000,416.94834498541576,999
2024-09-16 14:56:39.007000,417.00323735009295,11
2024-09-16 14:56:39.059000,417.0215691205132,996
2024-09-16 14:56:39.173000,416.99130459691895,7
2024-09-16 14:56:39.202000,417.00900291106257,5
2024-09-16 14:56:39.212000,416.995706671221,1001
2024-09-16 14:56:39.312000,417.0201577681887,12
2024-09-16 14:56:39.381000,417.00715210519184,1004
2024-09-16 14:56:39.589000,416.9797194470494,996
2024-09-16 14:56:39.627000,417.0165463044224,102
2024-09-16 14:56:39.632000,416.987147178148,96
2024-09-16 14:56:39.773000,417.000717011835,11
2024-09-16 14:56:39.773000,416.9952620828702,995
2024-09-16 14:56:39.883000,416.9616546959314,1005
2024-09-16 14:56:39.958000,416.9947300766654,97
2024-09-16 14:56:39.990000,416.9925131249957,97
2024-09-16 14:56:40.077000,417.00928432339214,96
2024-09-16 14:56:40.078000,417.0011795246593,999
2024-09-16 14:56:40.143000,417.0246438130992,102
2024-09-16 14:56:40.156000,417.0218427998034,10
2024-09-16 14:56:40.405000,417.0158172992305,7
2024-09-16 14:56:40.532000,417.01140464061024,1003
2024-09-16 14:56:40.615000,417.0170493313396,104
2024-09-16 14:56:40.701000,417.0094110626046,96
2024-09-16 14:56:40.781000,416.9925484624344,96
2024-09-16 14:56:40.830000,417.00465139039824,1005
2024-09-16 14:56:40.946000,417.0093889969484,1004
2024-09-16 14:56:40.959000,417.0189929053471,5
2024-09-16 14:56:41.067000,416.9917041588298,1003
2024-09-16 14:56:41.084000,417.0210299705295,95
2024-09-16 14:56:41.155000,417.015373131652,1004
2024-09-16 14:56:41.176000,416.9906967331047,1002
2024-09-16 14:56:41.232000,416.9937979353738,97
2024-09-16 14:56:41.289000,416.9902920726139,7
2024-09-16 14:56:41.354000,417.0110583078734,7
2024-09-16 14:56:41.489000,417.0413399505141,6
2024-09-16 14:56:41.637000,417.0164925666632,1004
2024-09-16 14:56:41.655000,416.9980542195895,5
2024-09-16 14:56:41.674000,416.98663868965394,997
2024-09-16 14:56:41.690000,417.0301731240248,98
2024-09-16 14:56:41.698000,417.0245743356789,15
2024-09-16 14:56:41.705000,417.00485618631393,1005
2024-09-16 14:56:41.713000,417.04627402259337,1000
2024-09-16 14:56:41.779000,417.02131901115126,103
2024-09-16 14:56:41.822000,417.00538969480834,1005
2024-09-16 14:56:41.958000,417.0132089650963,1001
2024-09-16 14:56:42.029000,416.9963747267052,999
2024-09-16 14:56:42.036000,417.0066273821032,14
2024-09-16 14:56:42.063000,417.0159940735995,997
2024-09-16 14:56:42.077000,416.992624275268,14
2024-09-16 14:56:42.116000,416.98367892440496,996
2024-09-16 14:56:42.141000,417.0459545948628,1002
2024-09-16 14:56:42.196000,416.9916137641328,998
2024-09-16 14:56:42.268000,417.0174865703348,1000
2024-09-16 14:56:42.296000,417.0428649757669,100
2024-09-16 14:56:42.378000,416.99216784779554,11
2024-09-16 14:56:42.421000,417.0315659800659,1005
2024-09-16 14:56:42.450000,417.0594681377708,1002
2024-09-16 14:56:42.467000,417.0181152708125,95
2024-09-16 14:56:42.489000,417.0424526809962,100
2024-09-16 14:56:42.512000,416.9777314985072,13
2024-09-16 14:56:42.583000,416.9888959574278,1002
2024-09-16 14:56:42.624000,417.0329903465663,999
2024-09-16 14:56:42.647000,416.9947312514802,1003
2024-09-16 14:56:42.755000,417.0205240424394,9
2024-09-16 14:56:42.806000,416.9933821312618,97
2024-09-16 14:56:42.845000,416.9935376166522,95
2024-09-16 14:56:42.856000,417.0471329446679,1005
2024-09-16 14:56:42.875000,416.989702961979,13
2024-09-16 14:56:42.890000,417.04565954122376,13
2024-09-16 14:56:42.920000,416.99963061993793,102
2024-09-16 14:56:42.929000,416.997186438622,104
2024-09-16 14:56:42.933000,417.05100339134543,12
2024-09-16 14:56:42.961000,416.9958843186544,101
2024-09-16 14:56:42.978000,417.0213987352456,103
2024-09-16 14:56:43.060000,417.1413217368973,105
2024-09-16 14:56:43.074000,417.06368929516265,95
2024-09-16 14:56:43.194000,417.0865036651253,102
2024-09-16 14:56:43.201000,417.0692178533408,101
2024-09-16 14:56:43.288000,417.0721474009277,7
2024-09-16 14:56:43.301000,417.1282911902019,1000
2024-09-16 14:56:43.350000,417.0515781545974,101
2024-09-16 14:56:43.446000,417.1061893874019,9
2024-09-16 14:56:43.471000,417.0793085147556,1003
2024-09-16 14:56:43.495000,417.0831185335367,1004
2024-09-16 14:56:43.633000,417.13973328461736,1002
2024-09-16 14:56:43.664000,417.09004110061807,995
2024-09-16 14:56:43.683000,417.12615734461417,5
2024-09-16 14:56:43.755000,417.06743434615726,15
2024-09-16 14:56:43.768000,417.0464864971106,100
2024-09-16 14:56:43.785000,417.0625778398429,12
2024-09-16 14:56:43.806000,417.05305367782177,7
2024-09-16 14:56:43.848000,417.1109393356216,95
2024-09-16 14:56:43.856000,417.0484277614354,14
2024-09-16 14:56:43.867000,417.0914516161262,101
2024-09-16 14:56:43.918000,417.0890050656656,14
2024-09-16 14:56:44.074000,417.20480125519833,11
2024-09-16 14:56:44.106000,417.1607157697373,14
2024-09-16 14:56:44.110000,417.1774523862276,1004
2024-09-16 14:56:44.136000,417.2057323021102,104
2024-09-16 14:56:44.144000,417.1818244653672,999
2024-09-16 14:56:44.181000,417.158910753127,95
2024-09-16 14:56:44.316000,417.2166162443642,15
2024-09-16 14:56:44.477000,417.1739228437783,99
2024-09-16 14:56:44.561000,417.2042293920619,1005
2024-09-16 14:56:44.590000,417.2175815247778,10
2024-09-16 14:56:44.680000,417.1652189346077,101
2024-09-16 14:56:44.703000,417.1712708202273,1003
2024-09-16 14:56:44.773000,417.2183482133314,8
2024-09-16 14:56:45.036000,417.0900875561067,13
2024-09-16 14:56:45.071000,417.1339066454871,96
2024-09-16 14:56:45.138000,417.1325209339964,999
2024-09-16 14:56:45.244000,417.1187400594107,104
2024-09-16 14:56:45.304000,417.1203973917687,997
2024-09-16 14:56:45.331000,417.1678995602852,99
2024-09-16 14:56:45.345000,417.1631966940271,1001
2024-09-16 14:56:45.370000,417.07837847714393,11
2024-09-16 14:56:45.384000,417.0814046578816,1002
2024-09-16 14:56:45.431000,417.1240790283919,5
2024-09-16 14:56:45.433000,417.14092891259367,99
2024-09-16 14:56:45.443000,417.0790977009296,13
2024-09-16 14:56:45.448000,417.1108153547168,99
2024-09-16 14:56:45.449000,417.0942449784655,15
2024-09-16 14:56:45.473000,417.0811622715413,105
2024-09-16 14:56:45.492000,417.13765197261614,1001
2024-09-16 14:56:45.589000,417.12326708981846,10
2024-09-16 14:56:45.599000,417.16709798162174,99
2024-09-16 14:56:45.611000,417.170664439709,6
2024-09-16 14:56:45.614000,417.0959446034733,8
2024-09-16 14:56:45.688000,417.1062141644047,5
2024-09-16 14:56:45.789000,417.1195071608741,996
2024-09-16 14:56:45.822000,417.1637404383257,98
2024-09-16 14:56:45.826000,417.0894047006723,1000
2024-09-16 14:56:45.905000,417.1733472852262,5
2024-09-16 14:56:46.013000,417.0741465737491,101
2024-09-16 14:56:46.087000,417.02938712037263,100
2024-09-16 14:56:46.106000,417.0418239002706,12
2024-09-16 14:56:46.119000,417.0835161423936,99
2024-09-16 14:56:46.129000,417.0350353301537,15
2024-09-16 14:56:46.139000,417.0332500005685,996
2024-09-16 14:56:46.144000,417.07146921987993,1005
2024-09-16 14:56:46.235000,417.0372902292223,11
2024-09-16 14:56:46.327000,417.09223612977615,105
2024-09-16 14:56:46.350000,417.051004530212,104
2024-09-16 14:56:46.361000,417.1127904624802,5
2024-09-16 14:56:46.453000,417.0748737164656,1005
2024-09-16 14:56:46.471000,417.0315677397893,7
2024-09-16 14:56:46.620000,417.0485312101389,7
2024-09-16 14:56:46.632000,417.0949459479563,10
2024-09-16 14:56:46.695000,417.0321972011016,5
2024-09-16 14:56:46.742000,417.0286270449452,13
2024-09-16 14:56:46.829000,417.028709085282,100
2024-09-16 14:56:46.829000,417.0439821431309,12
2024-09-16 14:56:46.878000,417.05018959502377,98
2024-09-16 14:56:46.903000,417.11906172091386,95
2024-09-16 14:56:46.904000,417.040255038515,1001
2024-09-16 14:56:46.917000,417.0533800403556,13
2024-09-16 14:56:47.087000,417.0301324920513,12
2024-09-16 14:56:47.106000,417.0341451862576,98
2024-09-16 14:56:47.122000,417.04498478591614,1003
2024-09-16 14:56:47.123000,417.051932261643,14
2024-09-16 14:56:47.202000,417.0061736750209,101
2024-09-16 14:56:47.206000,417.0303112059202,998
2024-09-16 14:56:47.288000,417.0218932606842,7
2024-09-16 14:56:47.412000,417.0350848720073,103
2024-09-16 14:56:47.445000,417.0617853808344,98
2024-09-16 14:56:47.609000,417.0476806259248,1001
2024-09-16 14:56:47.666000,417.040925108896,99
2024-09-16 14:56:47.714000,417.0621709069208,996
2024-09-16 14:56:47.790000,417.0527618885114,99
2024-09-16 14:56:48.155000,417.02142581372254,102
2024-09-16 14:56:49.139000,417.017718134431,98
2024-09-16 14:56:49.164000,417.03079981479823,13
2024-09-16 14:56:49.208000,417.0390841532175,100
2024-09-16 14:56:49.504000,417.041621538998,101
2024-09-16 14:56:49.572000,417.026526746238,996
2024-09-16 14:56:49.816000,417.0307584875285,1003
2024-09-16 14:56:50.089000,417.0576607236871,997
2024-09-16 14:56:50.164000,417.04512272203857,6
2024-09-16 14:56:50.180000,417.04661997039074,6
2024-09-16 14:56:50.199000,417.0243589972904,97
2024-09-16 14:56:50.289000,417.0323893328001,102
2024-09-16 14:56:50.303000,417.0010960378849,103
2024-09-16 14:56:50.334000,417.0514732523145,999
2024-09-16 14:56:50.383000,417.02104062681286,11
2024-09-16 14:56:50.392000,417.0402173878507,14
2024-09-16 14:56:50.488000,417.0222931764826,104
2024-09-16 14:56:50.546000,417.0243230384049,100
2024-09-16 14:56:50.550000,417.01833131809855,105
2024-09-16 14:56:50.557000,417.0071137124085,1004
2024-09-16 14:56:50.640000,417.04901741563407,999
2024-09-16 14:56:50.710000,417.0432505977083,1003
2024-09-16 14:56:50.915000,417.0342775225896,97
2024-09-16 14:56:51.108000,417.0177088770448,996
2024-09-16 14:56:51.136000,417.0302593955316,98
2024-09-16 14:56:51.150000,417.0132311585655,105
2024-09-16 14:56:51.166000,417.01320421665616,1003
2024-09-16 14:56:51.167000,417.0305612789003,11
2024-09-16 14:56:51.215000,417.0147372506577,12
2024-09-16 14:56:51.276000,417.0128394731402,100
2024-09-16 14:56:51.336000,417.0100882075861,13
2024-09-16 14:56:51.516000,417.0063008170965,103
2024-09-16 14:56:51.559000,417.0124920553709,12
2024-09-16 14:56:51.699000,417.005325903449,103
2024-09-16 14:56:51.732000,417.0535126314864,1003
2024-09-16 14:56:51.734000,417.03102454544734,101
2024-09-16 14:56:51.740000,416.995583449948,104
2024-09-16 14:56:51.819000,417.004483174654,1000
2024-09-16 14:56:51.944000,417.0307942314492,12
2024-09-16 14:56:51.991000,417.053892426726,95
2024-09-16 14:56:52.057000,416.9595687576044,97
2024-09-16 14:56:52.113000,416.9986779939792,98
2024-09-16 14:56:52.278000,416.9686009827163,96
2024-09-16 14:56:52.392000,416.99138382535006,998
2024-09-16 14:56:52.741000,416.9805821354239,1005
2024-09-16 14:56:53.066000,417.0033485420808,13
2024-09-16 14:56:53.091000,417.0301254575965,98
2024-09-16 14:56:53.122000,417.0292848702448,12
2024-09-16 14:56:53.150000,417.0412764634664,1003
2024-09-16 14:56:53.213000,417.03669220417856,6
2024-09-16 14:56:53.296000,417.08191821992375,997
2024-09-16 14:56:53.328000,417.084428470587,7
2024-09-16 14:56:53.407000,417.031068128552,97
2024-09-16 14:56:53.409000,417.0463761403584,100
2024-09-16 14:56:53.447000,417.0790657666274,102
2024-09-16 14:56:53.452000,416.9780122176284,99
2024-09-16 14:56:53.466000,417.03926816304295,98
2024-09-16 14:56:53.508000,417.0470061532794,5
2024-09-16 14:56:53.587000,417.0806136259535,995
2024-09-16 14:56:53.601000,417.02518583152136,98
2024-09-16 14:56:53.612000,416.9996222723589,100
2024-09-16 14:56:53.615000,417.0457363432452,1001
2024-09-16 14:56:53.711000,417.0081280960373,103
2024-09-16 14:56:53.723000,417.0255580732965,1000
2024-09-16 14:56:53.736000,417.08771430374014,102
2024-09-16 14:56:53.792000,417.044109591515,13
2024-09-16 14:56:53.814000,417.0139484704814,100
2024-09-16 14:56:53.840000,417.0072143206496,15
2024-09-16 14:56:53.852000,417.0372174468821,15
2024-09-16 14:56:54.059000,417.0974606114329,102
2024-09-16 14:56:54.071000,417.1275208592805,99
2024-09-16 14:56:54.083000,417.09780196643385,997
2024-09-16 14:56:54.307000,417.1196334225143,1002
2024-09-16 14:56:54.421000,417.078613333672,996
2024-09-16 14:56:54.463000,417.1405141916163,1000
2024-09-16 14:56:54.538000,417.1032912040676,11
2024-09-16 14:56:54.672000,417.08486556261096,12
2024-09-16 14:56:54.680000,417.1198162502455,96
2024-09-16 14:56:54.721000,417.1302424550103,1002
2024-09-16 14:56:54.766000,417.1119578530505,105
2024-09-16 14:56:54.817000,417.11546576584414,104
2024-09-16 14:56:54.820000,417.09074863061306,1000
2024-09-16 14:56:54.888000,417.1201151172037,1002
2024-09-16 14:56:54.938000,417.1240714665474,7
2024-09-16 14:56:54.944000,417.13230810546366,1003
2024-09-16 14:56:54.945000,417.13496145952297,95
2024-09-16 14:56:54.978000,417.0974821430837,1005
2024-09-16 14:56:54.979000,417.1067533573493,1000
2024-09-16 14:56:54.994000,417.1048206764137,95
2024-09-16 14:56:55.313000,417.12241280183497,1004
2024-09-16 14:56:55.399000,417.1211836928544,995
2024-09-16 14:56:55.441000,417.134466045791,995
2024-09-16 14:56:55.772000,417.12227531479056,15
2024-09-16 14:56:55.782000,417.14128366939406,998
2024-09-16 14:56:55.856000,417.1232819465399,1000
2024-09-16 14:56:55.902000,417.14057395834175,10
2024-09-16 14:56:56.120000,417.1383325400711,1004
2024-09-16 14:56:56.356000,417.16447085046144,102
2024-09-16 14:56:56.374000,417.1748956577149,999
2024-09-16 14:56:56.426000,417.118508954167,996
2024-09-16 14:56:56.427000,417.1472215584437,8
2024-09-16 14:56:56.450000,417.1309112822327,1004
2024-09-16 14:56:56.491000,417.14986289161465,98
2024-09-16 14:56:56.528000,417.12442419909553,7
2024-09-16 14:56:56.568000,417.1290764915796,9
2024-09-16 14:56:56.573000,417.1287242117442,1001
2024-09-16 14:56:56.592000,417.1096495632745,1005
2024-09-16 14:56:56.611000,417.1184799456026,9
2024-09-16 14:56:56.612000,417.0910406220783,1000
2024-09-16 14:56:56.641000,417.1218202010144,101
2024-09-16 14:56:56.692000,417.17201320873096,1004
2024-09-16 14:56:56.699000,417.15725272387664,999
2024-09-16 14:56:56.708000,417.1492564392632,9
2024-09-16 14:56:56.740000,417.1349524909952,995
2024-09-16 14:56:56.772000,417.1484168673436,6
2024-09-16 14:56:56.799000,417.12539196063,7
2024-09-16 14:56:56.820000,417.1624617671045,104
2024-09-16 14:56:56.826000,417.1170240362287,7
2024-09-16 14:56:56.866000,417.156244192169,999
2024-09-16 14:56:56.871000,417.16685123005857,95
2024-09-16 14:56:56.913000,417.1337238888809,14
2024-09-16 14:56:56.949000,417.1214284415453,97
2024-09-16 14:56:56.950000,417.1205221652737,996
2024-09-16 14:56:57.002000,417.0456996585248,104
2024-09-16 14:56:57.113000,417.0242544992026,11
2024-09-16 14:56:57.113000,417.0392451710376,7
2024-09-16 14:56:57.171000,417.0348809512501,99
2024-09-16 14:56:57.205000,417.0320533828119,99
2024-09-16 14:56:57.213000,417.0112549806068,995
2024-09-16 14:56:57.233000,417.0603621029995,13
2024-09-16 14:56:57.278000,417.02770933709166,999
2024-09-16 14:56:57.318000,417.0387294047768,105
2024-09-16 14:56:57.377000,417.05104295495386,13
2024-09-16 14:56:57.415000,417.01171879764775,12
2024-09-16 14:56:57.459000,417.03388192177925,1003
2024-09-16 14:56:57.466000,417.0418495149453,15
2024-09-16 14:56:57.513000,417.02080670366246,10
2024-09-16 14:56:57.526000,417.0189421771519,1003
2024-09-16 14:56:57.529000,417.0252448616104,7
2024-09-16 14:56:57.586000,417.0480337234993,101
2024-09-16 14:56:57.693000,417.0580782084444,7
2024-09-16 14:56:57.699000,417.0240988520618,998
2024-09-16 14:56:57.812000,417.043645640624,1000
2024-09-16 14:56:57.846000,418.6488334112308,10
2024-09-16 14:56:57.866000,417.05722049158345,1002
2024-09-16 14:56:57.903000,417.0143732201795,99
2024-09-16 14:56:57.972000,417.0226731366284,100
2024-09-16 14:56:57.974000,417.077378570982,13
2024-09-16 14:56:57.977000,417.0470409070304,103
2024-09-16 14:56:57.992000,418.6489926265687,997
2024-09-16 14:56:58.707000,416.9999882490768,102
