Timestamp,Price,Size
2024-09-18 13:15:00.009000,416.13264198034017,9
2024-09-18 13:15:00.014000,416.1695474648227,97
2024-09-18 13:15:00.104000,416.13788934870735,101
2024-09-18 13:15:00.108000,416.121377123974,1005
2024-09-18 13:15:00.377000,416.1277752503248,6
2024-09-18 13:15:00.395000,416.1475248467928,96
2024-09-18 13:15:00.511000,416.162350913385,15
2024-09-18 13:15:00.585000,416.1642780504433,8
2024-09-18 13:15:00.617000,416.1437692391119,103
2024-09-18 13:15:00.712000,416.13905089497325,101
2024-09-18 13:15:00.920000,416.1392374253374,1000
2024-09-18 13:15:00.970000,416.1690329617092,5
2024-09-18 13:15:01.027000,416.13328830704654,1001
2024-09-18 13:15:01.136000,416.1608655476784,1003
2024-09-18 13:15:01.143000,416.1504077423583,99
2024-09-18 13:15:01.160000,416.1186385351394,12
2024-09-18 13:15:01.232000,416.1548547913936,997
2024-09-18 13:15:01.271000,416.14212207599513,999
2024-09-18 13:15:01.286000,416.1571555207296,13
2024-09-18 13:15:01.449000,416.15414243444616,997
2024-09-18 13:15:01.457000,416.1576263589806,1003
2024-09-18 13:15:01.484000,416.1357098452546,12
2024-09-18 13:15:01.492000,416.1498944488299,997
2024-09-18 13:15:01.493000,416.12109647393146,998
2024-09-18 13:15:01.501000,416.12692519340607,8
2024-09-18 13:15:01.506000,416.1332232685396,6
2024-09-18 13:15:01.519000,416.1464155909569,5
2024-09-18 13:15:01.522000,416.12705035154937,6
2024-09-18 13:15:01.730000,416.1635218853523,1003
2024-09-18 13:15:01.748000,416.1283096484474,96
2024-09-18 13:15:01.844000,416.1375429500848,95
2024-09-18 13:15:01.858000,416.1346004645031,13
2024-09-18 13:15:01.867000,416.1154206172807,101
2024-09-18 13:15:02.015000,416.1387265207013,1000
2024-09-18 13:15:02.022000,416.12742532839513,1003
2024-09-18 13:15:02.040000,416.1909978671252,1004
2024-09-18 13:15:02.084000,416.1655097892789,103
2024-09-18 13:15:02.091000,416.1822283757795,995
2024-09-18 13:15:02.095000,416.1656711500596,14
2024-09-18 13:15:02.190000,416.1211806790181,1005
2024-09-18 13:15:02.215000,416.18874128845295,101
2024-09-18 13:15:02.275000,416.1219452534623,998
2024-09-18 13:15:02.385000,416.1670834259706,1004
2024-09-18 13:15:02.391000,416.19132664932687,100
2024-09-18 13:15:02.490000,416.1783268564565,104
2024-09-18 13:15:02.552000,416.1566609112373,15
2024-09-18 13:15:02.593000,416.17662267877,97
2024-09-18 13:15:02.600000,416.1423999850665,103
2024-09-18 13:15:02.677000,416.135943841167,103
2024-09-18 13:15:02.707000,416.1601072062997,6
2024-09-18 13:15:02.781000,416.116362373853,5
2024-09-18 13:15:02.799000,416.1810152313537,95
2024-09-18 13:15:02.867000,416.1757874022968,105
2024-09-18 13:15:02.895000,416.1837756569003,99
2024-09-18 13:15:02.896000,416.1771918573095,1005
2024-09-18 13:15:02.922000,416.14810809325166,999
2024-09-18 13:15:02.929000,416.1996304285012,105
2024-09-18 13:15:02.978000,416.12329398394513,101
2024-09-18 13:15:03.062000,416.13993964208623,7
2024-09-18 13:15:03.108000,416.13783376498185,103
2024-09-18 13:15:03.155000,416.0889960436117,995
2024-09-18 13:15:03.180000,416.1314016454264,1004
2024-09-18 13:15:03.194000,416.0997377778449,95
2024-09-18 13:15:03.212000,416.1961076902689,102
2024-09-18 13:15:03.229000,416.1316109549372,7
2024-09-18 13:15:03.255000,416.1513786294258,1004
2024-09-18 13:15:03.282000,416.13623684759926,999
2024-09-18 13:15:03.447000,416.1044566380352,996
2024-09-18 13:15:03.458000,416.1660390141146,1001
2024-09-18 13:15:03.464000,416.1922299231109,99
2024-09-18 13:15:03.468000,416.0966746640842,998
2024-09-18 13:15:03.497000,416.1470727778671,95
2024-09-18 13:15:03.510000,416.1266482242127,1000
2024-09-18 13:15:03.514000,416.14313037649583,97
2024-09-18 13:15:03.520000,416.1454551218175,998
2024-09-18 13:15:03.528000,416.1421715611655,8
2024-09-18 13:15:03.580000,416.1050978157109,102
2024-09-18 13:15:03.664000,416.18663744182254,998
2024-09-18 13:15:03.690000,416.12332693742576,100
2024-09-18 13:15:03.691000,416.1228216296389,13
2024-09-18 13:15:03.704000,416.1413563163089,97
2024-09-18 13:15:03.814000,416.1525240383038,97
2024-09-18 13:15:03.873000,416.14007765177377,14
2024-09-18 13:15:03.892000,416.1110704592651,9
2024-09-18 13:15:03.941000,416.1355981289272,99
2024-09-18 13:15:03.971000,416.1612730004904,995
2024-09-18 13:15:04.013000,416.1269626601338,102
2024-09-18 13:15:04.038000,416.1450032236979,998
2024-09-18 13:15:04.181000,416.0988348897551,95
2024-09-18 13:15:04.269000,416.1103670250193,97
2024-09-18 13:15:04.271000,416.1117160330034,7
2024-09-18 13:15:04.315000,416.13283137459104,1004
2024-09-18 13:15:04.875000,416.1068522925969,96
2024-09-18 13:15:04.919000,416.13377381075634,10
2024-09-18 13:15:04.971000,416.120323491362,12
2024-09-18 13:15:05.007000,416.1448035071345,96
2024-09-18 13:15:05.007000,416.12607931625104,10
2024-09-18 13:15:05.019000,416.15533149703447,12
2024-09-18 13:15:05.115000,416.1849628351217,100
2024-09-18 13:15:05.174000,416.1874488838562,99
2024-09-18 13:15:05.194000,416.1757369241297,105
2024-09-18 13:15:05.198000,416.14373891915216,98
2024-09-18 13:15:05.232000,416.15404178546544,9
2024-09-18 13:15:05.264000,416.169057685644,997
2024-09-18 13:15:05.315000,416.1834306742485,999
2024-09-18 13:15:05.360000,416.1468097365391,998
2024-09-18 13:15:05.481000,416.1269268747144,996
2024-09-18 13:15:05.485000,416.15067538963007,100
2024-09-18 13:15:05.542000,416.1703986065082,12
2024-09-18 13:15:05.570000,416.1275385030961,96
2024-09-18 13:15:05.635000,416.1702777486644,100
2024-09-18 13:15:05.666000,416.1595216097581,9
2024-09-18 13:15:05.669000,416.144912764904,102
2024-09-18 13:15:05.676000,416.1464868696742,101
2024-09-18 13:15:05.721000,416.1732460285429,7
2024-09-18 13:15:05.743000,416.1856786122885,95
2024-09-18 13:15:05.825000,416.1974017290655,95
2024-09-18 13:15:05.826000,416.15797815463054,996
2024-09-18 13:15:05.843000,416.1709717666172,104
2024-09-18 13:15:05.864000,416.1408266700323,13
2024-09-18 13:15:05.877000,416.1909609692746,6
2024-09-18 13:15:05.951000,416.1821736464057,98
2024-09-18 13:15:06.095000,416.1651604282635,6
2024-09-18 13:15:06.123000,416.1839305741368,100
2024-09-18 13:15:06.200000,416.1335894914218,15
2024-09-18 13:15:06.281000,416.1454230979472,1001
2024-09-18 13:15:06.366000,416.1622307919824,1001
2024-09-18 13:15:06.379000,416.1424755550902,995
2024-09-18 13:15:06.395000,416.1531100856664,995
2024-09-18 13:15:06.651000,416.1692166420327,1004
2024-09-18 13:15:06.768000,416.158614355494,7
2024-09-18 13:15:06.782000,416.17061755525566,995
2024-09-18 13:15:06.793000,416.1720708220035,9
2024-09-18 13:15:06.822000,416.1524284181747,101
2024-09-18 13:15:06.830000,416.1439932414072,10
2024-09-18 13:15:07.044000,416.19751831180577,11
2024-09-18 13:15:07.099000,416.1775085362815,998
2024-09-18 13:15:07.258000,416.1819965758282,9
2024-09-18 13:15:07.266000,416.1975425817829,1005
2024-09-18 13:15:07.280000,416.1313807551184,96
2024-09-18 13:15:07.384000,416.1771533148884,102
2024-09-18 13:15:07.391000,416.1631979376327,1005
2024-09-18 13:15:07.521000,416.20037111128886,1002
2024-09-18 13:15:07.521000,416.2065904374311,996
2024-09-18 13:15:07.651000,416.1210526371971,7
2024-09-18 13:15:07.717000,416.1374722879496,998
2024-09-18 13:15:07.826000,416.1878704346212,1003
2024-09-18 13:15:07.836000,416.1574686828964,103
2024-09-18 13:15:07.865000,416.14804555595,1001
2024-09-18 13:15:07.923000,416.1722980526424,104
2024-09-18 13:15:07.974000,416.2003428894835,1001
2024-09-18 13:15:07.994000,416.1830751948483,13
2024-09-18 13:15:08,416.260428433434,97
2024-09-18 13:15:08.022000,416.2778757494032,98
2024-09-18 13:15:08.045000,416.2795877291734,13
2024-09-18 13:15:08.055000,416.2645603202273,100
2024-09-18 13:15:08.162000,416.2633258940296,9
2024-09-18 13:15:08.175000,416.2470137983447,15
2024-09-18 13:15:08.184000,416.2490792372205,9
2024-09-18 13:15:08.218000,416.280940504696,101
2024-09-18 13:15:08.251000,416.2427374589976,8
2024-09-18 13:15:08.288000,416.27094832818665,15
2024-09-18 13:15:08.306000,416.2416210311373,1000
2024-09-18 13:15:08.317000,416.24006271994176,14
2024-09-18 13:15:08.435000,416.2781228518599,998
2024-09-18 13:15:08.435000,416.2816844929358,7
2024-09-18 13:15:08.505000,416.2688862343524,96
2024-09-18 13:15:08.516000,416.26934119175286,1003
2024-09-18 13:15:08.540000,416.2344185531736,5
2024-09-18 13:15:08.707000,416.23772543109686,1000
2024-09-18 13:15:08.714000,416.2215816451644,1004
2024-09-18 13:15:08.734000,416.26902740574207,996
2024-09-18 13:15:08.771000,416.2764839710219,101
2024-09-18 13:15:08.939000,416.2861668031061,12
2024-09-18 13:15:08.990000,416.2533145634555,12
2024-09-18 13:15:09.095000,416.285885263419,997
2024-09-18 13:15:09.118000,416.219930814911,98
2024-09-18 13:15:09.241000,416.2170438676999,10
2024-09-18 13:15:09.253000,416.2304644320867,1001
2024-09-18 13:15:09.377000,416.2219836407987,11
2024-09-18 13:15:09.566000,416.2586064152598,103
2024-09-18 13:15:09.569000,416.28544224315647,103
2024-09-18 13:15:09.594000,416.2744965670299,99
2024-09-18 13:15:09.826000,416.2485967917729,1001
2024-09-18 13:15:10.029000,416.1820666326881,996
2024-09-18 13:15:10.059000,416.17025296789615,13
2024-09-18 13:15:10.068000,416.1645368318235,10
2024-09-18 13:15:10.146000,416.1480714966409,15
2024-09-18 13:15:10.239000,416.1384601561341,998
2024-09-18 13:15:10.316000,416.1836531100855,11
2024-09-18 13:15:10.364000,416.1516002614919,98
2024-09-18 13:15:10.449000,416.16119422973264,15
2024-09-18 13:15:10.541000,416.1597247566215,7
2024-09-18 13:15:10.566000,416.1663351788547,103
2024-09-18 13:15:10.585000,416.1461982752471,1001
2024-09-18 13:15:10.596000,416.1739480335471,8
2024-09-18 13:15:10.686000,416.2231400741194,12
2024-09-18 13:15:10.726000,416.1614256607974,998
2024-09-18 13:15:10.840000,416.17979856897625,7
2024-09-18 13:15:10.884000,416.2037694729206,10
2024-09-18 13:15:11.938000,416.1373091771111,998
2024-09-18 13:15:12.016000,416.1583365292911,103
2024-09-18 13:15:12.021000,416.16786946866586,104
2024-09-18 13:15:12.050000,416.1535858197682,10
2024-09-18 13:15:12.103000,416.1753645375932,6
2024-09-18 13:15:12.229000,416.16855062866927,10
2024-09-18 13:15:12.262000,416.1676562086752,996
2024-09-18 13:15:12.263000,416.1753909453045,102
2024-09-18 13:15:12.351000,416.1359982652091,1004
2024-09-18 13:15:12.408000,416.1495604816835,15
2024-09-18 13:15:12.492000,416.1390014813305,6
2024-09-18 13:15:12.522000,416.167463435511,103
2024-09-18 13:15:12.638000,416.1226038695157,10
2024-09-18 13:15:12.697000,416.1355290001581,1001
2024-09-18 13:15:12.745000,416.16295828132553,10
2024-09-18 13:15:12.758000,416.1479407210099,13
2024-09-18 13:15:12.766000,416.1821820535749,103
2024-09-18 13:15:12.843000,416.15868432311447,9
2024-09-18 13:15:12.899000,416.1196816528079,12
2024-09-18 13:15:12.920000,416.13169047677854,996
2024-09-18 13:15:12.981000,416.16632124782967,99
2024-09-18 13:15:12.997000,416.17200246585554,103
2024-09-18 13:15:13.116000,416.19320046606487,96
2024-09-18 13:15:13.118000,416.1724314894105,98
2024-09-18 13:15:13.180000,416.1926675486113,98
2024-09-18 13:15:13.220000,416.22111296770805,103
2024-09-18 13:15:13.306000,416.1775542498502,8
2024-09-18 13:15:13.310000,416.2217524349712,999
2024-09-18 13:15:13.430000,416.1878929191983,995
2024-09-18 13:15:13.467000,416.1949281386536,101
2024-09-18 13:15:13.607000,416.21779720250015,1001
2024-09-18 13:15:13.651000,416.2120234312935,98
2024-09-18 13:15:13.715000,416.1852095157536,9
2024-09-18 13:15:13.904000,416.1914697058649,102
2024-09-18 13:15:13.927000,416.2094970655551,997
2024-09-18 13:15:14.009000,416.28088810021166,97
2024-09-18 13:15:14.018000,416.29147353240137,996
2024-09-18 13:15:14.021000,416.2731580210739,12
2024-09-18 13:15:14.057000,416.2690439547061,102
2024-09-18 13:15:14.063000,416.2658399432361,100
2024-09-18 13:15:14.195000,416.2718719723299,14
2024-09-18 13:15:14.249000,416.29994973190463,9
2024-09-18 13:15:14.311000,416.2527923287237,7
2024-09-18 13:15:14.325000,416.2942829152871,100
2024-09-18 13:15:14.358000,416.2681492889601,5
2024-09-18 13:15:14.431000,416.2563289971658,105
2024-09-18 13:15:14.439000,416.27415989909343,1001
2024-09-18 13:15:14.622000,416.2325278309782,7
2024-09-18 13:15:14.631000,416.2546117076973,996
2024-09-18 13:15:14.661000,416.26495401328566,998
2024-09-18 13:15:14.671000,416.26181052932577,97
2024-09-18 13:15:14.713000,416.2687971788356,101
2024-09-18 13:15:14.748000,416.2559912486876,7
2024-09-18 13:15:14.763000,416.2849566934784,12
2024-09-18 13:15:14.782000,416.254475217316,1005
2024-09-18 13:15:14.785000,416.2225190079903,1003
2024-09-18 13:15:14.856000,416.2413949349694,100
2024-09-18 13:15:14.873000,416.2695548873888,100
2024-09-18 13:15:14.948000,416.239427883412,99
2024-09-18 13:15:15.165000,416.29582377646926,97
2024-09-18 13:15:15.166000,416.2815037149527,996
2024-09-18 13:15:15.242000,416.27834652261726,995
2024-09-18 13:15:15.266000,416.2707173504705,1002
2024-09-18 13:15:15.338000,416.31257244534106,95
2024-09-18 13:15:15.621000,416.2807850733261,105
2024-09-18 13:15:15.713000,416.28329947129566,95
2024-09-18 13:15:15.747000,416.29490239767824,99
2024-09-18 13:15:15.841000,416.29468303889735,1000
2024-09-18 13:15:15.881000,416.2798290905126,1000
2024-09-18 13:15:15.913000,416.2760536813741,995
2024-09-18 13:15:15.919000,416.2701521092776,999
2024-09-18 13:15:15.928000,416.3083485142705,995
2024-09-18 13:15:15.951000,416.2802180485749,997
2024-09-18 13:15:15.952000,416.2813571661457,15
2024-09-18 13:15:15.974000,416.3033945241772,13
2024-09-18 13:15:15.981000,416.2715544726947,1000
2024-09-18 13:15:16.505000,416.28782602645686,998
2024-09-18 13:15:17.048000,416.2783935214866,11
2024-09-18 13:15:17.150000,416.2743892080673,13
2024-09-18 13:15:17.170000,416.2802833342928,15
2024-09-18 13:15:17.171000,416.24370638144137,8
2024-09-18 13:15:17.193000,416.2321772570941,1001
2024-09-18 13:15:17.208000,416.29119364824896,97
2024-09-18 13:15:17.360000,416.3029577010085,11
2024-09-18 13:15:17.392000,416.2481619724944,97
2024-09-18 13:15:17.439000,416.29424476349897,1002
2024-09-18 13:15:17.556000,416.262284040462,8
2024-09-18 13:15:17.558000,416.2332056114536,1003
2024-09-18 13:15:17.631000,416.25501470853726,98
2024-09-18 13:15:17.694000,416.2652027080494,103
2024-09-18 13:15:17.700000,416.2844488103224,96
2024-09-18 13:15:17.705000,416.3017327849467,11
2024-09-18 13:15:17.718000,416.247273450446,14
2024-09-18 13:15:17.952000,416.2451631065953,1000
2024-09-18 13:15:17.964000,416.2639841070231,1004
2024-09-18 13:15:17.998000,416.2434273415915,101
2024-09-18 13:15:18.078000,416.31344830431607,1004
2024-09-18 13:15:18.208000,416.3330224132393,101
2024-09-18 13:15:18.286000,416.35597375550174,102
2024-09-18 13:15:18.328000,416.3375148988679,997
2024-09-18 13:15:18.349000,416.3420358597086,998
2024-09-18 13:15:18.354000,416.3258023372629,1002
2024-09-18 13:15:18.418000,416.32142152471806,7
2024-09-18 13:15:18.426000,416.3465791631546,103
2024-09-18 13:15:18.448000,416.3221239979416,998
2024-09-18 13:15:18.552000,416.3347932191333,1002
2024-09-18 13:15:18.555000,416.3052505348712,13
2024-09-18 13:15:18.698000,416.32462374753504,7
2024-09-18 13:15:18.710000,416.3274808598848,103
2024-09-18 13:15:18.783000,416.3596251418238,98
2024-09-18 13:15:18.875000,416.3221337398709,998
2024-09-18 13:15:18.897000,416.3294825806892,11
2024-09-18 13:15:18.978000,416.3414364456064,1001
2024-09-18 13:15:19.035000,416.36714009502833,5
2024-09-18 13:15:19.120000,416.34876595444655,9
2024-09-18 13:15:19.155000,416.3344706024106,10
2024-09-18 13:15:19.216000,416.3467542700858,98
2024-09-18 13:15:19.242000,416.36697284866426,995
2024-09-18 13:15:19.311000,416.3501830883778,8
2024-09-18 13:15:19.343000,416.315238589859,1005
2024-09-18 13:15:19.473000,416.3254509936436,13
2024-09-18 13:15:19.483000,416.3186834031733,1001
2024-09-18 13:15:19.486000,416.3293748743419,11
2024-09-18 13:15:19.574000,416.33901720885655,997
2024-09-18 13:15:19.582000,416.33252269041935,998
2024-09-18 13:15:19.596000,416.3251327908508,1002
2024-09-18 13:15:19.640000,416.33125588246537,1005
2024-09-18 13:15:19.643000,416.355822483276,996
2024-09-18 13:15:19.653000,416.35729852111257,103
2024-09-18 13:15:19.761000,416.333808497966,15
2024-09-18 13:15:19.827000,416.3703563082321,101
2024-09-18 13:15:19.885000,416.3388796775462,15
2024-09-18 13:15:19.946000,416.3466420841325,103
2024-09-18 13:15:19.990000,416.3273330615609,1003
2024-09-18 13:15:20.040000,416.35614154828096,100
2024-09-18 13:15:20.060000,416.3382627427241,99
2024-09-18 13:15:20.072000,416.3874526594955,97
2024-09-18 13:15:20.107000,416.3149054036651,5
2024-09-18 13:15:20.108000,416.3548981963722,997
2024-09-18 13:15:20.110000,416.3450608156457,998
2024-09-18 13:15:20.116000,416.3484314968508,997
2024-09-18 13:15:20.127000,416.3502492338866,103
2024-09-18 13:15:20.130000,416.336179668063,7
2024-09-18 13:15:20.144000,416.349923342608,103
2024-09-18 13:15:20.155000,416.3913747619946,105
2024-09-18 13:15:20.174000,416.4077164209268,12
2024-09-18 13:15:20.218000,416.3318759783768,9
2024-09-18 13:15:20.234000,416.3349008322904,103
2024-09-18 13:15:20.237000,416.4028507954785,6
2024-09-18 13:15:20.249000,416.3540416019918,995
2024-09-18 13:15:20.277000,416.31981062814543,1000
2024-09-18 13:15:20.280000,416.3323976871768,1000
2024-09-18 13:15:20.482000,416.3476700380978,997
2024-09-18 13:15:20.521000,416.329861406386,998
2024-09-18 13:15:20.581000,416.3361701107294,1005
2024-09-18 13:15:20.598000,416.3515540968926,98
2024-09-18 13:15:20.637000,416.3455785891568,7
2024-09-18 13:15:20.738000,416.3538589306684,998
2024-09-18 13:15:20.771000,416.319817470312,996
2024-09-18 13:15:20.813000,416.3641872792204,95
2024-09-18 13:15:20.910000,416.3340605069824,101
2024-09-18 13:15:20.914000,416.3443199779869,103
2024-09-18 13:15:20.961000,416.34855625474495,13
2024-09-18 13:15:21.126000,416.3808306187523,5
2024-09-18 13:15:21.200000,416.3819015893975,1005
2024-09-18 13:15:21.210000,416.3893424120539,995
2024-09-18 13:15:21.603000,416.4118088947016,98
2024-09-18 13:15:21.735000,416.3700436978164,10
2024-09-18 13:15:21.750000,416.38027713428505,1005
2024-09-18 13:15:22.205000,416.378326994128,997
2024-09-18 13:15:22.337000,416.3736006509389,1000
2024-09-18 13:15:22.378000,416.4005752712762,5
2024-09-18 13:15:22.596000,416.3961438883788,1002
2024-09-18 13:15:22.798000,416.4010356928072,10
2024-09-18 13:15:23.039000,416.3461892099703,1002
2024-09-18 13:15:23.115000,416.3782842522446,95
2024-09-18 13:15:23.119000,416.3900556767553,996
2024-09-18 13:15:23.135000,416.4024191729264,105
2024-09-18 13:15:23.230000,416.3538432593614,10
2024-09-18 13:15:23.249000,416.3571971018341,9
2024-09-18 13:15:23.396000,416.3630272421957,998
2024-09-18 13:15:23.453000,416.353784928693,15
2024-09-18 13:15:23.495000,416.4118835408195,14
2024-09-18 13:15:23.500000,416.41185978744784,13
2024-09-18 13:15:23.503000,416.3413501882847,1004
2024-09-18 13:15:23.507000,416.3699879684625,1002
2024-09-18 13:15:23.599000,416.3683464487544,101
2024-09-18 13:15:23.678000,416.3498553139152,103
2024-09-18 13:15:23.756000,416.3582566073123,97
2024-09-18 13:15:23.767000,416.3568613326093,998
2024-09-18 13:15:23.861000,416.36067773063496,8
2024-09-18 13:15:23.917000,416.3385202197025,12
2024-09-18 13:15:24.002000,416.3660016327011,104
2024-09-18 13:15:24.084000,416.3542077083771,97
2024-09-18 13:15:24.139000,416.3499177700054,11
2024-09-18 13:15:24.607000,416.3582398437939,7
2024-09-18 13:15:24.830000,416.35203969145385,5
2024-09-18 13:15:24.879000,416.3504823366159,9
2024-09-18 13:15:25.017000,416.3725071814114,13
2024-09-18 13:15:25.063000,416.3626112290944,104
2024-09-18 13:15:25.186000,416.3649177545849,1003
2024-09-18 13:15:25.247000,416.369477243113,996
2024-09-18 13:15:25.250000,416.37979108778507,100
2024-09-18 13:15:25.310000,416.3649911896324,103
2024-09-18 13:15:25.357000,416.36235687482383,11
2024-09-18 13:15:25.419000,416.370072014668,15
2024-09-18 13:15:25.426000,416.3464311881856,13
2024-09-18 13:15:25.427000,416.4081797805329,101
2024-09-18 13:15:25.453000,416.3459678157147,995
2024-09-18 13:15:25.476000,416.3454814724121,14
2024-09-18 13:15:25.497000,416.3420202443047,97
2024-09-18 13:15:25.521000,416.3454967130246,11
2024-09-18 13:15:25.540000,416.3607408388102,997
2024-09-18 13:15:25.637000,416.3508213256849,96
2024-09-18 13:15:25.651000,416.35893664181634,102
2024-09-18 13:15:25.798000,416.410087980073,15
2024-09-18 13:15:25.844000,416.3415252862565,1000
2024-09-18 13:15:25.873000,416.41645889068593,1002
2024-09-18 13:15:25.959000,416.3550899998233,999
2024-09-18 13:15:25.967000,416.3967279148919,95
2024-09-18 13:15:25.984000,416.3603746666104,13
2024-09-18 13:15:26.150000,416.4646327283772,1004
2024-09-18 13:15:26.220000,416.4757249516719,100
2024-09-18 13:15:26.595000,416.4876094370618,1001
2024-09-18 13:15:26.598000,416.4615566963167,996
2024-09-18 13:15:26.702000,416.4327019888507,1004
2024-09-18 13:15:26.774000,416.493914406069,1003
2024-09-18 13:15:26.813000,416.4809245587839,103
2024-09-18 13:15:26.821000,416.5098935386861,102
2024-09-18 13:15:26.847000,416.4750419353538,105
2024-09-18 13:15:26.860000,416.4514150738253,105
2024-09-18 13:15:26.870000,416.488181321585,102
2024-09-18 13:15:26.989000,416.4718370573748,7
2024-09-18 13:15:27.798000,416.5066138984255,95
2024-09-18 13:15:28.026000,416.617536808049,105
2024-09-18 13:15:28.077000,416.5194147276021,102
2024-09-18 13:15:28.093000,416.49746313044113,100
2024-09-18 13:15:28.145000,416.5032391797897,995
2024-09-18 13:15:28.173000,416.4957191817744,98
2024-09-18 13:15:28.229000,416.4948334451699,1001
2024-09-18 13:15:28.320000,416.4672501983584,997
2024-09-18 13:15:28.339000,416.61331486905664,102
2024-09-18 13:15:28.457000,416.613006562158,105
2024-09-18 13:15:28.499000,416.4795934573572,99
2024-09-18 13:15:28.540000,416.5144488955221,13
2024-09-18 13:15:28.626000,416.5395872913376,96
2024-09-18 13:15:28.652000,416.5178945255874,1003
2024-09-18 13:15:28.722000,416.4793775385049,105
2024-09-18 13:15:28.778000,416.5222724622918,998
2024-09-18 13:15:28.852000,416.4970162512876,105
2024-09-18 13:15:28.853000,416.5903450306089,96
2024-09-18 13:15:28.954000,416.4939014640216,104
2024-09-18 13:15:28.989000,416.55828834580296,999
2024-09-18 13:15:28.996000,416.5148230276256,996
2024-09-18 13:15:29.299000,416.6174702788935,10
2024-09-18 13:15:29.522000,416.6303071771021,999
2024-09-18 13:15:29.741000,416.6114837231628,999
2024-09-18 13:15:29.793000,416.6008925648465,997
2024-09-18 13:15:29.873000,416.6191582707793,1005
2024-09-18 13:15:29.952000,416.6425090999648,11
2024-09-18 13:15:31.468000,416.64150258269353,8
2024-09-18 13:15:31.516000,416.6399922176884,7
2024-09-18 13:15:31.525000,416.6454469340563,101
2024-09-18 13:15:31.537000,416.6325947530369,11
2024-09-18 13:15:31.594000,416.6434964621746,996
2024-09-18 13:15:32.003000,416.67429231369965,1005
2024-09-18 13:15:32.018000,416.6383865392108,8
2024-09-18 13:15:32.038000,416.60033464575497,15
2024-09-18 13:15:32.085000,416.6366244745166,15
2024-09-18 13:15:32.174000,416.68613635959366,102
2024-09-18 13:15:32.289000,416.6684223330354,105
2024-09-18 13:15:32.314000,416.651316046521,99
2024-09-18 13:15:32.491000,416.628785907705,102
2024-09-18 13:15:32.728000,416.60050417912737,6
2024-09-18 13:15:32.748000,416.6488348817453,1000
2024-09-18 13:15:32.831000,416.6141922012566,97
2024-09-18 13:15:32.911000,416.6688430848088,100
2024-09-18 13:15:32.979000,416.6395477335104,13
2024-09-18 13:15:32.996000,416.6463757697268,1005
2024-09-18 13:15:33.063000,416.64169951148375,100
2024-09-18 13:15:33.206000,416.67797781990737,105
2024-09-18 13:15:33.260000,416.6496968800385,997
2024-09-18 13:15:33.309000,416.67240474149446,998
2024-09-18 13:15:33.497000,416.6823006154533,1001
2024-09-18 13:15:33.583000,416.6809109030007,9
2024-09-18 13:15:33.749000,416.64397615648073,9
2024-09-18 13:15:34.012000,416.6220700979677,998
2024-09-18 13:15:34.043000,416.6270347684041,96
2024-09-18 13:15:34.078000,416.67112980224704,97
2024-09-18 13:15:34.124000,416.612625542158,998
2024-09-18 13:15:34.161000,416.66584303641577,104
2024-09-18 13:15:34.404000,416.6763272330828,1003
2024-09-18 13:15:34.416000,416.6207344710399,96
2024-09-18 13:15:34.441000,416.64408368775565,1005
2024-09-18 13:15:34.580000,416.61131723733297,103
2024-09-18 13:15:34.589000,416.64486178549913,1003
2024-09-18 13:15:34.888000,416.6222285912221,995
2024-09-18 13:15:34.989000,416.6296004564704,103
2024-09-18 13:15:35.087000,416.6760495477548,15
2024-09-18 13:15:35.093000,416.62797926378585,100
2024-09-18 13:15:35.141000,416.6648295274595,998
2024-09-18 13:15:35.146000,416.65159585037526,6
2024-09-18 13:15:35.212000,416.6541243262987,11
2024-09-18 13:15:35.294000,416.6156415883097,10
2024-09-18 13:15:35.296000,416.6374990781497,1003
2024-09-18 13:15:35.330000,416.6868806895127,999
2024-09-18 13:15:35.330000,416.6569343200146,1005
2024-09-18 13:15:35.456000,416.6473052513568,6
2024-09-18 13:15:35.554000,416.6488568833137,104
2024-09-18 13:15:35.580000,416.6485858226006,6
2024-09-18 13:15:35.605000,416.68393170318205,101
2024-09-18 13:15:35.669000,416.6895713407579,12
2024-09-18 13:15:35.742000,416.6256518228936,14
2024-09-18 13:15:35.795000,416.6082374492339,6
2024-09-18 13:15:35.810000,416.6711526447456,1004
2024-09-18 13:15:35.814000,416.7017410002973,97
2024-09-18 13:15:35.903000,416.6299696033641,105
2024-09-18 13:15:35.945000,416.6925746831418,96
2024-09-18 13:15:35.971000,416.6255365986575,15
2024-09-18 13:15:35.977000,416.65186061681806,995
2024-09-18 13:15:36.190000,416.63411070554406,997
2024-09-18 13:15:36.444000,416.6761952828301,1003
2024-09-18 13:15:36.497000,416.66995236441727,1002
2024-09-18 13:15:36.515000,416.67447579756094,105
2024-09-18 13:15:36.595000,416.6693615752018,9
2024-09-18 13:15:36.603000,416.6600183546175,97
2024-09-18 13:15:36.637000,416.64526124602577,11
2024-09-18 13:15:36.646000,416.66403483238895,104
2024-09-18 13:15:36.651000,416.62689294396046,7
2024-09-18 13:15:36.670000,416.61860423056135,1005
2024-09-18 13:15:36.733000,416.6287541019916,10
2024-09-18 13:15:36.740000,416.6459578955996,95
2024-09-18 13:15:36.904000,416.6462582752711,15
2024-09-18 13:15:36.959000,416.658078819938,5
2024-09-18 13:15:36.971000,416.665828019233,9
2024-09-18 13:15:37.047000,416.6064112152753,995
2024-09-18 13:15:37.179000,416.6022270755095,15
2024-09-18 13:15:37.380000,416.60347206724754,8
2024-09-18 13:15:37.428000,416.6196629072641,101
2024-09-18 13:15:37.460000,416.60776853298034,10
2024-09-18 13:15:37.487000,416.6091545150204,1000
2024-09-18 13:15:37.599000,416.6523593789941,102
2024-09-18 13:15:37.642000,416.6342930773952,7
2024-09-18 13:15:37.768000,416.5966016207069,1000
2024-09-18 13:15:37.875000,416.6509907345458,996
2024-09-18 13:15:37.917000,416.5936794624288,1001
2024-09-18 13:15:37.934000,416.5880265958747,102
2024-09-18 13:15:37.957000,416.618066421549,9
2024-09-18 13:15:38.160000,416.61634550310816,1003
2024-09-18 13:15:38.204000,416.59794935201023,11
2024-09-18 13:15:38.234000,416.557420059383,996
2024-09-18 13:15:38.242000,416.5964741755645,12
2024-09-18 13:15:38.318000,416.6071466098082,1005
2024-09-18 13:15:38.398000,416.5502709569881,10
2024-09-18 13:15:38.418000,416.56419602852014,999
2024-09-18 13:15:38.444000,416.55764819769615,1005
2024-09-18 13:15:38.470000,416.6158461539877,11
2024-09-18 13:15:38.500000,416.60866361175295,995
2024-09-18 13:15:38.519000,416.60376728866703,14
2024-09-18 13:15:38.641000,416.5809086607469,12
2024-09-18 13:15:38.768000,416.5570389480988,995
2024-09-18 13:15:38.941000,416.60369387087735,995
2024-09-18 13:15:38.943000,416.5787491000654,102
2024-09-18 13:15:38.962000,416.5871892067933,15
2024-09-18 13:15:38.979000,416.59204454491714,95
2024-09-18 13:15:39.045000,416.616824231351,1000
2024-09-18 13:15:39.045000,416.6321984627109,1002
2024-09-18 13:15:39.118000,416.6663929900594,999
2024-09-18 13:15:39.143000,416.62546094824665,104
2024-09-18 13:15:39.144000,416.59689936184304,95
2024-09-18 13:15:39.184000,416.592092544475,100
2024-09-18 13:15:39.206000,416.6040094206981,1005
2024-09-18 13:15:39.221000,416.5899619342047,12
2024-09-18 13:15:39.270000,416.60091805619993,13
2024-09-18 13:15:39.294000,416.6094519378271,99
2024-09-18 13:15:39.308000,416.6428227008281,13
2024-09-18 13:15:39.355000,416.6607343539237,997
2024-09-18 13:15:39.365000,416.59213569201535,99
2024-09-18 13:15:39.446000,416.5983892774967,997
2024-09-18 13:15:39.582000,416.6500711436455,95
2024-09-18 13:15:39.705000,416.5876311488874,996
2024-09-18 13:15:39.763000,416.61654305355074,5
2024-09-18 13:15:39.798000,416.6088619338444,6
2024-09-18 13:15:39.825000,416.6383685917099,996
2024-09-18 13:15:39.874000,416.6054007691562,1003
2024-09-18 13:15:39.884000,416.6401979068602,104
2024-09-18 13:15:39.891000,416.61957168655465,1004
2024-09-18 13:15:39.896000,416.59615114396246,98
2024-09-18 13:15:39.913000,416.59307429859473,1002
2024-09-18 13:15:39.959000,416.6055121133628,103
2024-09-18 13:15:39.983000,416.63281756634274,105
2024-09-18 13:15:40.682000,416.6444992463239,95
2024-09-18 13:15:40.768000,416.6396527530151,99
2024-09-18 13:15:40.916000,416.64054436198,995
2024-09-18 13:15:41.036000,416.5899286071247,8
2024-09-18 13:15:41.155000,416.6145967928893,999
2024-09-18 13:15:41.243000,416.5993166838418,96
2024-09-18 13:15:41.255000,416.6168743893003,6
2024-09-18 13:15:41.265000,416.6237789832738,100
2024-09-18 13:15:41.300000,416.62167602459454,98
2024-09-18 13:15:41.568000,416.6303259143424,14
2024-09-18 13:15:41.612000,416.6351296540214,100
2024-09-18 13:15:41.678000,416.6192157173945,96
2024-09-18 13:15:41.771000,416.6309336569806,97
2024-09-18 13:15:41.867000,416.6066547608957,100
2024-09-18 13:15:41.900000,416.6316423166932,96
2024-09-18 13:15:41.909000,416.61824524939794,13
2024-09-18 13:15:41.991000,416.6286839241456,105
2024-09-18 13:15:42.247000,416.6347515648943,998
2024-09-18 13:15:42.262000,416.6396167480073,13
2024-09-18 13:15:42.360000,416.6111929411303,14
2024-09-18 13:15:42.510000,416.6348119026708,99
2024-09-18 13:15:43.002000,416.665266693006,11
2024-09-18 13:15:43.005000,416.7014899725213,105
2024-09-18 13:15:43.050000,416.6918436634671,13
2024-09-18 13:15:43.059000,416.5930491162202,1001
2024-09-18 13:15:43.156000,416.59278702565547,1000
2024-09-18 13:15:43.258000,416.6774229766268,1005
2024-09-18 13:15:43.281000,416.6151925893645,11
2024-09-18 13:15:43.286000,416.6015226983597,102
2024-09-18 13:15:43.324000,416.68943410669806,8
2024-09-18 13:15:43.488000,416.6145874305203,97
2024-09-18 13:15:43.596000,416.6246383350053,7
2024-09-18 13:15:43.693000,416.6840518949141,96
2024-09-18 13:15:43.704000,416.6035304821772,1000
2024-09-18 13:15:43.796000,416.6571633495584,96
2024-09-18 13:15:43.829000,416.5933178827325,995
2024-09-18 13:15:43.831000,416.6159996388206,999
2024-09-18 13:15:43.843000,416.6880789394564,96
2024-09-18 13:15:43.844000,416.5973150224657,100
2024-09-18 13:15:43.845000,416.7046173928752,996
2024-09-18 13:15:43.957000,416.5942600859077,95
2024-09-18 13:15:44.024000,416.7103234307672,1002
2024-09-18 13:15:44.030000,416.7009697509882,999
2024-09-18 13:15:44.046000,416.720865730492,1000
2024-09-18 13:15:44.131000,416.67025875812936,997
2024-09-18 13:15:44.199000,416.68824604803336,998
2024-09-18 13:15:44.247000,416.6644914456512,15
2024-09-18 13:15:44.266000,416.69778680141127,995
2024-09-18 13:15:44.470000,416.6938226398668,103
2024-09-18 13:15:44.547000,416.6794418001171,7
2024-09-18 13:15:44.643000,416.6878295393456,1002
2024-09-18 13:15:44.790000,416.6937911176326,100
2024-09-18 13:15:44.819000,416.6779773286558,13
2024-09-18 13:15:44.984000,416.69294779327737,12
2024-09-18 13:15:45.006000,416.6038005221495,96
2024-09-18 13:15:45.058000,416.6746285024783,1002
2024-09-18 13:15:45.144000,416.6860706452545,15
2024-09-18 13:15:45.149000,416.6650457453042,97
2024-09-18 13:15:45.210000,416.5692255402274,9
2024-09-18 13:15:45.402000,416.5701436806375,101
2024-09-18 13:15:45.416000,416.6652739810082,105
2024-09-18 13:15:45.523000,416.60189303371686,101
2024-09-18 13:15:45.598000,416.571734473176,100
2024-09-18 13:15:45.630000,416.5690923485965,100
2024-09-18 13:15:45.828000,416.6522001083197,14
2024-09-18 13:15:45.828000,416.6393595853301,104
2024-09-18 13:15:45.915000,416.5685000967508,11
2024-09-18 13:15:45.940000,416.6469676888769,105
2024-09-18 13:15:46.121000,416.5273939488816,102
2024-09-18 13:15:46.162000,416.5741234896093,102
2024-09-18 13:15:46.311000,416.5489845784705,102
2024-09-18 13:15:46.350000,416.544696220732,96
2024-09-18 13:15:46.354000,416.5640396407412,100
2024-09-18 13:15:46.533000,416.5562982074181,998
2024-09-18 13:15:46.540000,416.5423680669511,103
2024-09-18 13:15:46.642000,416.5399073505394,104
2024-09-18 13:15:46.675000,416.58029365930827,9
2024-09-18 13:15:46.727000,416.5685294226734,98
2024-09-18 13:15:46.798000,416.5442381878737,7
2024-09-18 13:15:46.814000,416.5484494769919,8
2024-09-18 13:15:46.858000,416.5386523372964,11
2024-09-18 13:15:46.863000,416.5546912285439,1002
2024-09-18 13:15:47.073000,416.5264330692513,1002
2024-09-18 13:15:47.132000,416.53687448927934,1000
2024-09-18 13:15:47.360000,416.56623341826736,14
2024-09-18 13:15:47.455000,416.5197588250709,99
2024-09-18 13:15:47.512000,416.5614781773855,99
2024-09-18 13:15:47.625000,416.56341647712105,13
2024-09-18 13:15:47.750000,416.56797912210345,8
2024-09-18 13:15:47.758000,416.5659043858704,1004
2024-09-18 13:15:47.864000,416.55130222873663,103
2024-09-18 13:15:47.929000,416.56071367842463,103
2024-09-18 13:15:48.839000,416.5525371938826,1004
2024-09-18 13:15:49.040000,416.50292643058015,99
2024-09-18 13:15:49.102000,416.55982778236,1005
2024-09-18 13:15:49.104000,416.5534726255897,6
2024-09-18 13:15:49.117000,416.5395419842315,104
2024-09-18 13:15:49.166000,416.5220233890406,101
2024-09-18 13:15:49.198000,416.53248668669227,99
2024-09-18 13:15:49.247000,416.5604392392172,1005
2024-09-18 13:15:49.249000,416.5568004335841,13
2024-09-18 13:15:49.293000,416.5215037764912,12
2024-09-18 13:15:49.347000,416.57329382653137,100
2024-09-18 13:15:49.385000,416.5222472096413,13
2024-09-18 13:15:49.516000,416.5076615989252,97
2024-09-18 13:15:49.529000,416.5684679070743,105
2024-09-18 13:15:49.556000,416.5190977188275,6
2024-09-18 13:15:49.564000,416.5549940177612,9
2024-09-18 13:15:49.572000,416.55550139377584,12
2024-09-18 13:15:49.577000,416.5452673837387,1005
2024-09-18 13:15:49.610000,416.56329575351793,102
2024-09-18 13:15:49.680000,416.5051198368828,1000
2024-09-18 13:15:49.690000,416.5529054013056,100
2024-09-18 13:15:49.722000,416.5313372989966,997
2024-09-18 13:15:49.872000,416.5282016822025,1001
2024-09-18 13:15:50,416.4511420650725,15
2024-09-18 13:15:50.061000,416.5151761883743,996
2024-09-18 13:15:50.101000,416.4406794725942,15
2024-09-18 13:15:50.104000,416.50161421542,98
2024-09-18 13:15:50.134000,416.5083767572213,102
2024-09-18 13:15:50.226000,416.5099186100392,15
2024-09-18 13:15:50.292000,416.5242994975289,6
2024-09-18 13:15:50.325000,416.4439267155021,1001
2024-09-18 13:15:50.438000,416.5061759904496,100
2024-09-18 13:15:50.476000,416.51143044238506,8
2024-09-18 13:15:50.499000,416.4488590954178,1001
2024-09-18 13:15:50.521000,416.5409428729004,15
2024-09-18 13:15:50.590000,416.4427284375582,996
2024-09-18 13:15:50.606000,416.44579327176416,6
2024-09-18 13:15:50.743000,416.4707200241183,96
2024-09-18 13:15:50.758000,416.5107081256529,102
2024-09-18 13:15:50.812000,416.4980649121471,7
2024-09-18 13:15:50.894000,416.44264170346594,12
2024-09-18 13:15:50.908000,416.4892855749374,105
2024-09-18 13:15:50.933000,416.4422354187158,13
2024-09-18 13:15:50.976000,416.51047693784193,10
2024-09-18 13:15:50.988000,416.5226647090445,96
2024-09-18 13:15:51.007000,416.524641123332,105
2024-09-18 13:15:51.086000,416.5270411785965,996
2024-09-18 13:15:51.119000,416.5072857133118,6
2024-09-18 13:15:51.131000,416.4729368633095,98
2024-09-18 13:15:51.193000,416.465477636354,101
2024-09-18 13:15:51.242000,416.4267662233584,1002
2024-09-18 13:15:51.306000,416.5436971944407,1003
2024-09-18 13:15:51.329000,416.47164734486944,102
2024-09-18 13:15:51.349000,416.4645347544771,1001
2024-09-18 13:15:51.360000,416.5370067145235,96
2024-09-18 13:15:51.383000,416.5148386133494,996
2024-09-18 13:15:51.413000,416.43587303486447,7
2024-09-18 13:15:51.467000,416.4615573845347,100
2024-09-18 13:15:51.474000,416.552157910828,11
2024-09-18 13:15:51.489000,416.4986665896192,98
2024-09-18 13:15:51.493000,416.4669223036033,1005
2024-09-18 13:15:51.510000,416.4424727052528,104
2024-09-18 13:15:51.527000,416.52945214613663,101
2024-09-18 13:15:51.579000,416.5032032446943,7
2024-09-18 13:15:51.678000,416.4779252141379,5
2024-09-18 13:15:51.697000,416.4532025739942,12
2024-09-18 13:15:51.787000,416.4959952941256,15
2024-09-18 13:15:51.880000,416.4568485958562,1005
2024-09-18 13:15:51.889000,416.4903952134405,7
2024-09-18 13:15:51.891000,416.47825519233135,14
2024-09-18 13:15:51.900000,416.5123414212016,11
2024-09-18 13:15:51.983000,416.45763055208624,6
2024-09-18 13:15:51.996000,416.5013530029375,1001
2024-09-18 13:15:52.136000,416.369359002752,5
2024-09-18 13:15:52.160000,416.3779362533172,105
2024-09-18 13:15:52.168000,416.3945321840915,997
2024-09-18 13:15:52.241000,416.4088777893381,6
2024-09-18 13:15:52.249000,416.3730686109003,95
2024-09-18 13:15:52.290000,416.384677197693,1001
2024-09-18 13:15:52.320000,416.3671829874901,14
2024-09-18 13:15:52.436000,416.3790009709612,96
2024-09-18 13:15:52.447000,416.3757601961259,1001
2024-09-18 13:15:52.476000,416.3868033545586,8
2024-09-18 13:15:52.486000,416.41765691447193,105
2024-09-18 13:15:52.516000,416.3844488039484,5
2024-09-18 13:15:52.640000,416.3910966526492,14
2024-09-18 13:15:52.685000,416.3787444798236,104
2024-09-18 13:15:52.692000,416.4051484074573,8
2024-09-18 13:15:52.699000,416.3719460440974,105
2024-09-18 13:15:52.880000,416.4134869215026,7
2024-09-18 13:15:53.215000,416.3737261514583,105
2024-09-18 13:15:53.704000,416.3603744344101,11
2024-09-18 13:15:53.751000,416.3575195015842,1000
2024-09-18 13:15:54.037000,416.3299509814259,11
2024-09-18 13:15:54.061000,416.3392721907503,1004
2024-09-18 13:15:54.111000,416.3550719695919,100
2024-09-18 13:15:54.200000,416.3385417436771,13
2024-09-18 13:15:54.296000,416.3917139668859,12
2024-09-18 13:15:54.355000,416.3347696330993,999
2024-09-18 13:15:54.500000,416.3103997291117,8
2024-09-18 13:15:54.532000,416.3129184479321,104
2024-09-18 13:15:54.549000,416.3915329678362,11
2024-09-18 13:15:54.568000,416.3195840494543,995
2024-09-18 13:15:54.614000,416.3260579899957,105
2024-09-18 13:15:54.628000,416.37367103302734,6
2024-09-18 13:15:54.922000,416.39331441465896,1004
2024-09-18 13:15:54.942000,416.3169536883101,100
2024-09-18 13:15:55.005000,416.29304190013806,95
2024-09-18 13:15:55.192000,416.2902772354559,95
2024-09-18 13:15:55.237000,416.2948813861533,6
2024-09-18 13:15:55.245000,416.2934133106967,104
2024-09-18 13:15:55.292000,416.286318111825,1002
2024-09-18 13:15:55.387000,416.2909128410751,999
2024-09-18 13:15:55.545000,416.2881557292587,11
2024-09-18 13:15:55.617000,416.2884009804886,1005
2024-09-18 13:15:55.716000,416.2936425553802,7
2024-09-18 13:15:55.921000,416.2993925316532,11
2024-09-18 13:15:56.028000,416.2180655774839,15
2024-09-18 13:15:56.031000,416.2325722874865,101
2024-09-18 13:15:56.048000,416.23743630174215,999
2024-09-18 13:15:56.139000,416.23453020078,11
2024-09-18 13:15:56.181000,416.23610288570165,97
2024-09-18 13:15:56.225000,416.22251165784735,1001
2024-09-18 13:15:56.254000,416.24605711153777,7
2024-09-18 13:15:56.294000,416.1914049662268,103
2024-09-18 13:15:56.303000,416.2201017259104,105
2024-09-18 13:15:56.332000,416.2613039508494,15
2024-09-18 13:15:56.360000,416.2246532635863,100
2024-09-18 13:15:56.372000,416.23152939657774,5
2024-09-18 13:15:56.386000,416.2638664467654,8
2024-09-18 13:15:56.404000,416.2435131004209,1004
2024-09-18 13:15:56.413000,416.23146207234834,5
2024-09-18 13:15:56.543000,416.2598342530888,100
2024-09-18 13:15:56.650000,416.2573194995725,98
2024-09-18 13:15:56.679000,416.2142391883591,95
2024-09-18 13:15:56.703000,416.27533276837806,10
2024-09-18 13:15:56.793000,416.2350444848509,11
2024-09-18 13:15:56.798000,416.24268239580994,103
2024-09-18 13:15:56.825000,416.2366074281773,10
2024-09-18 13:15:56.885000,416.2327802556769,1003
2024-09-18 13:15:56.917000,416.2294393970193,997
2024-09-18 13:15:56.958000,416.2168100234797,12
2024-09-18 13:15:57.047000,416.2054200629005,12
2024-09-18 13:15:57.209000,416.1944161730415,102
2024-09-18 13:15:57.236000,416.176401485376,105
2024-09-18 13:15:57.250000,416.2285844063008,10
2024-09-18 13:15:57.252000,416.2017659096544,6
2024-09-18 13:15:57.271000,416.2271431058092,105
2024-09-18 13:15:57.307000,416.2342686306677,9
2024-09-18 13:15:57.460000,416.22178529606657,12
2024-09-18 13:15:57.479000,416.1856135768842,100
2024-09-18 13:15:57.487000,416.24469471841496,1004
2024-09-18 13:15:57.542000,416.2101217611551,105
2024-09-18 13:15:57.592000,416.2131601139914,995
2024-09-18 13:15:57.598000,416.2024048602469,1004
2024-09-18 13:15:57.598000,416.2136467175653,9
2024-09-18 13:15:57.694000,416.2029885602821,102
2024-09-18 13:15:57.696000,416.2379753704345,105
2024-09-18 13:15:57.736000,416.1992108549938,6
2024-09-18 13:15:57.765000,416.19576585776457,995
2024-09-18 13:15:57.811000,416.17385773502906,998
2024-09-18 13:15:57.828000,416.1788550306903,9
2024-09-18 13:15:57.839000,416.2068836925143,1003
2024-09-18 13:15:57.896000,416.17766965813,98
2024-09-18 13:15:57.899000,416.1976245328059,9
2024-09-18 13:15:57.961000,416.2024579187697,1001
2024-09-18 13:15:57.976000,416.2132632582352,103
2024-09-18 13:15:58.926000,416.2402576726896,11
2024-09-18 13:15:58.951000,416.25910933308427,8
2024-09-18 13:15:59.150000,416.2591146816527,95
2024-09-18 13:15:59.374000,416.2655825182473,998
2024-09-18 13:15:59.532000,416.2508388477805,104
