Timestamp,Price,Size
2024-09-19 10:12:00.660000,417.8982427903391,5
2024-09-19 10:12:00.933000,417.8923947216399,996
2024-09-19 10:12:01.005000,417.8790558081717,97
2024-09-19 10:12:01.078000,417.91258854115785,1002
2024-09-19 10:12:01.140000,417.88548472648927,1003
2024-09-19 10:12:01.190000,417.9265584176541,1002
2024-09-19 10:12:01.199000,417.8789833063768,7
2024-09-19 10:12:01.301000,417.9085369310198,100
2024-09-19 10:12:01.311000,417.91797156063495,996
2024-09-19 10:12:01.387000,417.907227776684,6
2024-09-19 10:12:01.428000,417.92188264504006,8
2024-09-19 10:12:01.431000,417.9225756774997,1002
2024-09-19 10:12:01.447000,417.91274129051993,6
2024-09-19 10:12:01.492000,417.906734152106,12
2024-09-19 10:12:01.505000,417.8964681628145,100
2024-09-19 10:12:01.549000,417.9242524575881,9
2024-09-19 10:12:01.593000,417.9080837619121,97
2024-09-19 10:12:01.607000,417.8920449649592,9
2024-09-19 10:12:01.820000,417.92517366518473,1004
2024-09-19 10:12:01.821000,417.9224914908162,101
2024-09-19 10:12:01.901000,417.9156727775358,14
2024-09-19 10:12:02.003000,417.91766250339714,99
2024-09-19 10:12:02.019000,417.907861483947,15
2024-09-19 10:12:02.026000,417.9299811942191,101
2024-09-19 10:12:02.063000,417.8832951821769,13
2024-09-19 10:12:02.082000,417.9112292342833,1003
2024-09-19 10:12:02.130000,417.8960910208249,105
2024-09-19 10:12:02.147000,417.89152834513857,5
2024-09-19 10:12:02.351000,417.8495427316232,1005
2024-09-19 10:12:02.388000,417.8728857905501,97
2024-09-19 10:12:02.449000,417.9129016492756,99
2024-09-19 10:12:02.546000,417.9194146302143,11
2024-09-19 10:12:02.702000,417.8690313369121,98
2024-09-19 10:12:02.705000,417.8749919043588,8
2024-09-19 10:12:02.774000,417.8891884546496,102
2024-09-19 10:12:02.971000,417.9350230154124,997
2024-09-19 10:12:03.051000,417.921888110732,995
2024-09-19 10:12:03.174000,417.9277762521761,6
2024-09-19 10:12:03.292000,417.9201981625753,96
2024-09-19 10:12:03.509000,417.9600623329781,8
2024-09-19 10:12:03.777000,417.9569987781392,8
2024-09-19 10:12:03.804000,417.95475615040095,10
2024-09-19 10:12:03.982000,417.9470817789279,95
2024-09-19 10:12:04.167000,417.9633232311984,95
2024-09-19 10:12:04.763000,417.9564807817434,8
2024-09-19 10:12:04.865000,417.9572822871276,999
2024-09-19 10:12:04.881000,417.9417635163125,104
2024-09-19 10:12:05.021000,417.9483548500235,998
2024-09-19 10:12:05.068000,417.968112649464,996
2024-09-19 10:12:05.091000,417.9660905359624,999
2024-09-19 10:12:05.109000,417.9487745739623,5
2024-09-19 10:12:05.117000,417.9473607905809,102
2024-09-19 10:12:05.339000,417.9808943159878,1005
2024-09-19 10:12:05.512000,417.9733461697085,9
2024-09-19 10:12:05.646000,417.9490701216365,10
2024-09-19 10:12:05.655000,417.9324302359719,997
2024-09-19 10:12:05.660000,417.9347479581394,98
2024-09-19 10:12:05.684000,417.9792514554273,995
2024-09-19 10:12:05.767000,417.9989277844607,102
2024-09-19 10:12:05.778000,417.95569650932094,6
2024-09-19 10:12:05.790000,417.9915008198316,10
2024-09-19 10:12:05.793000,417.938885926935,5
2024-09-19 10:12:05.820000,417.94502570445263,12
2024-09-19 10:12:06.016000,418.0152637433672,99
2024-09-19 10:12:06.074000,417.9878663505171,10
2024-09-19 10:12:06.083000,417.957087149713,95
2024-09-19 10:12:06.106000,418.0264317541362,101
2024-09-19 10:12:06.184000,418.0301206789404,105
2024-09-19 10:12:06.243000,417.9798354356549,105
2024-09-19 10:12:06.282000,417.9845308661471,102
2024-09-19 10:12:06.321000,417.9879947505485,96
2024-09-19 10:12:06.354000,417.9873961010073,11
2024-09-19 10:12:06.375000,417.9966940579811,13
2024-09-19 10:12:06.423000,417.9717803226556,12
2024-09-19 10:12:06.436000,417.9791249099024,999
2024-09-19 10:12:06.446000,418.0157774036116,98
2024-09-19 10:12:06.510000,418.0102956648802,5
2024-09-19 10:12:06.522000,417.96313916220527,97
2024-09-19 10:12:06.552000,418.0086116173784,97
2024-09-19 10:12:06.554000,417.99239685107887,15
2024-09-19 10:12:06.573000,417.9781006804825,15
2024-09-19 10:12:06.629000,418.0005968095173,10
2024-09-19 10:12:06.680000,417.9645505403557,98
2024-09-19 10:12:06.692000,417.9738195029116,14
2024-09-19 10:12:06.693000,417.98950424692265,100
2024-09-19 10:12:06.765000,417.9759068740148,7
2024-09-19 10:12:06.849000,418.0269921601956,5
2024-09-19 10:12:07.080000,417.9871471710485,7
2024-09-19 10:12:07.081000,418.0090978942719,7
2024-09-19 10:12:07.084000,417.97372707027273,97
2024-09-19 10:12:07.128000,417.987139572508,98
2024-09-19 10:12:07.147000,417.97254668412114,7
2024-09-19 10:12:07.179000,418.0007510069559,997
2024-09-19 10:12:07.194000,418.0006215580231,7
2024-09-19 10:12:07.269000,417.9865155013509,7
2024-09-19 10:12:07.284000,417.9913744629095,5
2024-09-19 10:12:07.297000,417.9643382490174,99
2024-09-19 10:12:07.299000,417.9739724969937,1004
2024-09-19 10:12:07.304000,418.0036741161771,1004
2024-09-19 10:12:07.325000,418.0073305602205,103
2024-09-19 10:12:07.383000,417.9990338197365,99
2024-09-19 10:12:07.392000,417.9680312250672,1002
2024-09-19 10:12:07.401000,417.9764062382682,1004
2024-09-19 10:12:07.533000,417.9890460532705,103
2024-09-19 10:12:07.544000,418.0039525946588,6
2024-09-19 10:12:07.692000,417.962562787047,998
2024-09-19 10:12:07.783000,417.98876556135343,103
2024-09-19 10:12:07.789000,417.992898955753,1005
2024-09-19 10:12:07.821000,417.9775687512275,995
2024-09-19 10:12:07.882000,417.9833509481276,8
2024-09-19 10:12:07.936000,417.9845467807591,1005
2024-09-19 10:12:07.960000,418.0087165787453,102
2024-09-19 10:12:07.982000,417.97621807180434,12
2024-09-19 10:12:07.983000,417.9996129560155,12
2024-09-19 10:12:08.045000,418.11310809776654,1000
2024-09-19 10:12:08.067000,418.0408540297866,8
2024-09-19 10:12:08.082000,418.0536789616072,10
2024-09-19 10:12:08.120000,418.131947958052,1000
2024-09-19 10:12:08.123000,418.09291996812175,102
2024-09-19 10:12:08.125000,418.12464050296944,102
2024-09-19 10:12:08.129000,418.1015222478904,104
2024-09-19 10:12:08.161000,418.1076805176874,13
2024-09-19 10:12:08.227000,418.0928470565429,105
2024-09-19 10:12:08.279000,418.0863016266441,995
2024-09-19 10:12:08.285000,418.1222185282502,5
2024-09-19 10:12:08.293000,418.1224916063149,97
2024-09-19 10:12:08.434000,418.1101564981997,7
2024-09-19 10:12:08.469000,418.0930946913117,97
2024-09-19 10:12:08.590000,418.0766579083791,14
2024-09-19 10:12:08.609000,418.1155224059799,995
2024-09-19 10:12:08.693000,418.0891999305004,11
2024-09-19 10:12:08.749000,418.0876281622406,999
2024-09-19 10:12:08.783000,418.10441078929824,1005
2024-09-19 10:12:08.811000,418.0600710374172,15
2024-09-19 10:12:08.835000,418.04079147005655,1002
2024-09-19 10:12:08.839000,418.01572962051074,996
2024-09-19 10:12:08.853000,418.1174935948655,1005
2024-09-19 10:12:08.860000,418.1196846745631,104
2024-09-19 10:12:08.906000,418.09899594474354,8
2024-09-19 10:12:08.997000,418.09860572629935,14
2024-09-19 10:12:09.174000,418.11142292211537,1005
2024-09-19 10:12:09.184000,418.0853613402744,996
2024-09-19 10:12:09.207000,418.10803356731344,998
2024-09-19 10:12:09.262000,418.0977863019155,10
2024-09-19 10:12:09.292000,418.084648122677,1003
2024-09-19 10:12:09.306000,418.0954530880581,96
2024-09-19 10:12:09.325000,418.12755447185054,99
2024-09-19 10:12:09.399000,418.1380559896165,9
2024-09-19 10:12:09.412000,418.1155497442385,998
2024-09-19 10:12:09.488000,418.1186146518893,100
2024-09-19 10:12:09.643000,418.1165636622729,7
2024-09-19 10:12:09.655000,418.1374554356962,102
2024-09-19 10:12:09.699000,418.1111096472338,1001
2024-09-19 10:12:09.702000,418.08463920770816,105
2024-09-19 10:12:09.803000,418.1275432833085,995
2024-09-19 10:12:09.824000,418.0894862196431,100
2024-09-19 10:12:09.841000,418.1373069216408,1005
2024-09-19 10:12:09.957000,418.10199335239423,1001
2024-09-19 10:12:10.018000,418.12815703405454,996
2024-09-19 10:12:10.027000,418.0625571522693,103
2024-09-19 10:12:10.074000,418.0662642067338,95
2024-09-19 10:12:10.254000,418.076467737033,1003
2024-09-19 10:12:10.254000,418.0905732398539,998
2024-09-19 10:12:10.269000,418.063631616879,1005
2024-09-19 10:12:10.324000,418.1237295151368,1002
2024-09-19 10:12:10.337000,418.0576741575703,95
2024-09-19 10:12:10.371000,418.0824984367724,998
2024-09-19 10:12:10.372000,418.0548697920464,99
2024-09-19 10:12:10.378000,418.0835934767462,97
2024-09-19 10:12:10.382000,418.1363852750836,1000
2024-09-19 10:12:10.398000,418.0761404130969,96
2024-09-19 10:12:10.429000,418.0983522391696,999
2024-09-19 10:12:10.456000,418.1309063400452,5
2024-09-19 10:12:10.498000,418.0972906124682,11
2024-09-19 10:12:10.546000,418.079497940362,1003
2024-09-19 10:12:10.636000,418.0667806983303,98
2024-09-19 10:12:10.655000,418.13809295818345,9
2024-09-19 10:12:10.688000,418.0864958546324,102
2024-09-19 10:12:10.724000,418.1066799987313,1005
2024-09-19 10:12:10.771000,418.0983397149174,996
2024-09-19 10:12:10.778000,418.0564827960005,5
2024-09-19 10:12:10.828000,418.1008728531092,12
2024-09-19 10:12:10.882000,418.10964685556354,1001
2024-09-19 10:12:11.221000,418.07079133779496,101
2024-09-19 10:12:11.365000,418.1024939108827,997
2024-09-19 10:12:11.380000,418.0697218108422,9
2024-09-19 10:12:11.411000,418.0773940962227,1005
2024-09-19 10:12:11.419000,418.06086438072816,998
2024-09-19 10:12:11.498000,418.09040872970746,14
2024-09-19 10:12:11.514000,418.07400196118806,5
2024-09-19 10:12:11.554000,418.0701288658229,98
2024-09-19 10:12:11.648000,418.0857042345537,15
2024-09-19 10:12:11.677000,418.0615348864087,1001
2024-09-19 10:12:11.720000,418.0860510628154,102
2024-09-19 10:12:11.756000,418.0980592105035,6
2024-09-19 10:12:11.941000,418.0654478598404,99
2024-09-19 10:12:11.948000,418.07329140386713,98
2024-09-19 10:12:11.971000,418.08758236777135,102
2024-09-19 10:12:12.003000,418.0696738248754,7
2024-09-19 10:12:12.020000,418.0687166580517,97
2024-09-19 10:12:12.024000,418.07972605354456,995
2024-09-19 10:12:12.026000,418.0728621836036,102
2024-09-19 10:12:12.071000,418.0646936112618,101
2024-09-19 10:12:12.135000,418.0824796464037,999
2024-09-19 10:12:12.214000,418.0768354902999,98
2024-09-19 10:12:12.223000,418.0653803558521,9
2024-09-19 10:12:12.350000,418.0510005954361,103
2024-09-19 10:12:12.365000,418.0785173928633,999
2024-09-19 10:12:12.487000,418.03749778971337,97
2024-09-19 10:12:12.573000,418.0656425144235,5
2024-09-19 10:12:12.574000,418.0864240983625,105
2024-09-19 10:12:12.590000,418.0878060632588,995
2024-09-19 10:12:12.743000,418.06605294306206,1003
2024-09-19 10:12:12.752000,418.059360318765,96
2024-09-19 10:12:12.773000,418.05764074483807,1002
2024-09-19 10:12:12.800000,418.0705547901715,104
2024-09-19 10:12:12.912000,418.0590763161565,1003
2024-09-19 10:12:12.912000,418.073520900662,104
2024-09-19 10:12:13.030000,417.9675415782103,7
2024-09-19 10:12:13.052000,417.9896842369425,14
2024-09-19 10:12:13.116000,417.9461184383969,13
2024-09-19 10:12:13.147000,417.97229189082486,103
2024-09-19 10:12:13.173000,417.96584486028814,97
2024-09-19 10:12:13.236000,417.9629112381513,1001
2024-09-19 10:12:13.252000,417.99218976919855,15
2024-09-19 10:12:13.257000,417.9638764079012,96
2024-09-19 10:12:13.276000,417.9525511376757,997
2024-09-19 10:12:13.338000,417.9543364109874,97
2024-09-19 10:12:13.350000,417.9986584474804,1002
2024-09-19 10:12:13.352000,417.9685457651001,12
2024-09-19 10:12:13.390000,417.94321197056246,103
2024-09-19 10:12:13.559000,418.01268536907065,7
2024-09-19 10:12:13.574000,417.9650855413353,11
2024-09-19 10:12:13.576000,418.00907843100816,1005
2024-09-19 10:12:13.594000,417.9519908403082,103
2024-09-19 10:12:13.606000,417.9695672264063,102
2024-09-19 10:12:13.718000,417.9440504958573,996
2024-09-19 10:12:13.753000,417.95362867643627,999
2024-09-19 10:12:13.760000,418.01142745726025,103
2024-09-19 10:12:13.774000,417.9748605244131,103
2024-09-19 10:12:13.784000,418.00840082627855,1000
2024-09-19 10:12:13.888000,418.04056171406967,5
2024-09-19 10:12:13.924000,417.969155076072,95
2024-09-19 10:12:13.946000,417.9677299118137,97
2024-09-19 10:12:13.956000,418.0461791318832,5
2024-09-19 10:12:14.004000,417.972227157411,95
2024-09-19 10:12:14.142000,417.9904811310692,1001
2024-09-19 10:12:14.354000,417.96108792005714,997
2024-09-19 10:12:14.357000,417.95919466464255,999
2024-09-19 10:12:15.029000,417.98008557297055,5
2024-09-19 10:12:15.277000,417.9939151159646,1005
2024-09-19 10:12:15.317000,417.98761779307927,95
2024-09-19 10:12:15.325000,417.9977097038066,103
2024-09-19 10:12:15.493000,418.00767156014,1004
2024-09-19 10:12:15.561000,417.9844484180239,98
2024-09-19 10:12:16.065000,417.9707115383928,12
2024-09-19 10:12:16.116000,417.940447066258,95
2024-09-19 10:12:16.239000,417.9801681743757,98
2024-09-19 10:12:16.271000,417.9734549225648,996
2024-09-19 10:12:16.539000,417.9715533547509,999
2024-09-19 10:12:16.541000,418.00525241876505,1002
2024-09-19 10:12:16.605000,417.96386315999473,101
2024-09-19 10:12:16.633000,417.9811248661405,1005
2024-09-19 10:12:16.638000,417.9799214250429,9
2024-09-19 10:12:16.682000,417.93491597258696,1002
2024-09-19 10:12:16.739000,418.0076237624944,96
2024-09-19 10:12:16.795000,417.9615712157766,102
2024-09-19 10:12:16.818000,417.9836331533287,998
2024-09-19 10:12:16.855000,417.9918907551464,1002
2024-09-19 10:12:16.927000,417.99494908070034,1003
2024-09-19 10:12:16.950000,418.0045084781843,15
2024-09-19 10:12:16.955000,417.9693104717958,1003
2024-09-19 10:12:17.075000,417.9739554333332,7
2024-09-19 10:12:17.106000,417.9629024805941,100
2024-09-19 10:12:17.137000,417.9703562660638,10
2024-09-19 10:12:17.199000,417.9424714367271,1003
2024-09-19 10:12:17.204000,417.9545433498667,5
2024-09-19 10:12:17.241000,417.9641097082647,1000
2024-09-19 10:12:17.255000,417.9687087474584,100
2024-09-19 10:12:17.274000,417.9485614326276,997
2024-09-19 10:12:17.285000,417.9642402690221,105
2024-09-19 10:12:17.319000,417.96686030111385,105
2024-09-19 10:12:17.320000,417.9657426745223,12
2024-09-19 10:12:17.362000,417.9301148069053,100
2024-09-19 10:12:17.456000,417.9338944668045,7
2024-09-19 10:12:17.480000,417.961337571862,105
2024-09-19 10:12:17.542000,417.9339919447875,100
2024-09-19 10:12:17.545000,417.9635422335549,5
2024-09-19 10:12:17.587000,417.9798400159261,95
2024-09-19 10:12:17.591000,417.96027856320586,11
2024-09-19 10:12:17.592000,417.9432202732447,13
2024-09-19 10:12:17.641000,417.96661741018806,1002
2024-09-19 10:12:17.713000,417.9514878967052,1004
2024-09-19 10:12:17.740000,417.94152710901375,97
2024-09-19 10:12:17.759000,417.9793324886437,1001
2024-09-19 10:12:17.834000,417.9628870695432,99
2024-09-19 10:12:17.907000,417.93320836139577,996
2024-09-19 10:12:17.941000,417.9719146798103,1003
2024-09-19 10:12:17.971000,417.9744911591052,98
2024-09-19 10:12:17.971000,417.9620528498421,1003
2024-09-19 10:12:17.989000,417.9704418800764,997
2024-09-19 10:12:18.053000,417.9557745137407,104
2024-09-19 10:12:18.092000,417.9614877044808,11
2024-09-19 10:12:18.232000,417.9407977051284,5
2024-09-19 10:12:18.346000,417.9322379260332,99
2024-09-19 10:12:18.468000,417.9459169206709,14
2024-09-19 10:12:18.469000,417.972529243963,105
2024-09-19 10:12:18.657000,417.9531527079091,97
2024-09-19 10:12:18.710000,417.9662122537844,97
2024-09-19 10:12:18.757000,417.9572120569826,97
2024-09-19 10:12:18.799000,417.9484089487379,105
2024-09-19 10:12:18.936000,417.95506111250666,7
2024-09-19 10:12:18.966000,417.9523543557471,999
2024-09-19 10:12:19.057000,417.89928704767885,998
2024-09-19 10:12:19.174000,417.94971528777495,1004
2024-09-19 10:12:19.219000,417.898633101483,998
2024-09-19 10:12:19.246000,417.9138741353158,99
2024-09-19 10:12:19.257000,417.9723083950201,1002
2024-09-19 10:12:19.469000,417.9743006909479,995
2024-09-19 10:12:19.505000,417.87411816756816,99
2024-09-19 10:12:19.533000,417.88868292734776,1003
2024-09-19 10:12:19.556000,417.9090380735848,8
2024-09-19 10:12:19.561000,417.9677270025351,5
2024-09-19 10:12:19.757000,417.888614555415,10
2024-09-19 10:12:19.775000,417.9596813049784,996
2024-09-19 10:12:19.788000,417.96774277987913,103
2024-09-19 10:12:19.793000,417.8815084813044,101
2024-09-19 10:12:19.856000,417.9670699401186,105
2024-09-19 10:12:19.871000,417.976689385668,1005
2024-09-19 10:12:19.877000,417.8562446321775,11
2024-09-19 10:12:19.878000,417.9672016437581,1003
2024-09-19 10:12:19.904000,417.95059830845616,996
2024-09-19 10:12:19.908000,417.9848792331503,13
2024-09-19 10:12:20.046000,417.91015634087216,101
2024-09-19 10:12:20.117000,417.9072833719462,100
2024-09-19 10:12:20.213000,417.9154636886605,96
2024-09-19 10:12:20.251000,417.872170629873,997
2024-09-19 10:12:20.604000,417.8716684069476,104
2024-09-19 10:12:20.670000,417.8708225420843,100
2024-09-19 10:12:20.879000,417.8721125313739,14
2024-09-19 10:12:20.890000,417.88835100996727,101
2024-09-19 10:12:20.901000,417.9017820146208,11
2024-09-19 10:12:20.932000,417.89232658512447,15
2024-09-19 10:12:21.118000,417.917402240169,1000
2024-09-19 10:12:21.357000,417.9394873227795,5
2024-09-19 10:12:21.425000,417.9356578327357,102
2024-09-19 10:12:21.798000,417.90222770635927,103
2024-09-19 10:12:22.001000,417.9768703239896,104
2024-09-19 10:12:22.029000,417.9243608646508,15
2024-09-19 10:12:22.031000,417.9154239665681,1005
2024-09-19 10:12:22.144000,417.9201548193313,10
2024-09-19 10:12:22.156000,417.905256818835,9
2024-09-19 10:12:22.191000,417.9311566321816,1005
2024-09-19 10:12:22.231000,417.9091099523299,96
2024-09-19 10:12:22.262000,417.9276670493987,997
2024-09-19 10:12:22.365000,417.9705815514822,1000
2024-09-19 10:12:22.366000,417.9202930865132,11
2024-09-19 10:12:22.428000,417.9565760852429,100
2024-09-19 10:12:22.456000,417.9729475679115,98
2024-09-19 10:12:22.463000,417.9239094285825,97
2024-09-19 10:12:22.479000,417.9403267690616,997
2024-09-19 10:12:22.514000,417.9758587168594,11
2024-09-19 10:12:22.546000,417.9551613167066,105
2024-09-19 10:12:22.593000,417.9691800955171,999
2024-09-19 10:12:22.722000,417.934026197249,103
2024-09-19 10:12:22.742000,417.9579018216394,999
2024-09-19 10:12:22.864000,417.9312740488578,13
2024-09-19 10:12:22.985000,417.9411614268894,1000
2024-09-19 10:12:23.057000,417.9370801547829,999
2024-09-19 10:12:23.059000,417.9271551105312,12
2024-09-19 10:12:23.102000,417.91700100859146,98
2024-09-19 10:12:23.121000,417.9488838017066,105
2024-09-19 10:12:23.214000,417.93209923593696,14
2024-09-19 10:12:23.237000,417.9283226476031,6
2024-09-19 10:12:23.266000,417.92664289987647,97
2024-09-19 10:12:23.493000,417.9542551489386,997
2024-09-19 10:12:23.623000,417.9226743835809,97
2024-09-19 10:12:23.709000,417.9355572985116,98
2024-09-19 10:12:23.841000,417.92884342978937,97
2024-09-19 10:12:23.976000,417.94017602288864,1005
2024-09-19 10:12:24.028000,417.9951498411164,996
2024-09-19 10:12:24.037000,417.9994541259204,9
2024-09-19 10:12:24.073000,417.99473019836137,1000
2024-09-19 10:12:24.076000,417.9813830560346,6
2024-09-19 10:12:24.077000,417.9653745668283,98
2024-09-19 10:12:24.085000,418.055401051091,9
2024-09-19 10:12:24.193000,417.9910124236886,995
2024-09-19 10:12:24.229000,417.945325300959,6
2024-09-19 10:12:24.234000,417.9336849346568,1004
2024-09-19 10:12:24.242000,417.9065278707337,1005
2024-09-19 10:12:24.376000,417.9319432711203,101
2024-09-19 10:12:24.398000,417.92981179084376,103
2024-09-19 10:12:24.403000,418.031356658829,102
2024-09-19 10:12:24.471000,417.9088334182735,15
2024-09-19 10:12:24.500000,417.9882714069246,104
2024-09-19 10:12:24.505000,417.9367079218461,7
2024-09-19 10:12:24.529000,417.9616775645449,9
2024-09-19 10:12:24.556000,418.0062248443628,1004
2024-09-19 10:12:24.714000,417.93105048011154,12
2024-09-19 10:12:24.722000,418.0013518174295,104
2024-09-19 10:12:24.808000,418.0342449349974,97
2024-09-19 10:12:24.825000,417.9821416328951,1002
2024-09-19 10:12:24.836000,417.9324221397942,15
2024-09-19 10:12:24.885000,418.02838795926897,997
2024-09-19 10:12:24.903000,417.97817654510897,11
2024-09-19 10:12:24.911000,417.9851730560771,8
2024-09-19 10:12:24.916000,417.9380666330592,6
2024-09-19 10:12:24.925000,417.9368617637835,96
2024-09-19 10:12:24.989000,417.9476823390959,99
2024-09-19 10:12:25.016000,418.15474558028114,103
2024-09-19 10:12:25.017000,418.093623417819,10
2024-09-19 10:12:25.041000,418.104859174665,1003
2024-09-19 10:12:25.112000,418.1408577422639,97
2024-09-19 10:12:25.144000,418.10487867686106,1005
2024-09-19 10:12:25.234000,418.14134148833057,8
2024-09-19 10:12:25.240000,418.0966449660705,996
2024-09-19 10:12:25.372000,418.1029862530133,998
2024-09-19 10:12:25.382000,418.0897124225334,103
2024-09-19 10:12:25.464000,418.1181076465393,13
2024-09-19 10:12:25.726000,418.0837705305008,1003
2024-09-19 10:12:25.738000,418.1260980272628,10
2024-09-19 10:12:25.770000,418.14544784701,14
2024-09-19 10:12:25.770000,418.1567833216322,1004
2024-09-19 10:12:25.803000,418.0734281194295,9
2024-09-19 10:12:25.841000,418.1025113479588,1001
2024-09-19 10:12:25.897000,418.14439260671946,101
2024-09-19 10:12:25.934000,418.0515029244618,96
2024-09-19 10:12:25.989000,418.1435043331044,98
2024-09-19 10:12:26.106000,418.14906606646935,8
2024-09-19 10:12:26.276000,418.1407996358363,99
2024-09-19 10:12:26.378000,418.1211640676849,1004
2024-09-19 10:12:26.498000,418.14253558963327,95
2024-09-19 10:12:26.836000,418.1360723558971,11
2024-09-19 10:12:26.859000,418.126427358737,10
2024-09-19 10:12:27.381000,418.1488820434201,96
2024-09-19 10:12:27.462000,418.1473347383658,998
2024-09-19 10:12:27.488000,418.12477360960537,13
2024-09-19 10:12:27.804000,418.1518993074874,996
2024-09-19 10:12:28.031000,418.1216550157397,1000
2024-09-19 10:12:28.064000,418.1417629481247,103
2024-09-19 10:12:28.086000,418.1189007410181,7
2024-09-19 10:12:28.176000,418.13030706516753,13
2024-09-19 10:12:28.195000,418.14486474866345,99
2024-09-19 10:12:28.220000,418.13747332639537,1001
2024-09-19 10:12:28.272000,418.1622923576436,998
2024-09-19 10:12:28.277000,418.1374184725353,999
2024-09-19 10:12:28.324000,418.0940494181636,102
2024-09-19 10:12:28.367000,418.1212518637006,14
2024-09-19 10:12:28.432000,418.1147390804169,96
2024-09-19 10:12:28.452000,418.1457357467573,999
2024-09-19 10:12:28.499000,418.114479324484,7
2024-09-19 10:12:28.556000,418.14695901768806,99
2024-09-19 10:12:28.632000,418.1085816533741,102
2024-09-19 10:12:28.652000,418.1238175331996,97
2024-09-19 10:12:28.678000,418.1436409564377,98
2024-09-19 10:12:28.680000,418.12640078651737,10
2024-09-19 10:12:28.691000,418.1393958865917,14
2024-09-19 10:12:28.703000,418.1436881665304,1005
2024-09-19 10:12:28.718000,418.1237203385264,9
2024-09-19 10:12:28.734000,418.1205517172798,5
2024-09-19 10:12:28.775000,418.1136718185568,97
2024-09-19 10:12:28.821000,418.15119016094064,95
2024-09-19 10:12:28.822000,418.1188598511525,1001
2024-09-19 10:12:28.882000,418.1231488718012,1005
2024-09-19 10:12:28.891000,418.1066570390448,95
2024-09-19 10:12:28.964000,418.1437838309941,103
2024-09-19 10:12:28.999000,418.1290373218269,1005
2024-09-19 10:12:29.004000,418.1450804207835,1003
2024-09-19 10:12:29.030000,418.1814627602401,10
2024-09-19 10:12:29.061000,418.1932693306738,99
2024-09-19 10:12:29.105000,418.1346139665344,102
2024-09-19 10:12:29.129000,418.12630955602367,1004
2024-09-19 10:12:29.132000,418.1733189293131,99
2024-09-19 10:12:29.152000,418.1729943754574,96
2024-09-19 10:12:29.198000,418.1457144520715,8
2024-09-19 10:12:29.273000,418.2033116404911,997
2024-09-19 10:12:29.332000,418.1514844434455,999
2024-09-19 10:12:29.481000,418.1777544356269,998
2024-09-19 10:12:29.505000,418.1844115899472,999
2024-09-19 10:12:29.537000,418.1885387786567,995
2024-09-19 10:12:29.542000,418.1810697499008,1002
2024-09-19 10:12:29.579000,418.1120247532417,1002
2024-09-19 10:12:29.585000,418.1880057197693,9
2024-09-19 10:12:29.595000,418.1775055500441,10
2024-09-19 10:12:29.639000,418.1729469509954,998
2024-09-19 10:12:29.654000,418.1369635183688,12
2024-09-19 10:12:29.676000,418.1187016152994,6
2024-09-19 10:12:29.691000,418.1823168616439,996
2024-09-19 10:12:29.717000,418.1118142711777,1003
2024-09-19 10:12:29.730000,418.1364574235371,1005
2024-09-19 10:12:29.826000,418.1590293123453,7
2024-09-19 10:12:29.830000,418.131639300197,103
2024-09-19 10:12:29.966000,418.1863306998719,995
2024-09-19 10:12:29.991000,418.1941236975264,6
2024-09-19 10:12:30.024000,418.12110609042526,995
2024-09-19 10:12:30.071000,418.1243910720271,103
2024-09-19 10:12:30.100000,418.1017920982724,1005
2024-09-19 10:12:30.108000,418.1938038042436,97
2024-09-19 10:12:30.131000,418.0975607432504,103
2024-09-19 10:12:30.142000,418.1188412451296,996
2024-09-19 10:12:30.199000,418.15083946857055,11
2024-09-19 10:12:30.219000,418.1158619200394,98
2024-09-19 10:12:30.275000,418.12258004824827,104
2024-09-19 10:12:30.313000,418.1374492062536,104
2024-09-19 10:12:30.328000,418.1084557732764,102
2024-09-19 10:12:30.343000,418.1166657270757,7
2024-09-19 10:12:30.359000,418.11290774301807,101
2024-09-19 10:12:30.359000,418.1319058596925,99
2024-09-19 10:12:30.362000,418.1214556295175,8
2024-09-19 10:12:30.363000,418.1053507796567,12
2024-09-19 10:12:30.388000,418.1068257085665,97
2024-09-19 10:12:30.426000,418.165393680861,9
2024-09-19 10:12:30.617000,418.1348992715913,10
2024-09-19 10:12:30.665000,418.1894365893925,1003
2024-09-19 10:12:30.680000,418.17709595264944,1002
2024-09-19 10:12:30.767000,418.1712183122112,9
2024-09-19 10:12:30.799000,418.1321236494752,1002
2024-09-19 10:12:30.825000,418.17150544376045,6
2024-09-19 10:12:30.868000,418.11146403569495,998
2024-09-19 10:12:30.881000,418.1312993185197,15
2024-09-19 10:12:30.940000,418.1111047878285,7
2024-09-19 10:12:30.984000,418.1876102953853,1002
2024-09-19 10:12:31.110000,418.1857439316765,999
2024-09-19 10:12:31.697000,418.1990550944937,103
2024-09-19 10:12:31.774000,418.199489085081,6
2024-09-19 10:12:31.808000,418.19719959804416,996
2024-09-19 10:12:31.820000,418.2076947328518,99
2024-09-19 10:12:31.973000,418.1854655333308,6
2024-09-19 10:12:32.015000,418.1966211549336,997
2024-09-19 10:12:32.085000,418.2064157206497,102
2024-09-19 10:12:32.094000,418.1923338821288,12
2024-09-19 10:12:32.402000,418.200133986544,995
2024-09-19 10:12:32.415000,418.1932189645197,1002
2024-09-19 10:12:32.563000,418.2273438493441,10
2024-09-19 10:12:32.587000,418.204212537231,5
2024-09-19 10:12:32.617000,418.1845559928465,997
2024-09-19 10:12:32.736000,418.2281923382305,8
2024-09-19 10:12:32.754000,418.1944307689032,101
2024-09-19 10:12:32.856000,418.1980609041892,105
2024-09-19 10:12:32.868000,418.1950218608241,97
2024-09-19 10:12:32.884000,418.2289935446447,1000
2024-09-19 10:12:32.925000,418.2227062991088,998
2024-09-19 10:12:33.022000,418.1280835769391,1001
2024-09-19 10:12:33.029000,418.20572745406514,1003
2024-09-19 10:12:33.076000,418.220409654398,99
2024-09-19 10:12:33.093000,418.235639377508,14
2024-09-19 10:12:33.100000,418.1980673408528,100
2024-09-19 10:12:33.104000,418.1855972999997,1001
2024-09-19 10:12:33.168000,418.13215568238985,6
2024-09-19 10:12:33.188000,418.213915003807,101
2024-09-19 10:12:33.255000,418.1601251056014,999
2024-09-19 10:12:33.258000,418.15648746633735,1005
2024-09-19 10:12:33.350000,418.20422879858535,996
2024-09-19 10:12:33.429000,418.1801491474935,1005
2024-09-19 10:12:33.482000,418.1444305355877,11
2024-09-19 10:12:33.486000,418.1330945656513,100
2024-09-19 10:12:33.495000,418.1522530128135,11
2024-09-19 10:12:33.593000,418.1769112742057,10
2024-09-19 10:12:33.638000,418.2030690138305,995
2024-09-19 10:12:33.643000,418.18463617758624,13
2024-09-19 10:12:33.701000,418.1827433459253,96
2024-09-19 10:12:33.721000,418.1659207498542,5
2024-09-19 10:12:33.739000,418.238430655896,1002
2024-09-19 10:12:33.749000,418.1514861871863,103
2024-09-19 10:12:33.799000,418.1426145813,95
2024-09-19 10:12:33.836000,418.2138484176042,8
2024-09-19 10:12:33.841000,418.202670817728,1003
2024-09-19 10:12:33.863000,418.2010452370368,98
2024-09-19 10:12:33.880000,418.1313690327642,105
2024-09-19 10:12:33.966000,418.1743755456535,1000
2024-09-19 10:12:33.996000,418.1528956314497,10
2024-09-19 10:12:34.031000,418.1339803659208,101
2024-09-19 10:12:34.048000,418.1451492998124,999
2024-09-19 10:12:34.144000,418.1407778029006,96
2024-09-19 10:12:34.249000,418.1329085957766,999
2024-09-19 10:12:34.333000,418.1400065502519,1003
2024-09-19 10:12:34.735000,418.14663272594856,104
2024-09-19 10:12:34.783000,418.1439250457115,96
2024-09-19 10:12:34.904000,418.1440374908528,997
2024-09-19 10:12:35.135000,418.1174025480293,97
2024-09-19 10:12:35.609000,418.1055407959161,11
2024-09-19 10:12:35.609000,418.1191582958421,14
2024-09-19 10:12:35.753000,418.1121014292223,6
2024-09-19 10:12:35.991000,418.1328326061816,102
2024-09-19 10:12:36.041000,418.1134125027559,15
2024-09-19 10:12:36.352000,418.1466533636523,999
2024-09-19 10:12:36.428000,418.1428394398029,97
2024-09-19 10:12:36.520000,418.14230856165375,99
2024-09-19 10:12:36.628000,418.13457583471126,1004
2024-09-19 10:12:36.740000,418.1117972827144,1000
2024-09-19 10:12:36.843000,418.129767047332,100
2024-09-19 10:12:36.900000,418.1216520011219,97
2024-09-19 10:12:37.091000,418.1804005073583,14
2024-09-19 10:12:37.134000,418.1404898369508,99
2024-09-19 10:12:37.184000,418.1976490712811,14
2024-09-19 10:12:37.353000,418.2032855065463,96
2024-09-19 10:12:37.465000,418.1956595596228,1003
2024-09-19 10:12:37.488000,418.1599971432898,95
2024-09-19 10:12:37.495000,418.2037510876247,1003
2024-09-19 10:12:37.497000,418.19735725496446,11
2024-09-19 10:12:37.755000,418.2163025996352,1005
2024-09-19 10:12:37.778000,418.2032819098792,10
2024-09-19 10:12:37.802000,418.2182445915856,10
2024-09-19 10:12:37.836000,418.1491615970785,102
2024-09-19 10:12:37.850000,418.1717076345333,6
2024-09-19 10:12:37.869000,418.1987118534074,9
2024-09-19 10:12:37.926000,418.1837098462437,96
2024-09-19 10:12:38.321000,418.15209708230736,5
2024-09-19 10:12:39.011000,418.10936669325184,13
2024-09-19 10:12:39.177000,418.1305072679703,95
2024-09-19 10:12:39.180000,418.0949163035646,15
2024-09-19 10:12:39.245000,418.1442118238657,997
2024-09-19 10:12:39.285000,418.1164627666541,104
2024-09-19 10:12:39.290000,418.1041613979911,1005
2024-09-19 10:12:39.336000,418.0916531479559,1004
2024-09-19 10:12:39.342000,418.1109180957632,1000
2024-09-19 10:12:39.456000,418.09715998588433,5
2024-09-19 10:12:39.472000,418.13297593855793,1001
2024-09-19 10:12:39.478000,418.1158897684328,101
2024-09-19 10:12:39.594000,418.0829108722732,102
2024-09-19 10:12:39.604000,418.107993953823,8
2024-09-19 10:12:39.709000,418.0892788031903,5
2024-09-19 10:12:39.720000,418.10408764838144,99
2024-09-19 10:12:39.733000,418.11094873320735,103
2024-09-19 10:12:39.769000,418.0972512823898,95
2024-09-19 10:12:39.825000,418.093791877668,1005
2024-09-19 10:12:39.859000,418.10739651893954,1002
2024-09-19 10:12:39.928000,418.0845472861352,1004
2024-09-19 10:12:40.034000,418.0965358473951,97
2024-09-19 10:12:40.040000,418.1096686416155,10
2024-09-19 10:12:40.087000,418.1817130374001,1001
2024-09-19 10:12:40.091000,418.1855655541376,996
2024-09-19 10:12:40.171000,418.1954594031657,102
2024-09-19 10:12:40.185000,418.1777923708149,997
2024-09-19 10:12:40.258000,418.1820298914843,995
2024-09-19 10:12:40.372000,418.1934774838403,98
2024-09-19 10:12:40.398000,418.1828591962376,98
2024-09-19 10:12:40.447000,418.1870352654778,95
2024-09-19 10:12:40.481000,418.1367249559936,100
2024-09-19 10:12:40.546000,418.1598659607757,6
2024-09-19 10:12:40.553000,418.1853826480042,8
2024-09-19 10:12:40.664000,418.2127132396592,1002
2024-09-19 10:12:40.684000,418.18840395734543,98
2024-09-19 10:12:40.850000,418.1805089147911,999
2024-09-19 10:12:40.935000,418.188390152848,1000
2024-09-19 10:12:40.951000,418.1571632286296,1000
2024-09-19 10:12:40.968000,418.1895829770248,105
2024-09-19 10:12:41.094000,418.1492359017928,1002
2024-09-19 10:12:41.191000,418.1341705609898,1004
2024-09-19 10:12:41.197000,418.1464887420925,1002
2024-09-19 10:12:41.260000,418.1367095597153,11
2024-09-19 10:12:41.270000,418.19893227362513,95
2024-09-19 10:12:41.286000,418.196101261232,5
2024-09-19 10:12:41.296000,418.1748622113067,100
2024-09-19 10:12:41.298000,418.1775262472906,103
2024-09-19 10:12:41.331000,418.1517942203416,13
2024-09-19 10:12:41.354000,418.19059957925566,101
2024-09-19 10:12:41.379000,418.1414171015271,14
2024-09-19 10:12:41.383000,418.1632535750593,8
2024-09-19 10:12:41.403000,418.173477740277,999
2024-09-19 10:12:41.471000,418.1385449791765,98
2024-09-19 10:12:41.476000,418.207998351636,99
2024-09-19 10:12:41.500000,418.1931356267876,1001
2024-09-19 10:12:41.565000,418.1563753693716,95
2024-09-19 10:12:41.570000,418.2067264662257,1003
2024-09-19 10:12:41.633000,418.1872361765506,7
2024-09-19 10:12:41.659000,418.16527632768975,101
2024-09-19 10:12:41.659000,418.2151594638154,102
2024-09-19 10:12:41.661000,418.1686236488182,13
2024-09-19 10:12:41.714000,418.1340817419779,1004
2024-09-19 10:12:41.809000,418.2033601041002,1002
2024-09-19 10:12:41.822000,418.18766509463353,10
2024-09-19 10:12:41.832000,418.1970356141129,9
2024-09-19 10:12:41.901000,418.1812801337748,105
2024-09-19 10:12:41.969000,418.187479019324,1002
2024-09-19 10:12:42.007000,418.1573327971351,10
2024-09-19 10:12:42.214000,418.15556378497257,97
2024-09-19 10:12:42.385000,418.1611606884071,97
2024-09-19 10:12:42.415000,418.1539555537257,1001
2024-09-19 10:12:42.452000,418.1679675281264,998
2024-09-19 10:12:42.562000,418.1774299904843,998
2024-09-19 10:12:42.582000,418.1688334727853,100
2024-09-19 10:12:42.645000,418.1796744581032,7
2024-09-19 10:12:42.803000,418.1584308663405,14
2024-09-19 10:12:42.846000,418.17160758534885,10
2024-09-19 10:12:42.895000,418.1654729882986,12
2024-09-19 10:12:42.906000,418.1656227230504,14
2024-09-19 10:12:43.024000,418.1643447909792,99
2024-09-19 10:12:43.079000,418.1571499481089,96
2024-09-19 10:12:43.093000,418.1769012779031,95
2024-09-19 10:12:43.165000,418.1732536032501,6
2024-09-19 10:12:43.233000,418.1553465170828,98
2024-09-19 10:12:43.239000,418.1453726941996,996
2024-09-19 10:12:43.297000,418.1731840005663,1001
2024-09-19 10:12:43.311000,418.1684575010173,999
2024-09-19 10:12:43.326000,418.1645160451332,12
2024-09-19 10:12:43.350000,418.1673779220588,998
2024-09-19 10:12:43.353000,418.1482258674785,1003
2024-09-19 10:12:43.429000,418.1528566275848,14
2024-09-19 10:12:43.460000,418.1359275469713,996
2024-09-19 10:12:43.484000,418.1775415955569,1004
2024-09-19 10:12:43.486000,418.1743039302378,8
2024-09-19 10:12:43.497000,418.1400561721453,12
2024-09-19 10:12:43.552000,418.1573545759482,1000
2024-09-19 10:12:43.595000,418.185715786164,104
2024-09-19 10:12:43.619000,418.1483612489332,13
2024-09-19 10:12:43.885000,418.1554471377812,1003
2024-09-19 10:12:43.895000,418.17563074572894,8
2024-09-19 10:12:43.899000,418.1770891349812,14
2024-09-19 10:12:43.909000,418.1601296642853,103
2024-09-19 10:12:43.965000,418.14749632700864,995
2024-09-19 10:12:43.988000,418.1925730049117,999
2024-09-19 10:12:44.107000,417.97535246288527,14
2024-09-19 10:12:44.136000,418.0074402685073,105
2024-09-19 10:12:44.247000,418.1062672102642,96
2024-09-19 10:12:44.269000,418.07543642526144,1004
2024-09-19 10:12:44.292000,418.06634534296217,1004
2024-09-19 10:12:44.301000,418.0012489015888,100
2024-09-19 10:12:44.345000,417.9900776855953,1000
2024-09-19 10:12:44.394000,418.1149106440377,104
2024-09-19 10:12:44.408000,418.1453773935504,11
2024-09-19 10:12:44.415000,418.1306028781633,9
2024-09-19 10:12:44.427000,417.9836285029853,5
2024-09-19 10:12:44.455000,418.0854550706657,95
2024-09-19 10:12:44.467000,418.08081615678776,14
2024-09-19 10:12:44.480000,418.0933491699728,1003
2024-09-19 10:12:44.493000,417.9674227994007,1002
2024-09-19 10:12:44.586000,418.0248066292637,1001
2024-09-19 10:12:44.590000,418.1199012321236,10
2024-09-19 10:12:44.591000,418.0726682005629,97
2024-09-19 10:12:44.598000,418.0191331625941,102
2024-09-19 10:12:44.614000,418.14228324917786,97
2024-09-19 10:12:44.782000,418.0717302891924,100
2024-09-19 10:12:44.810000,418.1081406273186,998
2024-09-19 10:12:44.875000,418.1368139251304,998
2024-09-19 10:12:44.882000,418.1055660122245,995
2024-09-19 10:12:44.938000,418.1293296174466,100
2024-09-19 10:12:44.940000,418.0390282746749,998
2024-09-19 10:12:44.954000,418.1030836796947,999
2024-09-19 10:12:44.965000,418.0988018232717,1005
2024-09-19 10:12:44.972000,418.08034065918247,11
2024-09-19 10:12:45.066000,417.9600729501578,1000
2024-09-19 10:12:45.091000,417.9707862109495,1001
2024-09-19 10:12:45.122000,417.9615086799353,5
2024-09-19 10:12:45.209000,418.0052288373946,14
2024-09-19 10:12:45.257000,418.0046329491643,8
2024-09-19 10:12:45.315000,417.9967044913575,13
2024-09-19 10:12:45.339000,417.99123038032593,11
2024-09-19 10:12:45.351000,417.991351571031,996
2024-09-19 10:12:45.409000,418.0005565026498,8
2024-09-19 10:12:45.495000,418.0166271724372,99
2024-09-19 10:12:45.618000,417.9504647790384,10
2024-09-19 10:12:45.654000,417.9525651313376,101
2024-09-19 10:12:45.729000,417.9541251862855,105
2024-09-19 10:12:45.781000,418.0048379588042,99
2024-09-19 10:12:45.842000,417.9567401984447,13
2024-09-19 10:12:45.943000,417.9621699479694,105
2024-09-19 10:12:46.010000,417.95317077553295,15
2024-09-19 10:12:46.015000,418.00560115938777,105
2024-09-19 10:12:46.113000,417.96182426571096,100
2024-09-19 10:12:46.153000,417.9878385841545,10
2024-09-19 10:12:46.198000,417.9926918632455,996
2024-09-19 10:12:46.219000,417.9693136485222,96
2024-09-19 10:12:46.257000,417.9720267703863,999
2024-09-19 10:12:46.271000,418.0020935595368,999
2024-09-19 10:12:46.363000,418.01146171723246,97
2024-09-19 10:12:46.390000,417.9513103590375,7
2024-09-19 10:12:46.458000,418.01026514930425,101
2024-09-19 10:12:46.493000,417.9611470079492,104
2024-09-19 10:12:46.644000,417.9794136666077,997
2024-09-19 10:12:46.660000,417.9574631515691,8
2024-09-19 10:12:46.698000,417.9762908003824,1005
2024-09-19 10:12:46.701000,417.9711177012255,104
2024-09-19 10:12:46.709000,417.9547485153509,1002
2024-09-19 10:12:46.737000,418.0060145801364,15
2024-09-19 10:12:46.835000,417.97766839657857,1000
2024-09-19 10:12:46.913000,417.981379555486,99
2024-09-19 10:12:47.027000,417.9206940521696,9
2024-09-19 10:12:47.051000,417.9227219250746,104
2024-09-19 10:12:47.095000,417.9351007858009,97
2024-09-19 10:12:47.263000,417.91046356909504,1003
2024-09-19 10:12:47.280000,417.98224561406863,1003
2024-09-19 10:12:47.402000,417.9355048025627,1004
2024-09-19 10:12:47.418000,417.9078533421028,1001
2024-09-19 10:12:47.471000,417.9239391492815,103
2024-09-19 10:12:47.597000,417.94313101553695,996
2024-09-19 10:12:47.599000,417.952702662598,104
2024-09-19 10:12:47.618000,417.9111633365829,99
2024-09-19 10:12:47.666000,417.9196224615797,1000
2024-09-19 10:12:47.747000,417.95205374482026,996
2024-09-19 10:12:47.760000,417.9416950325996,100
2024-09-19 10:12:47.781000,417.9131682442058,104
2024-09-19 10:12:47.898000,417.9180251515854,997
2024-09-19 10:12:47.935000,417.9551125651087,12
2024-09-19 10:12:47.998000,417.92634774945634,98
2024-09-19 10:12:48.084000,417.9230187459965,1001
2024-09-19 10:12:48.217000,417.91862394665065,995
2024-09-19 10:12:48.750000,417.9270683293154,104
2024-09-19 10:12:48.822000,417.9533801383453,8
2024-09-19 10:12:48.914000,417.9448579172275,13
2024-09-19 10:12:49.037000,417.8837421365722,13
2024-09-19 10:12:49.066000,417.78513344607126,98
2024-09-19 10:12:49.084000,417.7843535047849,102
2024-09-19 10:12:49.109000,417.80828997189934,8
2024-09-19 10:12:49.188000,417.85031907494033,1000
2024-09-19 10:12:49.197000,417.7792259750191,9
2024-09-19 10:12:49.248000,417.83423149023554,11
2024-09-19 10:12:49.285000,417.9082649407661,105
2024-09-19 10:12:49.314000,417.77506176700456,1001
2024-09-19 10:12:49.317000,417.7901841963487,1001
2024-09-19 10:12:49.377000,417.8568839181529,102
2024-09-19 10:12:49.411000,417.9106405768546,996
2024-09-19 10:12:49.481000,417.91932399006544,1002
2024-09-19 10:12:49.492000,417.9107237775333,9
2024-09-19 10:12:49.554000,417.84431330482255,1003
2024-09-19 10:12:49.578000,417.84026441399976,1004
2024-09-19 10:12:49.616000,417.8590231139854,11
2024-09-19 10:12:49.656000,417.8524478094042,11
2024-09-19 10:12:49.688000,417.8887802469843,96
2024-09-19 10:12:49.758000,417.8095853046497,1004
2024-09-19 10:12:49.868000,417.8750773348895,103
2024-09-19 10:12:49.871000,417.90039726128487,1005
2024-09-19 10:12:49.871000,417.9063671220727,996
2024-09-19 10:12:49.932000,417.7686676132994,995
2024-09-19 10:12:49.988000,417.9291840051685,996
2024-09-19 10:12:49.989000,417.8864131602173,6
2024-09-19 10:12:49.996000,417.91314880922,996
2024-09-19 10:12:50.051000,417.763564237024,103
2024-09-19 10:12:50.090000,417.77053628477097,103
2024-09-19 10:12:50.091000,417.77965145834094,101
2024-09-19 10:12:50.125000,417.750840135617,1001
2024-09-19 10:12:50.165000,417.784990583092,101
2024-09-19 10:12:50.173000,417.7429024798581,997
2024-09-19 10:12:50.263000,417.776512984219,102
2024-09-19 10:12:50.363000,417.74197428184135,103
2024-09-19 10:12:50.465000,417.75511257968486,11
2024-09-19 10:12:50.490000,417.7671899092151,1003
2024-09-19 10:12:50.507000,417.7423110874305,995
2024-09-19 10:12:50.515000,417.7383406409932,995
2024-09-19 10:12:50.528000,417.74146587332,1003
2024-09-19 10:12:50.566000,417.7850440813639,13
2024-09-19 10:12:50.584000,417.7992266145909,99
2024-09-19 10:12:50.635000,417.7576472707598,8
2024-09-19 10:12:50.728000,417.7429460038233,8
2024-09-19 10:12:50.771000,417.7766931615178,101
2024-09-19 10:12:50.819000,417.7541348997248,95
2024-09-19 10:12:50.840000,417.7828169027616,7
2024-09-19 10:12:50.898000,417.7601651203936,103
2024-09-19 10:12:50.946000,417.7348386150032,1005
2024-09-19 10:12:51.008000,417.7983954533987,1002
2024-09-19 10:12:51.020000,417.7619341608991,105
2024-09-19 10:12:51.071000,417.7811062104714,1002
2024-09-19 10:12:51.089000,417.8042102923894,1005
2024-09-19 10:12:51.092000,417.7298890899236,8
2024-09-19 10:12:51.119000,417.777567276788,9
2024-09-19 10:12:51.131000,417.7412499614832,98
2024-09-19 10:12:51.238000,417.7191730983709,99
2024-09-19 10:12:51.306000,417.7408261236642,1003
2024-09-19 10:12:51.313000,417.73104378348137,1003
2024-09-19 10:12:51.373000,417.78412630203087,12
2024-09-19 10:12:51.403000,417.79372606380815,6
2024-09-19 10:12:51.455000,417.7249987102133,6
2024-09-19 10:12:51.531000,417.7421865755058,7
2024-09-19 10:12:51.531000,417.7365894086586,98
2024-09-19 10:12:51.546000,417.7193665555075,13
2024-09-19 10:12:51.657000,417.714647564046,15
2024-09-19 10:12:51.662000,417.7491544342261,103
2024-09-19 10:12:51.713000,417.79802332690616,996
2024-09-19 10:12:51.756000,417.7293079587573,9
2024-09-19 10:12:51.796000,417.7516854871236,12
2024-09-19 10:12:51.827000,417.7541244693484,12
2024-09-19 10:12:51.835000,417.7359729628377,10
2024-09-19 10:12:51.836000,417.8014944577348,997
2024-09-19 10:12:51.866000,417.7715602611378,6
2024-09-19 10:12:51.908000,417.7547381530624,6
2024-09-19 10:12:51.944000,417.7865104994329,5
2024-09-19 10:12:52.019000,417.75296166426926,12
2024-09-19 10:12:52.046000,417.78511591525256,12
2024-09-19 10:12:52.084000,417.7648027161532,103
2024-09-19 10:12:52.108000,417.7417522233326,96
2024-09-19 10:12:52.134000,417.8129880691502,10
2024-09-19 10:12:52.146000,417.8196335015404,995
2024-09-19 10:12:52.212000,417.8093805748133,999
2024-09-19 10:12:52.230000,417.7957370057894,1004
2024-09-19 10:12:52.260000,417.7471774795317,105
2024-09-19 10:12:52.263000,417.8196988584392,1003
2024-09-19 10:12:52.298000,417.7568748486072,11
2024-09-19 10:12:52.318000,417.7930845759944,102
2024-09-19 10:12:52.352000,417.73148854342287,6
2024-09-19 10:12:52.399000,417.7902052366341,997
2024-09-19 10:12:52.545000,417.7882591845754,95
2024-09-19 10:12:52.569000,417.7482667076703,15
2024-09-19 10:12:52.575000,417.7496767442074,995
2024-09-19 10:12:52.662000,417.7433677377092,11
2024-09-19 10:12:52.712000,417.7758622650192,9
2024-09-19 10:12:52.736000,417.7448371643509,998
2024-09-19 10:12:52.740000,417.7524432830169,999
2024-09-19 10:12:52.816000,417.7398182008841,7
2024-09-19 10:12:52.915000,417.8039240428415,11
2024-09-19 10:12:52.922000,417.7584728428957,98
2024-09-19 10:12:52.989000,417.7551200605537,996
2024-09-19 10:12:53.042000,417.6788068225191,1003
2024-09-19 10:12:53.112000,417.7696016244826,101
2024-09-19 10:12:53.149000,417.6890155460171,9
2024-09-19 10:12:53.298000,417.6885377157844,998
2024-09-19 10:12:53.378000,417.69799927504994,1000
2024-09-19 10:12:53.379000,417.75361871546096,98
2024-09-19 10:12:53.383000,417.72063393987673,6
2024-09-19 10:12:53.401000,417.72531703611736,15
2024-09-19 10:12:53.471000,417.6914322595,11
2024-09-19 10:12:53.506000,417.671349669826,15
2024-09-19 10:12:53.529000,417.6912831033024,102
2024-09-19 10:12:53.620000,417.70469023610025,103
2024-09-19 10:12:53.637000,417.7072185826013,8
2024-09-19 10:12:53.745000,417.7065293359548,1001
2024-09-19 10:12:53.761000,417.7084717127492,1000
2024-09-19 10:12:53.893000,417.69003574916354,15
2024-09-19 10:12:53.922000,417.75060828374205,100
2024-09-19 10:12:53.932000,417.7735688344084,101
2024-09-19 10:12:54.065000,417.6889609928184,11
2024-09-19 10:12:54.192000,417.6957842374188,7
2024-09-19 10:12:54.237000,417.7006573399781,99
2024-09-19 10:12:54.254000,417.6961773918834,998
2024-09-19 10:12:54.319000,417.6954604775309,95
2024-09-19 10:12:55.957000,417.6873721909333,102
2024-09-19 10:12:56.047000,417.599269826419,998
2024-09-19 10:12:56.150000,417.6720220456648,104
2024-09-19 10:12:56.153000,417.66866559937074,1002
2024-09-19 10:12:56.156000,417.6759644718911,99
2024-09-19 10:12:56.180000,417.6499930838498,96
2024-09-19 10:12:56.199000,417.6192705044468,1003
2024-09-19 10:12:56.261000,417.66249952392224,102
2024-09-19 10:12:56.275000,417.6654954282546,100
2024-09-19 10:12:56.299000,417.70284053817807,14
2024-09-19 10:12:56.316000,417.6702679701779,96
2024-09-19 10:12:56.335000,417.66969070353855,14
2024-09-19 10:12:56.342000,417.6830797107292,6
2024-09-19 10:12:56.421000,417.6823046293039,102
2024-09-19 10:12:56.468000,417.6419013045118,1005
2024-09-19 10:12:56.475000,417.66188176601776,13
2024-09-19 10:12:56.535000,417.68863134599394,7
2024-09-19 10:12:56.626000,417.62223861527366,1004
2024-09-19 10:12:56.647000,417.6636251740098,97
2024-09-19 10:12:56.667000,417.6641902060727,1004
2024-09-19 10:12:56.771000,417.6459056057081,105
2024-09-19 10:12:56.774000,417.6721478983511,102
2024-09-19 10:12:56.781000,417.6641555311197,1003
2024-09-19 10:12:56.914000,417.6673405334783,97
2024-09-19 10:12:56.936000,417.65661497711415,998
2024-09-19 10:12:56.963000,417.6686517353626,104
2024-09-19 10:12:56.976000,417.6557469172868,101
2024-09-19 10:12:57.122000,417.5912658527474,997
2024-09-19 10:12:57.194000,417.6195399651812,5
2024-09-19 10:12:57.232000,417.5905375671119,999
2024-09-19 10:12:57.303000,417.5908022964593,101
2024-09-19 10:12:57.314000,417.6036946310009,11
2024-09-19 10:12:57.357000,417.611050575088,96
2024-09-19 10:12:57.382000,417.6123752477164,997
2024-09-19 10:12:57.422000,417.5860539053896,1004
2024-09-19 10:12:57.454000,417.5803675967968,103
2024-09-19 10:12:57.480000,417.6052025764196,13
2024-09-19 10:12:57.483000,417.6053560699487,5
2024-09-19 10:12:57.492000,417.609593005647,99
2024-09-19 10:12:57.535000,417.5928262282859,1004
2024-09-19 10:12:57.563000,417.5899791758733,1004
2024-09-19 10:12:57.636000,417.60195907448025,104
2024-09-19 10:12:57.670000,417.6060031064957,995
2024-09-19 10:12:57.694000,417.59460912591146,999
2024-09-19 10:12:57.723000,417.6137445547192,98
2024-09-19 10:12:57.762000,417.6023227063289,100
2024-09-19 10:12:57.765000,417.5980762733357,998
2024-09-19 10:12:57.782000,417.6062065779826,8
2024-09-19 10:12:57.829000,417.59881310751103,96
2024-09-19 10:12:57.855000,417.5993787792997,97
2024-09-19 10:12:57.874000,417.59833800006015,100
2024-09-19 10:12:58.101000,417.61693916563775,9
2024-09-19 10:12:58.142000,417.594797368074,97
2024-09-19 10:12:58.226000,417.6112784741254,9
2024-09-19 10:12:58.228000,417.6023401511313,11
2024-09-19 10:12:58.344000,417.6069882377165,15
2024-09-19 10:12:58.500000,417.6209865232686,1000
2024-09-19 10:12:58.506000,417.6279388996409,97
2024-09-19 10:12:58.655000,417.6149574953398,14
2024-09-19 10:12:58.676000,417.60483224465446,6
2024-09-19 10:12:58.704000,417.6089626295823,12
2024-09-19 10:12:58.712000,417.5972131355695,10
2024-09-19 10:12:58.918000,417.5838369206009,1002
2024-09-19 10:12:59.015000,417.65457510194585,11
2024-09-19 10:12:59.015000,417.6343089147697,996
2024-09-19 10:12:59.081000,417.64949474203553,1005
2024-09-19 10:12:59.110000,417.63868476906345,96
2024-09-19 10:12:59.275000,417.62761241532087,1003
2024-09-19 10:12:59.378000,417.6620237239588,1001
2024-09-19 10:12:59.399000,417.6639910675057,98
2024-09-19 10:12:59.537000,417.6469582193593,97
2024-09-19 10:12:59.584000,417.6578142662588,1000
2024-09-19 10:12:59.603000,417.6225915211955,15
2024-09-19 10:12:59.606000,417.6602662650827,8
2024-09-19 10:12:59.706000,417.6463876929343,999
2024-09-19 10:12:59.706000,417.6674500929557,14
2024-09-19 10:12:59.733000,417.6465044985032,997
2024-09-19 10:12:59.825000,417.6746863557359,12
2024-09-19 10:12:59.872000,417.654272400672,997
2024-09-19 10:12:59.960000,417.6587381761441,14
2024-09-19 10:12:59.965000,417.6729366582672,100
2024-09-19 10:12:59.980000,417.6420489054959,14
