Timestamp,Price,Size
2024-09-20 10:52:00.086000,425.3768638836634,15
2024-09-20 10:52:00.107000,425.3888887068754,8
2024-09-20 10:52:00.134000,425.3486930731023,97
2024-09-20 10:52:00.440000,425.3640431828352,8
2024-09-20 10:52:00.449000,425.3696446471203,1001
2024-09-20 10:52:00.581000,425.3796621747732,99
2024-09-20 10:52:00.591000,425.3502509429497,998
2024-09-20 10:52:00.627000,425.37253613954016,9
2024-09-20 10:52:00.635000,425.3446941869818,99
2024-09-20 10:52:00.642000,425.3676050238684,1001
2024-09-20 10:52:00.790000,425.3548828060176,995
2024-09-20 10:52:00.791000,425.382965324864,15
2024-09-20 10:52:00.835000,425.357841299401,9
2024-09-20 10:52:00.841000,425.3582660788172,13
2024-09-20 10:52:00.948000,425.35508768138885,95
2024-09-20 10:52:00.969000,425.38199838550406,12
2024-09-20 10:52:00.994000,425.36521678205,14
2024-09-20 10:52:01.004000,425.3219735176765,104
2024-09-20 10:52:01.044000,425.3142545890684,104
2024-09-20 10:52:01.061000,425.3037600526658,8
2024-09-20 10:52:01.107000,425.32416269934026,101
2024-09-20 10:52:01.141000,425.3391306027129,1003
2024-09-20 10:52:01.158000,425.3424686482642,995
2024-09-20 10:52:01.176000,425.3221373865259,15
2024-09-20 10:52:01.225000,425.32710441320296,98
2024-09-20 10:52:01.243000,425.29999157727104,9
2024-09-20 10:52:01.273000,425.29436858419774,15
2024-09-20 10:52:01.318000,425.33177294990986,97
2024-09-20 10:52:01.318000,425.3275413657085,996
2024-09-20 10:52:01.321000,425.3441731031365,1001
2024-09-20 10:52:01.362000,425.34405354833166,1002
2024-09-20 10:52:01.381000,425.3172284559473,96
2024-09-20 10:52:01.450000,425.30867927901016,997
2024-09-20 10:52:01.466000,425.3268346957454,996
2024-09-20 10:52:01.510000,425.29564043442974,15
2024-09-20 10:52:01.647000,425.3904031229235,8
2024-09-20 10:52:01.730000,425.3473870695559,97
2024-09-20 10:52:01.863000,425.32788239513,1005
2024-09-20 10:52:01.876000,425.3151324995175,15
2024-09-20 10:52:01.878000,425.3169055871568,996
2024-09-20 10:52:01.893000,425.323371802415,6
2024-09-20 10:52:01.895000,425.3196528343004,12
2024-09-20 10:52:01.910000,425.35755209949673,97
2024-09-20 10:52:01.945000,425.3288353515349,1001
2024-09-20 10:52:02.002000,425.3634186632027,103
2024-09-20 10:52:02.041000,425.3587248137194,105
2024-09-20 10:52:02.110000,425.3748863607288,1000
2024-09-20 10:52:02.207000,425.36657133831466,12
2024-09-20 10:52:02.208000,425.35609889917697,9
2024-09-20 10:52:02.250000,425.35592640921857,10
2024-09-20 10:52:02.252000,425.3711968768849,996
2024-09-20 10:52:02.279000,425.3686767798678,5
2024-09-20 10:52:02.282000,425.3704552993391,96
2024-09-20 10:52:02.357000,425.3500147401424,98
2024-09-20 10:52:02.390000,425.3175311111253,998
2024-09-20 10:52:02.401000,425.391488809067,6
2024-09-20 10:52:02.439000,425.3558663171231,1001
2024-09-20 10:52:02.502000,425.36333858116944,105
2024-09-20 10:52:02.541000,425.3271880276019,103
2024-09-20 10:52:02.572000,425.3394314548005,5
2024-09-20 10:52:02.621000,425.3488842659107,998
2024-09-20 10:52:02.653000,425.3195487708016,104
2024-09-20 10:52:02.657000,425.3531476091044,1002
2024-09-20 10:52:02.681000,425.3675755813546,101
2024-09-20 10:52:02.754000,425.35271516185935,996
2024-09-20 10:52:02.774000,425.3470910549168,98
2024-09-20 10:52:02.921000,425.353986878569,13
2024-09-20 10:52:03.028000,425.38016264368616,8
2024-09-20 10:52:03.275000,425.3754669156344,13
2024-09-20 10:52:03.356000,425.3808233372197,999
2024-09-20 10:52:03.439000,425.3621263339788,1004
2024-09-20 10:52:03.443000,425.3787445034722,96
2024-09-20 10:52:03.699000,425.39546277500375,13
2024-09-20 10:52:03.814000,425.3796310844089,9
2024-09-20 10:52:03.900000,425.375808001322,999
2024-09-20 10:52:04.551000,425.3898868528341,10
2024-09-20 10:52:04.757000,425.38513575388873,102
2024-09-20 10:52:05.055000,425.4048053551055,104
2024-09-20 10:52:05.090000,425.4185352433728,98
2024-09-20 10:52:05.228000,425.4055975686745,97
2024-09-20 10:52:05.257000,425.3781487429679,105
2024-09-20 10:52:05.269000,425.40621194412944,8
2024-09-20 10:52:05.348000,425.4324147044009,1001
2024-09-20 10:52:05.501000,425.43135056691295,10
2024-09-20 10:52:05.538000,425.4315528423933,1004
2024-09-20 10:52:05.670000,425.4178894924876,100
2024-09-20 10:52:05.700000,425.3977382923856,13
2024-09-20 10:52:05.775000,425.42232693024704,11
2024-09-20 10:52:05.821000,425.3697484724377,14
2024-09-20 10:52:05.886000,425.3974556908871,97
2024-09-20 10:52:06.002000,425.4299834751461,105
2024-09-20 10:52:06.046000,425.4208935969314,995
2024-09-20 10:52:06.070000,425.42087731417575,995
2024-09-20 10:52:06.078000,425.409535852774,103
2024-09-20 10:52:06.172000,425.41839736403415,100
2024-09-20 10:52:06.181000,425.428282595878,995
2024-09-20 10:52:06.258000,425.4288901442012,11
2024-09-20 10:52:06.280000,425.4273871078837,1001
2024-09-20 10:52:06.464000,425.42617512069353,99
2024-09-20 10:52:06.480000,425.4266589075689,104
2024-09-20 10:52:06.626000,425.42126258694975,99
2024-09-20 10:52:06.631000,425.4145666253104,997
2024-09-20 10:52:06.688000,425.40211679425937,1005
2024-09-20 10:52:06.711000,425.4258110500504,996
2024-09-20 10:52:06.793000,425.4222438017164,7
2024-09-20 10:52:06.870000,425.4232700101289,1003
2024-09-20 10:52:06.902000,425.43523036485936,102
2024-09-20 10:52:06.918000,425.399564887864,99
2024-09-20 10:52:06.965000,425.4153078638177,15
2024-09-20 10:52:06.974000,425.4451061838269,104
2024-09-20 10:52:07.003000,425.4399348670551,99
2024-09-20 10:52:07.096000,425.42391074183394,98
2024-09-20 10:52:07.174000,425.42949707789137,97
2024-09-20 10:52:07.204000,425.4856787215595,103
2024-09-20 10:52:07.269000,425.48416135288977,995
2024-09-20 10:52:07.312000,425.4220120706513,6
2024-09-20 10:52:07.397000,425.4256540774347,99
2024-09-20 10:52:07.447000,425.43995993164623,14
2024-09-20 10:52:07.452000,425.4783944608456,7
2024-09-20 10:52:07.497000,425.4562928221576,102
2024-09-20 10:52:07.508000,425.4308603859012,1000
2024-09-20 10:52:07.563000,425.4332831658796,13
2024-09-20 10:52:07.597000,425.436943177064,103
2024-09-20 10:52:07.615000,425.4342813604888,14
2024-09-20 10:52:07.829000,425.4760179995612,998
2024-09-20 10:52:07.911000,425.4870112851714,9
2024-09-20 10:52:07.986000,425.4431241100074,8
2024-09-20 10:52:09.008000,425.465864031186,10
2024-09-20 10:52:09.069000,425.50601474369927,5
2024-09-20 10:52:09.098000,425.48314930229503,1004
2024-09-20 10:52:09.214000,425.4835961119372,1001
2024-09-20 10:52:09.289000,425.4992210163314,1003
2024-09-20 10:52:09.312000,425.4711707375049,9
2024-09-20 10:52:09.360000,425.4854754062544,100
2024-09-20 10:52:09.405000,425.5332698881365,996
2024-09-20 10:52:09.521000,425.4740705436215,10
2024-09-20 10:52:09.522000,425.4639625143431,101
2024-09-20 10:52:09.616000,425.48531011417526,999
2024-09-20 10:52:09.619000,425.48774337391086,6
2024-09-20 10:52:09.619000,425.4778691177609,102
2024-09-20 10:52:09.695000,425.4666212255097,103
2024-09-20 10:52:09.736000,425.4779447805384,104
2024-09-20 10:52:09.785000,425.485842197567,103
2024-09-20 10:52:09.797000,425.4786102514116,100
2024-09-20 10:52:09.869000,425.47206146826977,996
2024-09-20 10:52:09.874000,425.4829459932579,15
2024-09-20 10:52:09.883000,425.4872294406168,98
2024-09-20 10:52:09.905000,425.4850558600709,997
2024-09-20 10:52:09.928000,425.4660347452677,998
2024-09-20 10:52:09.941000,425.4824181358786,996
2024-09-20 10:52:09.949000,425.4736210013803,1003
2024-09-20 10:52:09.965000,425.4648620218479,6
2024-09-20 10:52:09.976000,425.5253663865825,1005
2024-09-20 10:52:10.217000,425.47659622857503,1002
2024-09-20 10:52:10.606000,425.46577080432513,98
2024-09-20 10:52:10.619000,425.4717933060938,8
2024-09-20 10:52:10.866000,425.4933887732706,5
2024-09-20 10:52:10.950000,425.47403366397407,103
2024-09-20 10:52:10.981000,425.462445649211,5
2024-09-20 10:52:11.436000,425.46198360682536,14
2024-09-20 10:52:11.439000,425.47897096636007,1001
2024-09-20 10:52:11.477000,425.4930122960197,105
2024-09-20 10:52:12.003000,425.46133909144095,5
2024-09-20 10:52:12.055000,425.4384794180054,6
2024-09-20 10:52:12.101000,425.4216555349397,97
2024-09-20 10:52:12.144000,425.4156761609578,6
2024-09-20 10:52:12.199000,425.4644444818588,105
2024-09-20 10:52:12.210000,425.4256965512144,98
2024-09-20 10:52:12.244000,425.4246926646901,6
2024-09-20 10:52:12.290000,425.4422265186759,100
2024-09-20 10:52:12.303000,425.4052417066905,104
2024-09-20 10:52:12.320000,425.44950790285566,1003
2024-09-20 10:52:12.341000,425.4543827504859,1000
2024-09-20 10:52:12.407000,425.3979894064575,1005
2024-09-20 10:52:12.443000,425.4441603395455,98
2024-09-20 10:52:12.454000,425.4406938549917,96
2024-09-20 10:52:12.461000,425.408360840696,100
2024-09-20 10:52:12.514000,425.4584870559066,1004
2024-09-20 10:52:12.557000,425.4719004615517,10
2024-09-20 10:52:12.695000,425.4356619771931,995
2024-09-20 10:52:12.719000,425.4395291010241,996
2024-09-20 10:52:12.740000,425.45032231128914,11
2024-09-20 10:52:12.783000,425.44548781397566,102
2024-09-20 10:52:12.808000,425.43437096518767,101
2024-09-20 10:52:12.824000,425.4846999337471,97
2024-09-20 10:52:12.828000,425.4185118578406,6
2024-09-20 10:52:12.853000,425.4284819665175,100
2024-09-20 10:52:12.900000,425.47683792416217,8
2024-09-20 10:52:12.982000,425.4589744458621,103
2024-09-20 10:52:12.987000,425.4302820227328,1002
2024-09-20 10:52:13.047000,425.4156020158376,98
2024-09-20 10:52:13.745000,425.4326745622756,98
2024-09-20 10:52:13.818000,425.4550869892116,7
2024-09-20 10:52:14.029000,425.4028289160522,8
2024-09-20 10:52:14.033000,425.3866967199433,6
2024-09-20 10:52:14.040000,425.35465035193766,14
2024-09-20 10:52:14.069000,425.3646877698753,101
2024-09-20 10:52:14.087000,425.4066877089799,98
2024-09-20 10:52:14.162000,425.3695388685909,12
2024-09-20 10:52:14.333000,425.3879512078128,98
2024-09-20 10:52:14.465000,425.3858842820451,9
2024-09-20 10:52:14.736000,425.3513704583221,996
2024-09-20 10:52:14.774000,425.4129513827407,8
2024-09-20 10:52:14.788000,425.38635951864734,101
2024-09-20 10:52:14.816000,425.4061606272463,1000
2024-09-20 10:52:14.831000,425.3921419428419,95
2024-09-20 10:52:14.870000,425.3583997643688,999
2024-09-20 10:52:14.878000,425.40265651550186,12
2024-09-20 10:52:14.939000,425.4043914217329,1000
2024-09-20 10:52:14.990000,425.367138333554,8
2024-09-20 10:52:15.135000,425.3328798537137,12
2024-09-20 10:52:15.184000,425.31620254291687,1004
2024-09-20 10:52:15.333000,425.3122319863463,104
2024-09-20 10:52:15.359000,425.32478439124,105
2024-09-20 10:52:15.655000,425.32123671098793,6
2024-09-20 10:52:15.720000,425.30582230960056,9
2024-09-20 10:52:15.902000,425.3121274006816,6
2024-09-20 10:52:15.936000,425.3106986742889,1003
2024-09-20 10:52:16.468000,425.2773307271615,5
2024-09-20 10:52:17.012000,425.3087486297517,997
2024-09-20 10:52:17.482000,425.2998244150078,95
2024-09-20 10:52:17.730000,425.3016896607117,6
2024-09-20 10:52:17.734000,425.28350365517593,12
2024-09-20 10:52:18.248000,425.32748152394566,1000
2024-09-20 10:52:18.463000,425.329094359153,13
2024-09-20 10:52:18.518000,425.32011018094335,100
2024-09-20 10:52:18.543000,425.3071691272507,12
2024-09-20 10:52:18.654000,425.3131808044368,103
2024-09-20 10:52:19.183000,425.32289224457327,997
2024-09-20 10:52:19.339000,425.31542632804087,995
2024-09-20 10:52:20.035000,425.3069554157533,1002
2024-09-20 10:52:20.087000,425.3592282684275,11
2024-09-20 10:52:20.177000,425.3075347898352,105
2024-09-20 10:52:20.186000,425.327315465984,9
2024-09-20 10:52:20.187000,425.3248888741001,999
2024-09-20 10:52:20.237000,425.3467373406705,10
2024-09-20 10:52:20.351000,425.30426428028426,998
2024-09-20 10:52:20.367000,425.3262864521381,101
2024-09-20 10:52:20.417000,425.316472842365,105
2024-09-20 10:52:20.446000,425.32050648384353,12
2024-09-20 10:52:20.458000,425.27459371004807,998
2024-09-20 10:52:20.542000,425.3338310179528,104
2024-09-20 10:52:20.551000,425.27595824278,999
2024-09-20 10:52:20.584000,425.3491302784061,102
2024-09-20 10:52:20.639000,425.27495197589326,7
2024-09-20 10:52:20.643000,425.3508871365598,1000
2024-09-20 10:52:20.648000,425.2636343556785,8
2024-09-20 10:52:20.658000,425.2846605365906,95
2024-09-20 10:52:20.670000,425.2859188461923,6
2024-09-20 10:52:20.700000,425.36939009430495,999
2024-09-20 10:52:20.766000,425.3301671710824,97
2024-09-20 10:52:20.803000,425.3246141196319,97
2024-09-20 10:52:20.808000,425.3104657759191,996
2024-09-20 10:52:20.848000,425.3187029032085,13
2024-09-20 10:52:20.878000,425.2976599653868,1003
2024-09-20 10:52:20.999000,425.3153368521827,103
2024-09-20 10:52:21.015000,425.3032223877908,1004
2024-09-20 10:52:21.031000,425.3067161563694,102
2024-09-20 10:52:21.049000,425.3049555413695,95
2024-09-20 10:52:21.098000,425.3455840282708,13
2024-09-20 10:52:21.106000,425.27077523149217,999
2024-09-20 10:52:21.141000,425.29121772930057,99
2024-09-20 10:52:21.173000,425.3237234474156,1000
2024-09-20 10:52:21.224000,425.3050411411173,995
2024-09-20 10:52:21.266000,425.2680672493405,995
2024-09-20 10:52:21.314000,425.2775135380576,997
2024-09-20 10:52:21.348000,425.2825346068063,97
2024-09-20 10:52:21.385000,425.26849668715,997
2024-09-20 10:52:21.422000,425.284462476244,11
2024-09-20 10:52:21.435000,425.308439611648,1002
2024-09-20 10:52:21.453000,425.2983612700052,104
2024-09-20 10:52:21.468000,425.3313435665909,5
2024-09-20 10:52:21.532000,425.28683517618646,1002
2024-09-20 10:52:21.537000,425.29624161797824,997
2024-09-20 10:52:21.606000,425.306222747516,103
2024-09-20 10:52:21.621000,425.2749031302719,1001
2024-09-20 10:52:21.626000,425.31967666354274,15
2024-09-20 10:52:21.648000,425.33194191998274,10
2024-09-20 10:52:21.674000,425.2766358252395,101
2024-09-20 10:52:21.700000,425.2845208490184,13
2024-09-20 10:52:21.704000,425.28042727522086,101
2024-09-20 10:52:21.751000,425.287086338817,103
2024-09-20 10:52:21.822000,425.2867158218164,1002
2024-09-20 10:52:21.848000,425.2789553667588,6
2024-09-20 10:52:21.995000,425.3160651687086,999
2024-09-20 10:52:22.031000,425.2813979654267,1001
2024-09-20 10:52:22.041000,425.297228988481,14
2024-09-20 10:52:22.122000,425.29620195173993,105
2024-09-20 10:52:22.182000,425.3415894027253,995
2024-09-20 10:52:22.239000,425.3376469038103,1000
2024-09-20 10:52:22.266000,425.28642412345255,995
2024-09-20 10:52:22.506000,425.3453082829526,97
2024-09-20 10:52:22.513000,425.2832377022645,11
2024-09-20 10:52:22.525000,425.3101078492837,96
2024-09-20 10:52:22.841000,425.306342892298,1001
2024-09-20 10:52:22.883000,425.34117363540304,11
2024-09-20 10:52:22.888000,425.2914704293114,14
2024-09-20 10:52:22.897000,425.293972209845,1001
2024-09-20 10:52:22.912000,425.2995749875282,99
2024-09-20 10:52:22.951000,425.33188255048105,12
2024-09-20 10:52:22.956000,425.2914224935718,9
2024-09-20 10:52:23.053000,425.1941094095239,1003
2024-09-20 10:52:23.109000,425.2775603488776,102
2024-09-20 10:52:23.165000,425.2939415415949,6
2024-09-20 10:52:23.165000,425.2774264760619,998
2024-09-20 10:52:23.203000,425.2794929208343,95
2024-09-20 10:52:23.235000,425.1972765788893,101
2024-09-20 10:52:23.269000,425.2949306038159,96
2024-09-20 10:52:23.289000,425.2357671868262,999
2024-09-20 10:52:23.482000,425.210325576848,5
2024-09-20 10:52:23.586000,425.2803036360102,999
2024-09-20 10:52:23.628000,425.3039746565392,15
2024-09-20 10:52:23.701000,425.18075203676034,104
2024-09-20 10:52:23.727000,425.2897059140701,1001
2024-09-20 10:52:23.753000,425.304404681854,99
2024-09-20 10:52:23.765000,425.27853829174586,12
2024-09-20 10:52:23.871000,425.23506728859127,95
2024-09-20 10:52:23.881000,425.2882194691656,8
2024-09-20 10:52:23.888000,425.1967819618867,11
2024-09-20 10:52:23.912000,425.1913374323215,12
2024-09-20 10:52:23.975000,425.2015746124586,100
2024-09-20 10:52:24.012000,425.10926184898807,999
2024-09-20 10:52:24.041000,425.1933158308692,1004
2024-09-20 10:52:24.083000,425.0859488881782,13
2024-09-20 10:52:24.121000,425.1011125119366,15
2024-09-20 10:52:24.208000,425.0778654817952,98
2024-09-20 10:52:24.278000,425.1591232867384,14
2024-09-20 10:52:24.317000,425.16927035844606,104
2024-09-20 10:52:24.366000,425.0963901984121,999
2024-09-20 10:52:24.401000,425.08489073353,104
2024-09-20 10:52:24.420000,425.1420182818181,96
2024-09-20 10:52:24.621000,425.1351708504681,11
2024-09-20 10:52:24.627000,425.09002090755706,995
2024-09-20 10:52:24.644000,425.1236985683835,1003
2024-09-20 10:52:24.666000,425.098814286528,103
2024-09-20 10:52:24.726000,425.0953299007736,99
2024-09-20 10:52:24.782000,425.155929335317,12
2024-09-20 10:52:24.842000,425.0822061690679,10
2024-09-20 10:52:24.895000,425.09562975188766,1005
2024-09-20 10:52:24.964000,425.1807562817662,105
2024-09-20 10:52:24.986000,425.1530201549104,1001
2024-09-20 10:52:25.137000,425.035144368632,103
2024-09-20 10:52:25.169000,425.0854174730603,11
2024-09-20 10:52:25.680000,425.0513508692933,1001
2024-09-20 10:52:25.828000,425.06932554217815,8
2024-09-20 10:52:26.006000,425.08069020891054,6
2024-09-20 10:52:26.021000,425.0649312896711,102
2024-09-20 10:52:26.030000,425.0680987537026,98
2024-09-20 10:52:26.085000,425.0837812329464,998
2024-09-20 10:52:26.106000,425.06850642479566,998
2024-09-20 10:52:26.112000,425.0648088507741,102
2024-09-20 10:52:26.192000,425.0637019465973,5
2024-09-20 10:52:26.205000,425.06289351164656,104
2024-09-20 10:52:26.417000,425.0812936589261,15
2024-09-20 10:52:26.482000,425.0504320880639,14
2024-09-20 10:52:26.548000,425.05723654145936,5
2024-09-20 10:52:26.609000,425.0507262871596,95
2024-09-20 10:52:26.719000,425.0752467400064,1000
2024-09-20 10:52:26.736000,425.0750819185736,1003
2024-09-20 10:52:26.790000,425.0440735490064,100
2024-09-20 10:52:26.810000,425.05645770012126,995
2024-09-20 10:52:26.840000,425.0799515006147,11
2024-09-20 10:52:26.844000,425.0567736146285,9
2024-09-20 10:52:26.954000,425.0548659521375,9
2024-09-20 10:52:27.084000,425.0768314138288,1001
2024-09-20 10:52:27.134000,425.0434512138965,13
2024-09-20 10:52:27.328000,425.0664999505589,1002
2024-09-20 10:52:27.494000,425.1140501822342,1000
2024-09-20 10:52:27.543000,425.0509983475579,1004
2024-09-20 10:52:27.611000,425.089658212847,995
2024-09-20 10:52:27.693000,425.069037237741,95
2024-09-20 10:52:27.935000,425.04784636128056,14
2024-09-20 10:52:28.003000,425.1313224161264,999
2024-09-20 10:52:28.092000,425.1196193608098,14
2024-09-20 10:52:28.144000,425.06221276181714,103
2024-09-20 10:52:28.162000,425.1371949874136,1002
2024-09-20 10:52:28.165000,425.0299985045418,1000
2024-09-20 10:52:28.250000,425.1199212916936,101
2024-09-20 10:52:28.263000,425.1343531287311,13
2024-09-20 10:52:28.339000,425.1429546439874,11
2024-09-20 10:52:28.343000,425.060589399364,1005
2024-09-20 10:52:28.355000,425.0689507575044,99
2024-09-20 10:52:28.464000,425.1253291368424,102
2024-09-20 10:52:28.486000,425.05808553904296,5
2024-09-20 10:52:28.492000,425.04133005307045,6
2024-09-20 10:52:28.499000,425.068663625162,97
2024-09-20 10:52:28.576000,425.05508920309495,1001
2024-09-20 10:52:28.591000,425.0280290699577,7
2024-09-20 10:52:28.592000,425.0875730771857,1002
2024-09-20 10:52:28.706000,425.04984432893946,12
2024-09-20 10:52:28.729000,425.0664665495955,5
2024-09-20 10:52:28.814000,425.1310215108901,97
2024-09-20 10:52:28.816000,425.0493587364277,105
2024-09-20 10:52:28.970000,425.1233046720773,999
2024-09-20 10:52:29.006000,425.0336323062879,9
2024-09-20 10:52:29.025000,425.0205965158977,1004
2024-09-20 10:52:29.166000,425.0411251211503,1004
2024-09-20 10:52:29.190000,425.03679378671416,1003
2024-09-20 10:52:29.239000,425.0319331892602,95
2024-09-20 10:52:29.287000,425.0196776434389,997
2024-09-20 10:52:29.370000,425.032126055777,99
2024-09-20 10:52:29.374000,425.0379619734052,996
2024-09-20 10:52:29.430000,425.0021692693613,1003
2024-09-20 10:52:29.491000,425.0146521136484,1004
2024-09-20 10:52:29.523000,425.023625463527,7
2024-09-20 10:52:29.541000,425.01906786842767,998
2024-09-20 10:52:29.569000,425.0383955846336,102
2024-09-20 10:52:29.585000,425.047102799277,997
2024-09-20 10:52:29.656000,425.0259133236571,1001
2024-09-20 10:52:29.672000,425.00238248127374,1000
2024-09-20 10:52:29.705000,425.0219250127,997
2024-09-20 10:52:29.780000,424.9946976426195,102
2024-09-20 10:52:30.160000,425.0033601972267,997
2024-09-20 10:52:30.326000,425.00021232903225,97
2024-09-20 10:52:30.466000,425.00732556264495,1001
2024-09-20 10:52:30.813000,425.0158267954481,1001
2024-09-20 10:52:30.878000,425.0142152228241,9
2024-09-20 10:52:31.094000,425.1098957407704,8
2024-09-20 10:52:31.121000,425.1029173577838,12
2024-09-20 10:52:31.235000,425.1252371825812,102
2024-09-20 10:52:31.281000,425.0537441293084,100
2024-09-20 10:52:31.330000,425.01595076978623,12
2024-09-20 10:52:31.370000,425.014567879102,100
2024-09-20 10:52:31.386000,425.0592891456774,13
2024-09-20 10:52:31.399000,425.0909156537413,1001
2024-09-20 10:52:31.411000,425.0807957960607,99
2024-09-20 10:52:31.441000,425.10492450575833,97
2024-09-20 10:52:31.492000,425.0819275690332,997
2024-09-20 10:52:31.502000,425.08728037080976,996
2024-09-20 10:52:31.524000,425.0141396821383,11
2024-09-20 10:52:31.551000,425.104965191025,99
2024-09-20 10:52:31.558000,425.0150822665795,13
2024-09-20 10:52:31.580000,425.0561462745411,12
2024-09-20 10:52:31.587000,425.0765555664818,14
2024-09-20 10:52:31.602000,425.05823128626633,104
2024-09-20 10:52:31.620000,425.0186783800894,995
2024-09-20 10:52:31.622000,425.1059711878409,13
2024-09-20 10:52:31.626000,425.0102154496567,97
2024-09-20 10:52:31.695000,425.016672661853,7
2024-09-20 10:52:31.805000,425.0673802312307,1002
2024-09-20 10:52:31.808000,425.0617913961775,5
2024-09-20 10:52:31.876000,425.0449139408671,996
2024-09-20 10:52:31.925000,425.071047132077,7
2024-09-20 10:52:31.931000,425.0386460100812,95
2024-09-20 10:52:31.982000,425.0807491463687,996
2024-09-20 10:52:31.996000,425.1028180589157,10
2024-09-20 10:52:32.039000,425.0282731087286,997
2024-09-20 10:52:32.098000,425.0331686518579,6
2024-09-20 10:52:32.548000,425.0523867419061,100
2024-09-20 10:52:33.056000,425.01304151672815,96
2024-09-20 10:52:33.062000,425.0265180564912,13
2024-09-20 10:52:33.118000,424.93674522182255,96
2024-09-20 10:52:33.134000,424.9214731508012,1005
2024-09-20 10:52:33.240000,424.93080651960736,1002
2024-09-20 10:52:33.276000,424.9391067564985,11
2024-09-20 10:52:33.282000,425.0208067861762,11
2024-09-20 10:52:33.387000,424.9883296105566,997
2024-09-20 10:52:33.487000,424.9963287163783,6
2024-09-20 10:52:33.500000,424.9425297433047,10
2024-09-20 10:52:33.514000,425.0272054304968,1003
2024-09-20 10:52:33.551000,425.00341584043673,12
2024-09-20 10:52:33.554000,424.9321601589194,1002
2024-09-20 10:52:33.592000,424.9977462172295,103
2024-09-20 10:52:33.609000,424.9981955852111,997
2024-09-20 10:52:33.641000,424.9982447777869,15
2024-09-20 10:52:33.703000,424.9980184235709,98
2024-09-20 10:52:33.715000,424.9326372939605,6
2024-09-20 10:52:33.754000,424.949919998036,7
2024-09-20 10:52:33.807000,424.9601811530384,1002
2024-09-20 10:52:33.852000,424.9597317208152,103
2024-09-20 10:52:33.888000,424.9361943799998,998
2024-09-20 10:52:33.894000,425.0365874028674,101
2024-09-20 10:52:33.894000,424.946605391372,9
2024-09-20 10:52:33.984000,424.9820287817765,11
2024-09-20 10:52:34.060000,424.9249992602959,12
2024-09-20 10:52:34.356000,424.9436869805498,96
2024-09-20 10:52:34.456000,424.9408174273576,104
2024-09-20 10:52:34.827000,424.9372362817765,97
2024-09-20 10:52:34.872000,424.92815923792153,5
2024-09-20 10:52:35.049000,424.9265893879653,1004
2024-09-20 10:52:35.080000,424.950325331709,998
2024-09-20 10:52:35.121000,424.95204585634303,97
2024-09-20 10:52:35.166000,424.9834142639514,95
2024-09-20 10:52:35.177000,424.9521190397463,95
2024-09-20 10:52:35.196000,424.976687129781,102
2024-09-20 10:52:35.221000,424.955110821855,97
2024-09-20 10:52:35.248000,424.9532473661109,9
2024-09-20 10:52:35.268000,424.94292795571687,99
2024-09-20 10:52:35.320000,424.957582546632,999
2024-09-20 10:52:35.364000,424.9769061443079,98
2024-09-20 10:52:35.411000,424.9343191586384,11
2024-09-20 10:52:35.420000,424.9518932624906,1003
2024-09-20 10:52:35.429000,424.9692781740703,1005
2024-09-20 10:52:35.443000,424.97568325537713,1002
2024-09-20 10:52:35.501000,424.9843299995245,996
2024-09-20 10:52:35.530000,424.9487752716594,5
2024-09-20 10:52:35.560000,424.92836388481214,104
2024-09-20 10:52:35.708000,424.9745269301624,1005
2024-09-20 10:52:35.713000,424.9400223114627,98
2024-09-20 10:52:35.719000,424.94404402970406,1001
2024-09-20 10:52:35.744000,424.94712841175374,999
2024-09-20 10:52:35.852000,424.95403349041567,11
2024-09-20 10:52:35.856000,424.936174840997,13
2024-09-20 10:52:35.862000,424.9260551464646,99
2024-09-20 10:52:35.997000,424.9510086566927,995
2024-09-20 10:52:36.024000,424.9650613134893,998
2024-09-20 10:52:36.118000,424.985356778881,14
2024-09-20 10:52:36.127000,424.9359711204373,105
2024-09-20 10:52:36.341000,424.9391236412427,7
2024-09-20 10:52:36.371000,424.9420683120882,98
2024-09-20 10:52:36.375000,424.9882368343182,1005
2024-09-20 10:52:36.406000,424.9831961515245,997
2024-09-20 10:52:36.436000,424.94005488615227,104
2024-09-20 10:52:36.486000,424.9623411626436,997
2024-09-20 10:52:36.547000,424.9451926985119,95
2024-09-20 10:52:36.567000,424.9445321618304,1002
2024-09-20 10:52:36.575000,424.9819947604317,15
2024-09-20 10:52:36.750000,424.9488915248647,1003
2024-09-20 10:52:36.938000,424.9496735423897,104
2024-09-20 10:52:37.134000,424.9490693759177,13
2024-09-20 10:52:37.218000,424.9456891606266,14
2024-09-20 10:52:37.467000,424.9976588391437,1002
2024-09-20 10:52:37.499000,424.9666447703325,105
2024-09-20 10:52:37.572000,424.9576196059206,96
2024-09-20 10:52:37.667000,424.9619192557283,104
2024-09-20 10:52:37.809000,424.97690106860654,14
2024-09-20 10:52:37.883000,424.9519466785474,102
2024-09-20 10:52:37.894000,424.939490367825,103
2024-09-20 10:52:37.937000,424.9911785928759,10
2024-09-20 10:52:38.006000,424.9477599569831,95
2024-09-20 10:52:38.034000,424.9481526107909,95
2024-09-20 10:52:38.070000,424.9812425637461,5
2024-09-20 10:52:38.133000,424.9794132204135,101
2024-09-20 10:52:38.303000,424.9443482085397,97
2024-09-20 10:52:38.319000,425.0030925932298,998
2024-09-20 10:52:38.391000,424.9578783876832,95
2024-09-20 10:52:38.415000,424.9990603645019,103
2024-09-20 10:52:38.432000,424.9495236533376,12
2024-09-20 10:52:38.491000,424.9858692716052,1002
2024-09-20 10:52:38.498000,424.93225197135126,100
2024-09-20 10:52:38.527000,424.9611409706927,5
2024-09-20 10:52:38.531000,424.9441814756848,100
2024-09-20 10:52:38.562000,424.98959474451743,97
2024-09-20 10:52:38.580000,424.9875503001813,15
2024-09-20 10:52:38.699000,424.9345185827744,998
2024-09-20 10:52:38.704000,424.99295935897305,11
2024-09-20 10:52:38.757000,425.0039384434156,105
2024-09-20 10:52:38.764000,424.9693102486648,99
2024-09-20 10:52:38.788000,424.9430270379198,15
2024-09-20 10:52:38.840000,424.9670989910213,997
2024-09-20 10:52:38.993000,424.9884226501423,10
2024-09-20 10:52:39.067000,424.9593029246098,1003
2024-09-20 10:52:39.170000,425.01669039641774,99
2024-09-20 10:52:39.170000,424.9282414811299,95
2024-09-20 10:52:39.201000,424.96629236840994,103
2024-09-20 10:52:39.264000,424.96472228457696,7
2024-09-20 10:52:39.326000,424.99672817263183,14
2024-09-20 10:52:39.507000,425.0559249876107,997
2024-09-20 10:52:39.594000,424.9756360510706,98
2024-09-20 10:52:39.647000,424.94147152124174,13
2024-09-20 10:52:39.669000,425.0436368426968,104
2024-09-20 10:52:39.687000,425.0552283885909,9
2024-09-20 10:52:39.699000,425.0239776661368,997
2024-09-20 10:52:39.711000,425.026484406822,999
2024-09-20 10:52:39.726000,424.942242970089,101
2024-09-20 10:52:39.737000,424.92446570578767,15
2024-09-20 10:52:39.787000,424.96425783264783,1000
2024-09-20 10:52:39.845000,424.9496993436072,100
2024-09-20 10:52:39.893000,425.02056396039353,1003
2024-09-20 10:52:39.963000,424.9185571548067,96
2024-09-20 10:52:39.985000,425.0193322430714,1005
2024-09-20 10:52:40.033000,425.0076257715076,100
2024-09-20 10:52:40.063000,425.0963497188629,8
2024-09-20 10:52:40.151000,425.0428175433905,96
2024-09-20 10:52:40.155000,425.104202909274,15
2024-09-20 10:52:40.246000,425.0855315305408,1002
2024-09-20 10:52:40.256000,425.0591897881283,998
2024-09-20 10:52:40.338000,425.04728075845776,1005
2024-09-20 10:52:40.417000,425.0341577550568,5
2024-09-20 10:52:40.495000,425.02186641461634,1002
2024-09-20 10:52:40.500000,425.0642179299076,102
2024-09-20 10:52:40.706000,425.066172028019,101
2024-09-20 10:52:40.720000,425.0106259087267,998
2024-09-20 10:52:40.728000,425.0543920648731,95
2024-09-20 10:52:40.808000,425.1168553802164,5
2024-09-20 10:52:40.886000,425.108708636504,5
2024-09-20 10:52:40.888000,425.0615557773496,8
2024-09-20 10:52:40.910000,425.0326782175571,12
2024-09-20 10:52:40.954000,425.0525561708087,95
2024-09-20 10:52:40.973000,425.0421290246279,96
2024-09-20 10:52:41.066000,425.03634837041113,96
2024-09-20 10:52:41.159000,425.1068781411096,95
2024-09-20 10:52:41.184000,425.03971211569234,95
2024-09-20 10:52:41.221000,425.1055693611158,1000
2024-09-20 10:52:41.264000,425.1142154647522,1000
2024-09-20 10:52:41.273000,425.092399330595,7
2024-09-20 10:52:41.304000,425.072822698005,6
2024-09-20 10:52:41.400000,425.09632741563627,1003
2024-09-20 10:52:41.420000,425.101806889097,101
2024-09-20 10:52:41.439000,425.0804188276383,97
2024-09-20 10:52:41.467000,425.0568046448215,104
2024-09-20 10:52:41.520000,425.0908342052044,103
2024-09-20 10:52:41.656000,425.0564452101024,11
2024-09-20 10:52:41.669000,425.1293526216655,101
2024-09-20 10:52:41.670000,425.05564399679474,6
2024-09-20 10:52:41.732000,425.0730107864705,7
2024-09-20 10:52:41.862000,425.14294853016463,5
2024-09-20 10:52:42.030000,425.13656243976106,1002
2024-09-20 10:52:42.059000,425.07908015960527,7
2024-09-20 10:52:42.079000,425.0646814910494,1003
2024-09-20 10:52:42.100000,425.1273047255703,1003
2024-09-20 10:52:42.158000,425.0934499394117,99
2024-09-20 10:52:42.185000,425.1729627565585,104
2024-09-20 10:52:42.191000,425.0775674462129,1002
2024-09-20 10:52:42.207000,425.1194821452364,104
2024-09-20 10:52:42.218000,425.065978032906,999
2024-09-20 10:52:42.243000,425.0868418730704,997
2024-09-20 10:52:42.278000,425.11007221516127,1005
2024-09-20 10:52:42.440000,425.1163156400036,5
2024-09-20 10:52:42.514000,425.08711139876624,995
2024-09-20 10:52:42.672000,425.0817321074992,999
2024-09-20 10:52:42.688000,425.1225672963337,15
2024-09-20 10:52:42.700000,425.1134521796083,14
2024-09-20 10:52:42.802000,425.0463467161021,6
2024-09-20 10:52:42.887000,425.07257981209057,1004
2024-09-20 10:52:42.906000,425.074199372943,14
2024-09-20 10:52:42.939000,425.1396591245278,105
2024-09-20 10:52:42.981000,425.0756795919966,100
2024-09-20 10:52:43.037000,425.1022658820539,103
2024-09-20 10:52:43.043000,425.0836276353259,14
2024-09-20 10:52:43.065000,425.0669182084642,98
2024-09-20 10:52:43.086000,425.11689249377696,8
2024-09-20 10:52:43.101000,425.0793833609671,99
2024-09-20 10:52:43.112000,425.0975805410071,101
2024-09-20 10:52:43.138000,425.0652025455431,102
2024-09-20 10:52:43.145000,425.06812856788906,1001
2024-09-20 10:52:43.173000,425.0662658342801,95
2024-09-20 10:52:43.199000,425.0790717178739,103
2024-09-20 10:52:43.232000,425.1231619073184,100
2024-09-20 10:52:43.379000,425.077104146476,104
2024-09-20 10:52:43.399000,425.0630460621358,12
2024-09-20 10:52:43.446000,425.1090693065981,104
2024-09-20 10:52:43.458000,425.081262852422,1005
2024-09-20 10:52:43.524000,425.0956645928477,995
2024-09-20 10:52:43.550000,425.063615560083,9
2024-09-20 10:52:43.616000,425.1072301907102,999
2024-09-20 10:52:43.618000,425.1016500305413,1003
2024-09-20 10:52:43.660000,425.1011401993303,97
2024-09-20 10:52:43.696000,425.10953426575793,997
2024-09-20 10:52:43.707000,425.10527235223134,998
2024-09-20 10:52:43.821000,425.0816502687008,99
2024-09-20 10:52:43.847000,425.064684159902,996
2024-09-20 10:52:43.903000,425.13850545452,104
2024-09-20 10:52:43.980000,425.1046588402693,5
2024-09-20 10:52:43.990000,425.1385815624025,996
2024-09-20 10:52:44.045000,425.06706797087634,995
2024-09-20 10:52:44.087000,425.030802327635,998
2024-09-20 10:52:44.115000,425.0624097553298,1003
2024-09-20 10:52:44.121000,425.1302092137424,998
2024-09-20 10:52:44.139000,425.1496072887738,8
2024-09-20 10:52:44.146000,425.0636380156762,8
2024-09-20 10:52:44.176000,425.0917716559917,1003
2024-09-20 10:52:44.188000,425.0592775381823,13
2024-09-20 10:52:44.212000,425.0919433064928,95
2024-09-20 10:52:44.336000,425.1087054947184,9
2024-09-20 10:52:44.411000,425.0209658856376,101
2024-09-20 10:52:44.514000,425.0661434630071,11
2024-09-20 10:52:44.617000,425.07084777028126,11
2024-09-20 10:52:44.665000,425.1344160294992,14
2024-09-20 10:52:44.726000,425.1426741504416,14
2024-09-20 10:52:44.736000,425.1181411690039,96
2024-09-20 10:52:44.737000,425.0858256676409,12
2024-09-20 10:52:44.753000,425.0427145370413,6
2024-09-20 10:52:44.754000,425.070991650541,98
2024-09-20 10:52:44.756000,425.0466372961039,6
2024-09-20 10:52:44.900000,425.0486198872803,105
2024-09-20 10:52:44.916000,425.09708960301305,100
2024-09-20 10:52:44.920000,425.1279239243001,7
2024-09-20 10:52:44.928000,425.0882009836845,99
2024-09-20 10:52:44.961000,425.1134884727149,98
2024-09-20 10:52:44.968000,425.05196818209856,996
2024-09-20 10:52:44.982000,425.112659838262,1001
2024-09-20 10:52:45.016000,424.9367166654373,7
2024-09-20 10:52:45.057000,424.9771514643276,100
2024-09-20 10:52:45.093000,424.9344926120797,104
2024-09-20 10:52:45.192000,424.9757398179421,10
2024-09-20 10:52:45.200000,425.02554649463616,997
2024-09-20 10:52:45.235000,424.9774596632533,5
2024-09-20 10:52:45.272000,424.9856929763845,1000
2024-09-20 10:52:45.368000,424.9759896153631,99
2024-09-20 10:52:45.379000,425.0245208881969,1003
2024-09-20 10:52:45.442000,424.9655883561703,1004
2024-09-20 10:52:45.452000,424.97508428410976,5
2024-09-20 10:52:45.470000,424.9584819815551,15
2024-09-20 10:52:45.574000,424.972041798631,104
2024-09-20 10:52:45.579000,424.9956739756359,995
2024-09-20 10:52:45.652000,424.9617312167263,15
2024-09-20 10:52:45.724000,425.0451669501904,6
2024-09-20 10:52:45.789000,424.99054233195307,100
2024-09-20 10:52:45.795000,425.001453258194,14
2024-09-20 10:52:45.800000,424.9825895996434,5
2024-09-20 10:52:45.823000,424.9621613751245,102
2024-09-20 10:52:45.824000,424.9926111750906,995
2024-09-20 10:52:45.847000,425.0349814151105,14
2024-09-20 10:52:45.916000,424.9912711913047,999
2024-09-20 10:52:45.930000,424.9804485041286,11
2024-09-20 10:52:45.951000,425.045456858365,1004
2024-09-20 10:52:45.972000,424.97075120016433,10
2024-09-20 10:52:45.995000,424.95428654607167,996
2024-09-20 10:52:46.123000,425.0431862100608,97
2024-09-20 10:52:46.209000,425.02958544049744,98
2024-09-20 10:52:46.231000,424.9983402522572,996
2024-09-20 10:52:46.238000,425.0133826296849,7
2024-09-20 10:52:46.276000,425.0008642964096,100
2024-09-20 10:52:46.313000,424.98754192199095,15
2024-09-20 10:52:46.322000,425.040208197469,104
2024-09-20 10:52:46.351000,424.9889482305402,1003
2024-09-20 10:52:46.423000,424.9884851326852,8
2024-09-20 10:52:46.499000,424.9960296607142,6
2024-09-20 10:52:46.505000,425.0495434147426,14
2024-09-20 10:52:46.568000,425.0312768749382,13
2024-09-20 10:52:46.570000,425.0521900101173,11
2024-09-20 10:52:46.576000,425.050080795171,101
2024-09-20 10:52:46.611000,425.0522076974305,102
2024-09-20 10:52:46.617000,425.01253823993824,99
2024-09-20 10:52:46.623000,425.0223027255064,12
2024-09-20 10:52:46.650000,425.04428157015343,97
2024-09-20 10:52:46.663000,424.9963877241171,1003
2024-09-20 10:52:46.674000,425.03430656914975,997
2024-09-20 10:52:46.786000,425.0330704179554,6
2024-09-20 10:52:46.787000,425.0665930823029,1001
2024-09-20 10:52:46.822000,425.0288371280005,98
2024-09-20 10:52:46.867000,425.0248438929429,11
2024-09-20 10:52:46.871000,425.0094351597343,1003
2024-09-20 10:52:46.892000,425.027594318567,8
2024-09-20 10:52:46.963000,425.03369553132666,1005
2024-09-20 10:52:47.052000,425.0289254896676,13
2024-09-20 10:52:47.159000,425.00582012688017,98
2024-09-20 10:52:47.159000,425.0393252311979,15
2024-09-20 10:52:47.170000,425.027722237459,1005
2024-09-20 10:52:47.255000,425.005699229668,10
2024-09-20 10:52:47.313000,425.0265313013522,102
2024-09-20 10:52:47.328000,425.0568733088701,1000
2024-09-20 10:52:47.334000,425.01844109985126,95
2024-09-20 10:52:47.369000,425.0507186381122,99
2024-09-20 10:52:47.487000,425.0458206236213,99
2024-09-20 10:52:47.543000,425.0392344353074,995
2024-09-20 10:52:47.548000,425.0182997586235,997
2024-09-20 10:52:47.580000,425.01518944705646,1001
2024-09-20 10:52:47.596000,425.0048541612383,1001
2024-09-20 10:52:47.744000,425.0419113692878,15
2024-09-20 10:52:47.752000,425.03294542330826,101
2024-09-20 10:52:47.962000,425.0326827048627,1000
2024-09-20 10:52:48.124000,425.011587652862,100
2024-09-20 10:52:48.134000,425.0171084376664,103
2024-09-20 10:52:48.179000,425.0326460097099,99
2024-09-20 10:52:48.238000,425.03229789283296,1002
2024-09-20 10:52:48.247000,425.0346381972447,998
2024-09-20 10:52:48.343000,425.0259149033431,1003
2024-09-20 10:52:48.369000,425.00060386801886,104
2024-09-20 10:52:48.421000,424.9995585855055,10
2024-09-20 10:52:48.539000,425.0262451653135,96
2024-09-20 10:52:48.636000,425.03692369489227,1005
2024-09-20 10:52:48.843000,425.0390486302046,1002
2024-09-20 10:52:49.133000,425.0991821491527,8
2024-09-20 10:52:49.163000,425.0305175668153,12
2024-09-20 10:52:49.278000,425.0640833556512,13
2024-09-20 10:52:49.431000,425.0613377234959,996
2024-09-20 10:52:49.596000,425.10944500233336,995
2024-09-20 10:52:49.600000,425.03804047369033,1003
2024-09-20 10:52:49.822000,425.0855818867696,5
2024-09-20 10:52:49.904000,425.0943611113375,13
2024-09-20 10:52:49.921000,425.0719632983668,997
2024-09-20 10:52:49.922000,425.04660852701,105
2024-09-20 10:52:49.979000,425.1103703861248,10
2024-09-20 10:52:50.005000,424.9960847990964,12
2024-09-20 10:52:50.099000,425.1027186948142,101
2024-09-20 10:52:50.137000,425.04926787902536,8
2024-09-20 10:52:50.171000,425.11950783386817,1005
2024-09-20 10:52:50.264000,425.0014148435463,1005
2024-09-20 10:52:50.269000,425.02129035448695,14
2024-09-20 10:52:50.363000,425.0104338977313,998
2024-09-20 10:52:50.377000,425.1082907501835,1001
2024-09-20 10:52:50.384000,425.095775511256,99
2024-09-20 10:52:50.423000,425.04254572687626,15
2024-09-20 10:52:50.444000,425.0576141833635,15
2024-09-20 10:52:50.452000,425.1076545682409,1002
2024-09-20 10:52:50.485000,425.05411758050576,12
2024-09-20 10:52:50.540000,425.0666770889771,13
2024-09-20 10:52:50.565000,425.0229281128249,96
2024-09-20 10:52:50.603000,425.10624830321694,999
2024-09-20 10:52:50.648000,425.0958720098153,10
2024-09-20 10:52:50.666000,425.0106805877234,95
2024-09-20 10:52:50.683000,425.1002951444495,11
2024-09-20 10:52:50.716000,425.0518795097015,1000
2024-09-20 10:52:50.744000,425.0976431425745,5
2024-09-20 10:52:50.854000,425.10717512183606,995
2024-09-20 10:52:50.908000,425.0871657643347,98
2024-09-20 10:52:50.923000,425.0655501109776,101
2024-09-20 10:52:50.935000,425.09647330970506,10
2024-09-20 10:52:50.982000,425.0076054907981,98
2024-09-20 10:52:50.988000,425.0358344322356,9
2024-09-20 10:52:51.002000,425.0359659848123,98
2024-09-20 10:52:51.010000,424.9645747601168,101
2024-09-20 10:52:51.011000,424.9488529308537,12
2024-09-20 10:52:51.011000,424.9964348363181,995
2024-09-20 10:52:51.056000,424.9544923550831,1001
2024-09-20 10:52:51.110000,424.9764467111523,1001
2024-09-20 10:52:51.192000,425.0354841849653,96
2024-09-20 10:52:51.197000,424.98382848385125,1002
2024-09-20 10:52:51.248000,424.95675394306505,998
2024-09-20 10:52:51.286000,425.0398265143796,998
2024-09-20 10:52:51.287000,424.9637067283804,1003
2024-09-20 10:52:51.292000,425.02700359013113,5
2024-09-20 10:52:51.303000,425.0096918047651,12
2024-09-20 10:52:51.314000,425.0609954703352,1000
2024-09-20 10:52:51.318000,424.9664450037648,8
2024-09-20 10:52:51.400000,425.0564940743847,1005
2024-09-20 10:52:51.422000,424.99653829248587,9
2024-09-20 10:52:51.431000,425.0223847305007,5
2024-09-20 10:52:51.514000,424.95464419329977,102
2024-09-20 10:52:51.537000,424.9793750743239,102
2024-09-20 10:52:51.564000,424.9704971669665,1005
2024-09-20 10:52:51.582000,424.9820854871907,96
2024-09-20 10:52:51.708000,425.00989876721695,13
2024-09-20 10:52:51.783000,425.01530407410337,996
2024-09-20 10:52:51.826000,425.0340138393447,95
2024-09-20 10:52:51.827000,424.9702168538385,1003
2024-09-20 10:52:51.931000,425.0112296749691,1005
2024-09-20 10:52:51.944000,424.9800404437893,1001
2024-09-20 10:52:52.162000,424.93383066019135,96
2024-09-20 10:52:52.307000,424.946115634774,998
2024-09-20 10:52:52.496000,424.9327295484841,11
2024-09-20 10:52:52.600000,424.9467213406649,7
2024-09-20 10:52:52.625000,424.93436094817565,11
2024-09-20 10:52:52.716000,424.9522183351068,1003
2024-09-20 10:52:53.150000,424.9090999506767,998
2024-09-20 10:52:53.169000,424.9177345761449,8
2024-09-20 10:52:53.214000,424.9228780959792,105
2024-09-20 10:52:53.270000,424.9247187065726,1001
2024-09-20 10:52:53.279000,424.9295025475094,1003
2024-09-20 10:52:53.326000,424.9057015392216,6
2024-09-20 10:52:53.361000,424.9178000833157,101
2024-09-20 10:52:53.708000,424.9479347624088,103
2024-09-20 10:52:53.774000,424.9252227851666,96
2024-09-20 10:52:53.791000,424.9288389036212,5
2024-09-20 10:52:53.809000,424.9205232583419,97
2024-09-20 10:52:53.814000,424.9066554096842,999
2024-09-20 10:52:53.838000,424.9267274722348,95
2024-09-20 10:52:53.869000,424.9169456876577,1005
2024-09-20 10:52:53.914000,424.9248546376825,1004
2024-09-20 10:52:54.049000,424.9815265094972,102
2024-09-20 10:52:54.051000,424.9393655775495,1002
2024-09-20 10:52:54.061000,424.93325684306,100
2024-09-20 10:52:54.141000,425.0295568021094,101
2024-09-20 10:52:54.172000,424.9150432203471,996
2024-09-20 10:52:54.226000,425.0091105725695,101
2024-09-20 10:52:54.325000,424.9698889138566,98
2024-09-20 10:52:54.451000,424.95009880842105,996
2024-09-20 10:52:54.615000,424.9899474250224,9
2024-09-20 10:52:54.634000,424.9169941107477,13
2024-09-20 10:52:54.912000,425.0009193183873,998
2024-09-20 10:52:55.070000,425.0550061650007,95
2024-09-20 10:52:55.080000,425.02314814766027,1001
2024-09-20 10:52:55.111000,425.0771282047186,105
2024-09-20 10:52:55.158000,425.07257154690217,100
2024-09-20 10:52:55.193000,425.06539737249966,1004
2024-09-20 10:52:55.235000,425.047062079866,999
2024-09-20 10:52:55.245000,425.0455825376346,1004
2024-09-20 10:52:55.336000,425.0755862890943,15
2024-09-20 10:52:55.355000,425.04072147143626,1004
2024-09-20 10:52:55.383000,425.0681206657914,1004
2024-09-20 10:52:55.391000,425.0570879876557,105
2024-09-20 10:52:55.399000,425.0456857021397,99
2024-09-20 10:52:55.409000,425.0723046621279,103
2024-09-20 10:52:55.473000,425.0397558664082,104
2024-09-20 10:52:55.484000,425.0408222628092,104
2024-09-20 10:52:55.485000,425.0465944824251,1000
2024-09-20 10:52:55.507000,425.0790704139927,98
2024-09-20 10:52:55.561000,425.0461853820757,102
2024-09-20 10:52:55.655000,425.03994930528046,13
2024-09-20 10:52:55.672000,425.0576349990223,101
2024-09-20 10:52:55.803000,425.0477970911281,99
2024-09-20 10:52:55.828000,425.0835963787313,6
2024-09-20 10:52:55.846000,425.0796409684256,96
2024-09-20 10:52:55.898000,425.07426193576407,15
2024-09-20 10:52:55.917000,425.033660733206,10
2024-09-20 10:52:55.930000,425.0641719746093,995
2024-09-20 10:52:55.941000,425.0758230435188,10
2024-09-20 10:52:55.960000,425.0414007532274,1005
2024-09-20 10:52:56.053000,425.1048590652798,1003
2024-09-20 10:52:56.087000,425.1139517739055,1005
2024-09-20 10:52:56.107000,425.0883465121857,1000
2024-09-20 10:52:56.186000,425.0830832236624,995
2024-09-20 10:52:56.196000,425.1409871423402,1004
2024-09-20 10:52:56.197000,425.0838138063738,104
2024-09-20 10:52:56.203000,425.11014128154767,1002
2024-09-20 10:52:56.233000,425.0755621019913,12
2024-09-20 10:52:56.272000,425.0728707088396,999
2024-09-20 10:52:56.327000,425.0861718851187,1000
2024-09-20 10:52:56.463000,425.1006445762388,5
2024-09-20 10:52:56.494000,425.12350055979726,1000
2024-09-20 10:52:56.541000,425.0737664893174,99
2024-09-20 10:52:56.744000,425.13067573895376,105
2024-09-20 10:52:56.757000,425.0908217800804,13
2024-09-20 10:52:56.769000,425.1198551371794,105
2024-09-20 10:52:56.795000,425.0673282234189,11
2024-09-20 10:52:56.795000,425.05984561321776,9
2024-09-20 10:52:56.897000,425.07781482063774,1002
2024-09-20 10:52:56.910000,425.0708287796373,103
2024-09-20 10:52:57.283000,425.07371737163055,6
2024-09-20 10:52:57.674000,425.0589709078607,103
2024-09-20 10:52:57.689000,425.06525002268313,997
2024-09-20 10:52:58.004000,425.1065152584781,96
2024-09-20 10:52:58.077000,425.0887755182537,12
2024-09-20 10:52:58.167000,425.1011915216501,9
2024-09-20 10:52:58.169000,425.1039374640116,14
2024-09-20 10:52:58.365000,425.1314904608281,5
2024-09-20 10:52:58.400000,425.12745781300754,15
2024-09-20 10:52:58.769000,425.117657001637,5
2024-09-20 10:52:58.962000,425.0930711594569,1002
2024-09-20 10:52:59.106000,425.1077022540482,14
2024-09-20 10:52:59.110000,425.0979261273889,13
2024-09-20 10:52:59.133000,425.1235134743046,99
2024-09-20 10:52:59.155000,425.1035648064163,14
2024-09-20 10:52:59.163000,425.1352449494228,10
2024-09-20 10:52:59.263000,425.12718311846834,6
2024-09-20 10:52:59.270000,425.1276377313212,6
2024-09-20 10:52:59.284000,425.1338037871628,10
2024-09-20 10:52:59.297000,425.1092612062025,1001
2024-09-20 10:52:59.309000,425.13619949802046,998
2024-09-20 10:52:59.310000,425.1241667775795,100
2024-09-20 10:52:59.311000,425.1309929051658,6
2024-09-20 10:52:59.311000,425.1412300101189,98
2024-09-20 10:52:59.322000,425.1108284936904,101
2024-09-20 10:52:59.375000,425.10360921544594,105
2024-09-20 10:52:59.375000,425.1150620878017,5
2024-09-20 10:52:59.608000,425.1348057942444,96
2024-09-20 10:52:59.622000,425.1047414367595,995
2024-09-20 10:52:59.643000,425.1279958400015,98
2024-09-20 10:52:59.697000,425.12810881209145,13
2024-09-20 10:52:59.850000,425.1237932249536,1004
2024-09-20 10:52:59.897000,425.1069718162756,8
2024-09-20 10:52:59.903000,425.116488940934,103
2024-09-20 10:52:59.909000,425.1285572261472,999
2024-09-20 10:52:59.931000,425.1183355621977,104
2024-09-20 10:52:59.976000,425.12742755730216,1000
2024-09-20 10:52:59.981000,425.12135738909416,102
