Timestamp,Price,Size
2024-09-18 11:08:00.061000,415.8256542405695,7
2024-09-18 11:08:00.164000,415.79451383120767,10
2024-09-18 11:08:00.253000,415.7674960647376,998
2024-09-18 11:08:00.309000,415.8279349745504,100
2024-09-18 11:08:00.362000,415.79584416153386,8
2024-09-18 11:08:00.383000,415.8288338592519,997
2024-09-18 11:08:00.411000,415.82330324450976,996
2024-09-18 11:08:00.448000,415.79400957849225,8
2024-09-18 11:08:00.472000,415.8071839445311,999
2024-09-18 11:08:00.531000,415.8056787481542,15
2024-09-18 11:08:00.547000,415.7887025592576,100
2024-09-18 11:08:00.725000,415.82624320708857,11
2024-09-18 11:08:00.822000,415.80163682533504,103
2024-09-18 11:08:00.825000,415.7769215737925,5
2024-09-18 11:08:00.901000,415.8314794518528,102
2024-09-18 11:08:01.007000,415.7770052067672,6
2024-09-18 11:08:01.041000,415.71324091653895,102
2024-09-18 11:08:01.054000,415.7329760695652,101
2024-09-18 11:08:01.080000,415.8017065798908,999
2024-09-18 11:08:01.116000,415.6967118857788,995
2024-09-18 11:08:01.119000,415.7254907008725,1005
2024-09-18 11:08:01.197000,415.7174478310081,14
2024-09-18 11:08:01.199000,415.77196878682366,1004
2024-09-18 11:08:01.199000,415.7677652182181,101
2024-09-18 11:08:01.265000,415.7002331163672,996
2024-09-18 11:08:01.322000,415.7303783820194,10
2024-09-18 11:08:01.448000,415.7670406139982,14
2024-09-18 11:08:01.463000,415.7857047874001,99
2024-09-18 11:08:01.483000,415.7523167391258,97
2024-09-18 11:08:01.509000,415.7478652627714,1004
2024-09-18 11:08:01.535000,415.7644043032808,1001
2024-09-18 11:08:01.535000,415.74856596186726,5
2024-09-18 11:08:01.538000,415.7162619287013,1005
2024-09-18 11:08:01.612000,415.7149637756894,15
2024-09-18 11:08:01.622000,415.75146441187206,5
2024-09-18 11:08:01.665000,415.7787006305138,103
2024-09-18 11:08:01.752000,415.7711262137655,11
2024-09-18 11:08:01.784000,415.7432755045308,1005
2024-09-18 11:08:01.797000,415.7482464070976,1001
2024-09-18 11:08:01.813000,415.7212409564783,1003
2024-09-18 11:08:01.816000,415.7724174876838,1000
2024-09-18 11:08:01.825000,415.7191920428793,9
2024-09-18 11:08:01.975000,415.754260371826,1005
2024-09-18 11:08:01.997000,415.8013251395584,1003
2024-09-18 11:08:02.085000,415.6803479782184,104
2024-09-18 11:08:02.157000,415.6439884433637,101
2024-09-18 11:08:02.158000,415.6396143743828,9
2024-09-18 11:08:02.161000,415.6816129651038,102
2024-09-18 11:08:02.180000,415.6666494929044,11
2024-09-18 11:08:02.189000,415.7002769543179,1000
2024-09-18 11:08:02.263000,415.6265204501041,105
2024-09-18 11:08:02.312000,415.6575485358545,1003
2024-09-18 11:08:02.376000,415.6695652667144,998
2024-09-18 11:08:02.380000,415.6371923344866,995
2024-09-18 11:08:02.460000,415.650310110893,1003
2024-09-18 11:08:02.466000,415.67786753814977,995
2024-09-18 11:08:02.498000,415.6321576167616,999
2024-09-18 11:08:02.503000,415.6104364315749,9
2024-09-18 11:08:02.507000,415.6344322332996,8
2024-09-18 11:08:02.554000,415.66212151286,6
2024-09-18 11:08:02.584000,415.6225620595557,998
2024-09-18 11:08:02.597000,415.6892257529091,98
2024-09-18 11:08:02.626000,415.61312658522576,99
2024-09-18 11:08:02.634000,415.64891356191504,10
2024-09-18 11:08:02.637000,415.6955084194134,6
2024-09-18 11:08:02.725000,415.6302485441763,1002
2024-09-18 11:08:02.791000,415.70835741566367,103
2024-09-18 11:08:02.805000,415.6557659099372,103
2024-09-18 11:08:02.960000,415.6751143562211,1002
2024-09-18 11:08:04.039000,415.5998316947392,9
2024-09-18 11:08:04.255000,415.61424476659823,105
2024-09-18 11:08:04.409000,415.61202297545736,105
2024-09-18 11:08:04.436000,415.6070819187568,95
2024-09-18 11:08:04.606000,415.623582650805,1004
2024-09-18 11:08:04.885000,415.6150299015122,100
2024-09-18 11:08:05.048000,415.6111136340336,998
2024-09-18 11:08:05.109000,415.6248490907969,102
2024-09-18 11:08:05.227000,415.5951021938927,15
2024-09-18 11:08:05.379000,415.6184591506965,999
2024-09-18 11:08:05.405000,415.5932564892168,1003
2024-09-18 11:08:05.604000,415.613351146619,998
2024-09-18 11:08:05.840000,415.6130530567085,105
2024-09-18 11:08:05.863000,415.6163848586983,99
2024-09-18 11:08:05.887000,415.6006199842539,1000
2024-09-18 11:08:05.924000,415.5864562963787,11
2024-09-18 11:08:05.935000,415.6140217009904,1002
2024-09-18 11:08:05.994000,415.5975993399946,8
2024-09-18 11:08:06.037000,415.75475072859166,99
2024-09-18 11:08:06.042000,415.6895483182921,996
2024-09-18 11:08:06.105000,415.7111980273596,7
2024-09-18 11:08:06.134000,415.66092512086186,12
2024-09-18 11:08:06.225000,415.62481410090703,10
2024-09-18 11:08:06.395000,415.6870145786604,1003
2024-09-18 11:08:06.458000,415.6325705438682,12
2024-09-18 11:08:06.649000,415.6365136921752,97
2024-09-18 11:08:06.759000,415.689700878562,103
2024-09-18 11:08:06.878000,415.7233597596504,10
2024-09-18 11:08:06.903000,415.7193443732591,997
2024-09-18 11:08:06.995000,415.717093951788,10
2024-09-18 11:08:07.090000,415.7483886420645,14
2024-09-18 11:08:07.093000,415.7474562480015,997
2024-09-18 11:08:07.150000,415.7291771808596,1001
2024-09-18 11:08:07.157000,415.7345147849274,103
2024-09-18 11:08:07.183000,415.7401414952953,104
2024-09-18 11:08:07.231000,415.7034480055098,103
2024-09-18 11:08:07.251000,415.6945533289206,1004
2024-09-18 11:08:07.269000,415.6917210791293,14
2024-09-18 11:08:07.290000,415.7565241409792,9
2024-09-18 11:08:07.400000,415.73380907232456,11
2024-09-18 11:08:07.408000,415.73780174351714,1003
2024-09-18 11:08:07.571000,415.69298749372,995
2024-09-18 11:08:07.613000,415.6935377785428,104
2024-09-18 11:08:07.621000,415.6914995777799,1002
2024-09-18 11:08:07.678000,415.7005909299284,996
2024-09-18 11:08:07.728000,415.6926025796205,1003
2024-09-18 11:08:07.889000,415.74974010940986,6
2024-09-18 11:08:07.924000,415.7003968244384,14
2024-09-18 11:08:08.001000,415.72584194558993,1004
2024-09-18 11:08:08.007000,415.7059133343645,10
2024-09-18 11:08:08.027000,415.7268152845156,102
2024-09-18 11:08:08.028000,415.7253499814297,100
2024-09-18 11:08:08.084000,415.7316938371931,1004
2024-09-18 11:08:08.091000,415.7103736779345,10
2024-09-18 11:08:08.262000,415.6922909911814,14
2024-09-18 11:08:08.296000,415.6951500111822,103
2024-09-18 11:08:08.368000,415.73782866985823,1000
2024-09-18 11:08:08.409000,415.69592872873534,1002
2024-09-18 11:08:08.539000,415.70760184971294,96
2024-09-18 11:08:08.557000,415.7257008393587,9
2024-09-18 11:08:08.676000,415.7423984066176,1005
2024-09-18 11:08:08.718000,415.7490893728,97
2024-09-18 11:08:08.950000,415.7154162080445,104
2024-09-18 11:08:08.969000,415.7206114085816,1000
2024-09-18 11:08:09,415.7378597060082,1001
2024-09-18 11:08:09.031000,415.7288453492439,104
2024-09-18 11:08:09.119000,415.6570570783527,103
2024-09-18 11:08:09.160000,415.7237094518186,8
2024-09-18 11:08:09.166000,415.7220023574324,1002
2024-09-18 11:08:09.190000,415.6634045404145,104
2024-09-18 11:08:09.190000,415.7485181680012,10
2024-09-18 11:08:09.201000,415.7338323134684,11
2024-09-18 11:08:09.216000,415.7184429729434,12
2024-09-18 11:08:09.261000,415.6836526868005,7
2024-09-18 11:08:09.316000,415.74350212189887,100
2024-09-18 11:08:09.331000,415.7255384443664,12
2024-09-18 11:08:09.358000,415.7548414182708,103
2024-09-18 11:08:09.434000,415.7301634111338,15
2024-09-18 11:08:09.453000,415.7163513661477,1001
2024-09-18 11:08:09.527000,415.7636438841005,1000
2024-09-18 11:08:09.542000,415.6992189349043,13
2024-09-18 11:08:09.578000,415.73060498883336,13
2024-09-18 11:08:09.582000,415.7436602388953,13
2024-09-18 11:08:09.590000,415.772125175172,105
2024-09-18 11:08:09.632000,415.682202046353,99
2024-09-18 11:08:09.681000,415.679308982089,12
2024-09-18 11:08:09.761000,415.6723885186423,102
2024-09-18 11:08:09.772000,415.65704593017904,102
2024-09-18 11:08:09.793000,415.7548612171449,9
2024-09-18 11:08:09.922000,415.7230605636452,1002
2024-09-18 11:08:09.931000,415.66042414848175,995
2024-09-18 11:08:09.943000,415.7642505931466,1005
2024-09-18 11:08:09.967000,415.6496155582373,996
2024-09-18 11:08:10.017000,415.7430704052849,14
2024-09-18 11:08:10.167000,415.6930489546958,6
2024-09-18 11:08:10.303000,415.7173568416368,10
2024-09-18 11:08:10.354000,415.659654164562,102
2024-09-18 11:08:10.366000,415.70541994790926,96
2024-09-18 11:08:10.386000,415.7395144062561,104
2024-09-18 11:08:10.524000,415.7286780362275,14
2024-09-18 11:08:10.623000,415.655065771118,1001
2024-09-18 11:08:10.684000,415.74431904967565,11
2024-09-18 11:08:10.780000,415.7381858971832,13
2024-09-18 11:08:10.817000,415.7089572074043,102
2024-09-18 11:08:10.841000,415.6846711644392,101
2024-09-18 11:08:10.866000,415.7433318916064,1004
2024-09-18 11:08:10.911000,415.71629665686777,13
2024-09-18 11:08:10.940000,415.7555112524117,103
2024-09-18 11:08:11.059000,415.73829241493627,105
2024-09-18 11:08:11.097000,415.72264359154,8
2024-09-18 11:08:11.114000,415.7406471021784,999
2024-09-18 11:08:11.155000,415.68704145081153,1003
2024-09-18 11:08:11.233000,415.7124592384343,1002
2024-09-18 11:08:11.270000,415.743597820604,6
2024-09-18 11:08:11.304000,415.7172044303977,1001
2024-09-18 11:08:11.480000,415.7408434683584,102
2024-09-18 11:08:11.518000,415.6787507350211,999
2024-09-18 11:08:11.685000,415.6950658386966,12
2024-09-18 11:08:11.712000,415.7020657544238,996
2024-09-18 11:08:11.774000,415.71777667544205,99
2024-09-18 11:08:11.820000,415.7398893064425,1001
2024-09-18 11:08:11.943000,415.748139541615,9
2024-09-18 11:08:12.105000,415.6415805264844,1004
2024-09-18 11:08:12.170000,415.61982654830337,999
2024-09-18 11:08:12.188000,415.6476451199924,6
2024-09-18 11:08:12.189000,415.7085681003762,11
2024-09-18 11:08:12.192000,415.73843971487486,101
2024-09-18 11:08:12.261000,415.72524080419697,995
2024-09-18 11:08:12.279000,415.6894233456511,101
2024-09-18 11:08:12.322000,415.6358107502504,6
2024-09-18 11:08:12.333000,415.6419987351419,102
2024-09-18 11:08:12.354000,415.73161525228113,5
2024-09-18 11:08:12.356000,415.6736711684847,96
2024-09-18 11:08:12.402000,415.6786749520035,997
2024-09-18 11:08:12.476000,415.6785198509474,13
2024-09-18 11:08:12.486000,415.68303619652136,97
2024-09-18 11:08:12.535000,415.66803383600256,97
2024-09-18 11:08:12.608000,415.74272504996287,102
2024-09-18 11:08:12.675000,415.6565714838946,1000
2024-09-18 11:08:12.681000,415.6799985814002,14
2024-09-18 11:08:12.711000,415.6712320514091,98
2024-09-18 11:08:12.721000,415.66785145434994,95
2024-09-18 11:08:12.747000,415.6939267742847,1000
2024-09-18 11:08:12.773000,415.6570717930823,1001
2024-09-18 11:08:12.774000,415.607580269093,997
2024-09-18 11:08:12.890000,415.6958831656741,12
2024-09-18 11:08:12.961000,415.6464065100324,97
2024-09-18 11:08:12.987000,415.6491199573025,998
2024-09-18 11:08:13.037000,415.677826215696,1000
2024-09-18 11:08:13.180000,415.6571858648227,13
2024-09-18 11:08:13.293000,415.6546979852855,13
2024-09-18 11:08:13.413000,415.6530130361706,995
2024-09-18 11:08:13.581000,415.6215649947108,8
2024-09-18 11:08:13.596000,415.6346176497096,7
2024-09-18 11:08:13.660000,415.6252457898752,6
2024-09-18 11:08:13.669000,415.618138403365,997
2024-09-18 11:08:13.722000,415.645129387702,997
2024-09-18 11:08:13.737000,415.6719511112397,998
2024-09-18 11:08:13.740000,415.67413507190105,99
2024-09-18 11:08:13.819000,415.6355347996022,998
2024-09-18 11:08:13.830000,415.6609097022607,13
2024-09-18 11:08:13.845000,415.6656340106297,6
2024-09-18 11:08:13.981000,415.65302400068543,999
2024-09-18 11:08:13.989000,415.653814739568,1003
2024-09-18 11:08:14.135000,415.6258717624483,15
2024-09-18 11:08:15.016000,415.6134789367518,998
2024-09-18 11:08:15.126000,415.6062523758993,1002
2024-09-18 11:08:15.187000,415.6036994379601,98
2024-09-18 11:08:15.238000,415.56578110655454,5
2024-09-18 11:08:15.287000,415.6156855146706,6
2024-09-18 11:08:15.288000,415.567645673648,103
2024-09-18 11:08:15.295000,415.55906419150193,97
2024-09-18 11:08:15.312000,415.613828078311,15
2024-09-18 11:08:15.429000,415.5742997676149,10
2024-09-18 11:08:15.520000,415.59530128242375,13
2024-09-18 11:08:15.540000,415.609024639259,15
2024-09-18 11:08:15.549000,415.55802904901753,998
2024-09-18 11:08:15.560000,415.6053935645678,1004
2024-09-18 11:08:15.635000,415.6183547839231,11
2024-09-18 11:08:15.659000,415.6123335067416,15
2024-09-18 11:08:15.665000,415.58271931999633,102
2024-09-18 11:08:15.703000,415.5461796642896,96
2024-09-18 11:08:15.719000,415.5973712290678,8
2024-09-18 11:08:15.738000,415.6200949301588,1004
2024-09-18 11:08:15.794000,415.592336313268,99
2024-09-18 11:08:15.794000,415.5652228174717,1001
2024-09-18 11:08:15.802000,415.5734797677072,9
2024-09-18 11:08:15.819000,415.5862507609617,96
2024-09-18 11:08:15.950000,415.6082545807424,104
2024-09-18 11:08:15.965000,415.59043322146215,1002
2024-09-18 11:08:16.033000,415.6387988593329,105
2024-09-18 11:08:16.051000,415.6221801781774,5
2024-09-18 11:08:16.107000,415.642556334116,100
2024-09-18 11:08:16.125000,415.6472580882714,996
2024-09-18 11:08:16.160000,415.6332836194321,100
2024-09-18 11:08:16.255000,415.6373108336379,95
2024-09-18 11:08:16.257000,415.6442549369928,1003
2024-09-18 11:08:16.264000,415.6944939464569,10
2024-09-18 11:08:16.273000,415.6365067704474,996
2024-09-18 11:08:16.396000,415.63600738617663,12
2024-09-18 11:08:16.490000,415.6560677293717,1004
2024-09-18 11:08:16.505000,415.6436585287845,10
2024-09-18 11:08:16.520000,415.6713677037761,13
2024-09-18 11:08:16.531000,415.6333447988872,15
2024-09-18 11:08:16.557000,415.6417187689595,1004
2024-09-18 11:08:16.561000,415.64782606138135,1002
2024-09-18 11:08:16.570000,415.6335792753146,95
2024-09-18 11:08:16.670000,415.63115356316536,96
2024-09-18 11:08:16.690000,415.6781903974155,998
2024-09-18 11:08:16.804000,415.6782739730352,1002
2024-09-18 11:08:16.820000,415.6613899549913,98
2024-09-18 11:08:16.846000,415.6498769632066,97
2024-09-18 11:08:16.859000,415.63791114828257,12
2024-09-18 11:08:16.863000,415.6375417317045,7
2024-09-18 11:08:16.980000,415.64444145222336,995
2024-09-18 11:08:17.085000,415.7467847657876,9
2024-09-18 11:08:17.087000,415.69237397482993,8
2024-09-18 11:08:17.107000,415.7091200060156,1000
2024-09-18 11:08:17.137000,415.7771692244848,102
2024-09-18 11:08:17.139000,415.7918325896214,6
2024-09-18 11:08:17.158000,415.71518531869526,5
2024-09-18 11:08:17.201000,415.7638981454727,100
2024-09-18 11:08:17.256000,415.70587172210566,995
2024-09-18 11:08:17.273000,415.73420286186325,7
2024-09-18 11:08:17.325000,415.6945819704599,999
2024-09-18 11:08:17.337000,415.67360291519,1003
2024-09-18 11:08:17.419000,415.7815597487312,6
2024-09-18 11:08:17.439000,415.7012305244977,1004
2024-09-18 11:08:17.474000,415.70859002642544,5
2024-09-18 11:08:17.488000,415.758623971489,1000
2024-09-18 11:08:17.572000,415.7724188754709,996
2024-09-18 11:08:17.620000,415.72345387902,1005
2024-09-18 11:08:17.625000,415.6765160014704,96
2024-09-18 11:08:17.646000,415.6809546005346,8
2024-09-18 11:08:17.696000,415.7988096721885,95
2024-09-18 11:08:17.709000,415.6645106157417,999
2024-09-18 11:08:17.903000,415.7252667003069,1003
2024-09-18 11:08:17.963000,415.7999126164168,97
2024-09-18 11:08:18.122000,415.733173704433,97
2024-09-18 11:08:18.157000,415.7324493232341,14
2024-09-18 11:08:18.167000,415.7439914637379,103
2024-09-18 11:08:18.174000,415.75848920615454,999
2024-09-18 11:08:18.230000,415.7650914416333,8
2024-09-18 11:08:18.234000,415.7517811115218,15
2024-09-18 11:08:18.280000,415.75438238853394,1003
2024-09-18 11:08:18.323000,415.752293083889,999
2024-09-18 11:08:18.377000,415.76700406979,8
2024-09-18 11:08:18.392000,415.7333507372507,9
2024-09-18 11:08:18.412000,415.74578801317216,99
2024-09-18 11:08:18.425000,415.7487707323439,1001
2024-09-18 11:08:18.448000,415.75754615748974,1002
2024-09-18 11:08:18.521000,415.74362483849615,104
2024-09-18 11:08:18.525000,415.7678042054924,6
2024-09-18 11:08:18.556000,415.7521287539399,13
2024-09-18 11:08:18.566000,415.7459648453,997
2024-09-18 11:08:18.592000,415.7547367704483,997
2024-09-18 11:08:18.751000,415.7260002025922,7
2024-09-18 11:08:18.791000,415.7458592284279,96
2024-09-18 11:08:18.860000,415.7653175542607,9
2024-09-18 11:08:18.889000,415.74558562748126,1005
2024-09-18 11:08:18.901000,415.7690075580791,7
2024-09-18 11:08:18.930000,415.76660316486726,5
2024-09-18 11:08:18.957000,415.7543526107664,13
2024-09-18 11:08:18.999000,415.751302604864,1003
2024-09-18 11:08:19.127000,415.7677164431285,1001
2024-09-18 11:08:19.175000,415.8105074216082,100
2024-09-18 11:08:19.191000,415.72368302532834,95
2024-09-18 11:08:19.280000,415.8038381457394,9
2024-09-18 11:08:19.414000,415.7918065388238,1002
2024-09-18 11:08:19.487000,415.81126338667184,1004
2024-09-18 11:08:19.495000,415.8021960183147,98
2024-09-18 11:08:19.573000,415.80763661848016,11
2024-09-18 11:08:19.615000,415.7774930180673,7
2024-09-18 11:08:19.628000,415.7478048150259,15
2024-09-18 11:08:19.994000,415.8229459318588,1004
2024-09-18 11:08:20.409000,415.8072443129759,6
2024-09-18 11:08:20.727000,415.8163284976016,101
2024-09-18 11:08:21.091000,415.796084703586,1001
2024-09-18 11:08:21.230000,415.82161995702745,105
2024-09-18 11:08:21.392000,415.8106892786793,99
2024-09-18 11:08:21.470000,415.81437523569446,1005
2024-09-18 11:08:21.651000,415.8032603109929,15
2024-09-18 11:08:21.943000,415.7977233858119,995
2024-09-18 11:08:21.992000,415.8066530524214,9
2024-09-18 11:08:22.225000,415.81135622441286,104
2024-09-18 11:08:22.346000,415.81664588923087,105
2024-09-18 11:08:22.509000,415.8115392385256,15
2024-09-18 11:08:22.515000,415.83102887131264,1003
2024-09-18 11:08:22.559000,415.8130618159855,11
2024-09-18 11:08:23.050000,415.7868818089804,1004
2024-09-18 11:08:23.064000,415.77153430126606,104
2024-09-18 11:08:23.069000,415.7934690519982,102
2024-09-18 11:08:23.075000,415.7962994057164,103
2024-09-18 11:08:23.091000,415.7512104682791,101
2024-09-18 11:08:23.118000,415.7738169160555,105
2024-09-18 11:08:23.223000,415.7942616564813,98
2024-09-18 11:08:23.401000,415.7704403780908,996
2024-09-18 11:08:23.416000,415.7627879500995,101
2024-09-18 11:08:23.417000,415.803994794085,104
2024-09-18 11:08:23.443000,415.8024207226135,97
2024-09-18 11:08:23.469000,415.7643111698288,97
2024-09-18 11:08:23.499000,415.7717192651584,101
2024-09-18 11:08:23.516000,415.80580402214486,999
2024-09-18 11:08:23.565000,415.77070842114887,99
2024-09-18 11:08:23.567000,415.79792259055233,12
2024-09-18 11:08:23.578000,415.75876182571216,104
2024-09-18 11:08:23.579000,415.7889928246961,7
2024-09-18 11:08:23.593000,415.7902810222713,1001
2024-09-18 11:08:23.736000,415.78507965760656,998
2024-09-18 11:08:23.758000,415.7713838073128,1001
2024-09-18 11:08:23.797000,415.8018905643922,1002
2024-09-18 11:08:23.811000,415.7578495841853,13
2024-09-18 11:08:23.833000,415.7843952479506,1004
2024-09-18 11:08:23.860000,415.778688651992,101
2024-09-18 11:08:23.878000,415.7930586669523,997
2024-09-18 11:08:23.902000,415.7727628100709,996
2024-09-18 11:08:23.930000,415.7736378776979,1003
2024-09-18 11:08:24.007000,415.8018203056317,997
2024-09-18 11:08:24.015000,415.7997467510866,14
2024-09-18 11:08:24.037000,415.770917997515,12
2024-09-18 11:08:24.081000,415.7966975454411,998
2024-09-18 11:08:24.213000,415.7918802659871,7
2024-09-18 11:08:24.272000,415.7920061082672,7
2024-09-18 11:08:24.343000,415.77922643726345,1002
2024-09-18 11:08:24.366000,415.80100675389457,8
2024-09-18 11:08:24.465000,415.7817176339177,104
2024-09-18 11:08:24.495000,415.7793848260277,100
2024-09-18 11:08:24.505000,415.8059866339683,1003
2024-09-18 11:08:24.564000,415.79403822516775,998
2024-09-18 11:08:24.639000,415.8024243253159,10
2024-09-18 11:08:24.646000,415.7873097598754,996
2024-09-18 11:08:24.703000,415.784821029119,102
2024-09-18 11:08:24.740000,415.78540083029606,1000
2024-09-18 11:08:24.744000,415.8056988318739,105
2024-09-18 11:08:24.816000,415.806582604598,101
2024-09-18 11:08:24.872000,415.804535451452,1004
2024-09-18 11:08:24.903000,415.8130961423839,1001
2024-09-18 11:08:24.909000,415.7854711640293,104
2024-09-18 11:08:24.938000,415.78355121413625,11
2024-09-18 11:08:24.964000,415.80119171805353,998
2024-09-18 11:08:24.968000,415.7896515467782,105
2024-09-18 11:08:25.109000,415.7423342256896,103
2024-09-18 11:08:25.283000,415.7629322133278,104
2024-09-18 11:08:25.394000,415.7801972374123,98
2024-09-18 11:08:25.982000,415.75633754060885,996
2024-09-18 11:08:26.093000,415.7720281631299,997
2024-09-18 11:08:26.104000,415.7553109703029,95
2024-09-18 11:08:26.729000,415.760942221268,95
2024-09-18 11:08:26.767000,415.76758205954826,96
2024-09-18 11:08:26.921000,415.7647031843668,1000
2024-09-18 11:08:26.925000,415.7620694755516,102
2024-09-18 11:08:27.072000,415.8564629307642,103
2024-09-18 11:08:27.208000,415.81361430996543,14
2024-09-18 11:08:27.251000,415.89859246751945,7
2024-09-18 11:08:27.294000,415.86053069975327,105
2024-09-18 11:08:27.322000,415.89297684172425,105
2024-09-18 11:08:27.373000,415.9142272180386,999
2024-09-18 11:08:27.423000,415.8615821055681,1004
2024-09-18 11:08:27.433000,415.7855428749057,6
2024-09-18 11:08:27.556000,415.8971069535954,1000
2024-09-18 11:08:27.585000,415.77978677570735,100
2024-09-18 11:08:27.619000,415.86947077828535,104
2024-09-18 11:08:27.747000,415.8054191200384,98
2024-09-18 11:08:27.751000,415.75375749143,102
2024-09-18 11:08:27.776000,415.8623473261779,1002
2024-09-18 11:08:27.802000,415.81445040998346,99
2024-09-18 11:08:27.832000,415.8530560045359,997
2024-09-18 11:08:27.854000,415.8550270611927,9
2024-09-18 11:08:27.859000,415.7631747297465,999
2024-09-18 11:08:27.895000,415.8481851480895,999
2024-09-18 11:08:27.967000,415.8533084957016,103
2024-09-18 11:08:27.984000,415.77366266758753,1005
2024-09-18 11:08:27.998000,415.8259073412311,7
2024-09-18 11:08:27.999000,415.9059874808058,1005
2024-09-18 11:08:28.012000,415.8803208585077,98
2024-09-18 11:08:28.032000,415.9210302406786,8
2024-09-18 11:08:28.123000,415.95536968443577,13
2024-09-18 11:08:28.256000,415.9585156087333,1000
2024-09-18 11:08:28.268000,415.9791192359461,6
2024-09-18 11:08:28.276000,415.9343520684928,1002
2024-09-18 11:08:28.281000,415.9618608923402,102
2024-09-18 11:08:28.343000,415.95492847469535,99
2024-09-18 11:08:28.388000,415.914395302206,97
2024-09-18 11:08:28.418000,415.9735452118081,999
2024-09-18 11:08:28.421000,415.9523779631585,13
2024-09-18 11:08:28.435000,415.8966026920498,997
2024-09-18 11:08:28.484000,415.9517624731524,996
2024-09-18 11:08:28.530000,415.9432825372676,12
2024-09-18 11:08:28.585000,415.97663405377006,996
2024-09-18 11:08:28.586000,415.9759428373027,12
2024-09-18 11:08:28.698000,415.9529822900402,1002
2024-09-18 11:08:28.745000,415.9585854637073,11
2024-09-18 11:08:28.770000,415.9674079715864,14
2024-09-18 11:08:28.774000,415.8563564718779,15
2024-09-18 11:08:28.811000,415.9180997138517,9
2024-09-18 11:08:28.856000,415.9621118513835,1005
2024-09-18 11:08:28.897000,415.9473442385485,995
2024-09-18 11:08:28.918000,415.96048087573615,996
2024-09-18 11:08:28.958000,415.8966701116106,995
2024-09-18 11:08:28.971000,415.937531060807,96
2024-09-18 11:08:29.028000,415.9538823095282,998
2024-09-18 11:08:29.251000,415.9476890133833,105
2024-09-18 11:08:29.309000,415.95190916054526,1004
2024-09-18 11:08:29.324000,415.9612067086962,7
2024-09-18 11:08:29.444000,415.9640346807208,102
2024-09-18 11:08:29.587000,415.959585837532,100
2024-09-18 11:08:29.861000,415.9638768830716,102
2024-09-18 11:08:30.052000,415.8895117597918,96
2024-09-18 11:08:30.059000,415.9587546796224,1003
2024-09-18 11:08:30.146000,415.9238915409393,97
2024-09-18 11:08:30.151000,415.8908069823893,10
2024-09-18 11:08:30.163000,415.9307620207095,100
2024-09-18 11:08:30.172000,415.8834156352474,98
2024-09-18 11:08:30.284000,415.91262758883215,99
2024-09-18 11:08:30.403000,415.92329339740286,98
2024-09-18 11:08:30.411000,415.897602426743,1001
2024-09-18 11:08:30.413000,415.9390226515464,99
2024-09-18 11:08:30.417000,415.9749436766549,102
2024-09-18 11:08:30.476000,415.9066134520832,105
2024-09-18 11:08:30.542000,415.9446478931581,995
2024-09-18 11:08:30.578000,415.9625579731678,995
2024-09-18 11:08:30.630000,415.90656058072096,1002
2024-09-18 11:08:30.655000,415.9010123209783,14
2024-09-18 11:08:30.676000,415.9043071686759,1005
2024-09-18 11:08:30.691000,415.9244758201136,999
2024-09-18 11:08:30.697000,415.8965715526508,999
2024-09-18 11:08:30.820000,415.9591783630925,996
2024-09-18 11:08:30.846000,415.8768120315355,13
2024-09-18 11:08:30.931000,415.8891383625571,99
2024-09-18 11:08:30.966000,415.952381542337,14
2024-09-18 11:08:31.048000,415.81000752210633,1003
2024-09-18 11:08:31.059000,415.853599747243,12
2024-09-18 11:08:31.076000,415.8236673531276,12
2024-09-18 11:08:31.135000,415.84683289185045,15
2024-09-18 11:08:31.228000,415.8287382816428,8
2024-09-18 11:08:31.233000,415.829018992408,102
2024-09-18 11:08:31.351000,415.8101702394936,995
2024-09-18 11:08:31.386000,415.834152988366,6
2024-09-18 11:08:31.387000,415.8232291524375,996
2024-09-18 11:08:31.387000,415.8532341422131,98
2024-09-18 11:08:31.426000,415.8064702594742,999
2024-09-18 11:08:31.440000,415.834905288154,999
2024-09-18 11:08:31.496000,415.8892244322142,995
2024-09-18 11:08:31.516000,415.8247874337242,1003
2024-09-18 11:08:31.522000,415.8746462996271,999
2024-09-18 11:08:31.554000,415.90126430222665,14
2024-09-18 11:08:31.586000,415.8314257174071,996
2024-09-18 11:08:31.588000,415.7869675875384,12
2024-09-18 11:08:31.605000,415.8140695080113,995
2024-09-18 11:08:31.661000,415.89139526303785,1003
2024-09-18 11:08:31.743000,415.9010391242919,12
2024-09-18 11:08:31.763000,415.8687037077555,1000
2024-09-18 11:08:31.793000,415.81774082240463,95
2024-09-18 11:08:31.840000,415.84638921816,14
2024-09-18 11:08:31.865000,415.8814250207446,96
2024-09-18 11:08:31.870000,415.9000574278097,13
2024-09-18 11:08:31.935000,415.87518239869166,996
2024-09-18 11:08:31.969000,415.81813754332086,98
2024-09-18 11:08:31.976000,415.7741091103025,12
2024-09-18 11:08:31.987000,415.82312482306617,98
2024-09-18 11:08:32.466000,415.7679035930824,998
2024-09-18 11:08:32.706000,415.77606727601005,100
2024-09-18 11:08:33.001000,415.7051617962119,1005
2024-09-18 11:08:33.097000,415.7563262541889,1003
2024-09-18 11:08:33.132000,415.7169090110003,15
2024-09-18 11:08:33.211000,415.7462857107829,103
2024-09-18 11:08:33.212000,415.7487001403841,96
2024-09-18 11:08:33.306000,415.72249235768646,100
2024-09-18 11:08:33.448000,415.7397953134693,101
2024-09-18 11:08:33.464000,415.7292937889423,96
2024-09-18 11:08:33.533000,415.71209007216186,103
2024-09-18 11:08:33.549000,415.7308554594007,101
2024-09-18 11:08:33.576000,415.7151606599372,1000
2024-09-18 11:08:33.596000,415.73496362606215,98
2024-09-18 11:08:33.610000,415.7383584440145,996
2024-09-18 11:08:33.654000,415.7177206171685,12
2024-09-18 11:08:33.685000,415.713266118902,14
2024-09-18 11:08:33.701000,415.7430857382971,8
2024-09-18 11:08:33.743000,415.7626731333968,6
2024-09-18 11:08:33.743000,415.7395178945543,101
2024-09-18 11:08:33.849000,415.7170199836356,1000
2024-09-18 11:08:33.866000,415.7095167321582,9
2024-09-18 11:08:33.933000,415.7005448640925,10
2024-09-18 11:08:33.936000,415.7763956437299,99
2024-09-18 11:08:33.987000,415.71873343327286,7
2024-09-18 11:08:34.103000,415.7090174635576,10
2024-09-18 11:08:34.211000,415.7416397379318,98
2024-09-18 11:08:34.260000,415.6816782536599,15
2024-09-18 11:08:34.520000,415.72402299914535,5
2024-09-18 11:08:34.544000,415.7413000669386,99
2024-09-18 11:08:34.548000,415.7453452078301,95
2024-09-18 11:08:34.581000,415.75561891517526,999
2024-09-18 11:08:34.667000,415.733620806904,996
2024-09-18 11:08:34.723000,415.6749219543988,1004
2024-09-18 11:08:34.766000,415.724241936778,104
2024-09-18 11:08:34.791000,415.7408418155791,95
2024-09-18 11:08:34.799000,415.7048869432499,12
2024-09-18 11:08:34.942000,415.7451903340224,102
2024-09-18 11:08:34.996000,415.7620843307021,10
2024-09-18 11:08:35.057000,415.6737350837106,12
2024-09-18 11:08:35.066000,415.6706616808861,1002
2024-09-18 11:08:35.140000,415.69491849789256,96
2024-09-18 11:08:35.147000,415.6827386715219,95
2024-09-18 11:08:35.155000,415.6889463793523,100
2024-09-18 11:08:35.173000,415.6662761477023,996
2024-09-18 11:08:35.186000,415.6836127430579,1000
2024-09-18 11:08:35.277000,415.6536853215268,995
2024-09-18 11:08:35.348000,415.6729378653765,1000
2024-09-18 11:08:35.349000,415.66667631544914,9
2024-09-18 11:08:35.378000,415.68228131899406,995
2024-09-18 11:08:35.400000,415.6670358201628,103
2024-09-18 11:08:35.530000,415.6644729935337,12
2024-09-18 11:08:35.639000,415.6712355925954,101
2024-09-18 11:08:35.666000,415.6861679143997,7
2024-09-18 11:08:35.688000,415.66197781891645,98
2024-09-18 11:08:35.740000,415.6709828292909,1001
2024-09-18 11:08:35.818000,415.6835047136052,1001
2024-09-18 11:08:35.844000,415.6862270720921,1005
2024-09-18 11:08:35.919000,415.67997834323273,998
2024-09-18 11:08:35.936000,415.6702322069502,1000
2024-09-18 11:08:36.021000,415.7003915532076,7
2024-09-18 11:08:36.271000,415.6967492710791,97
2024-09-18 11:08:36.648000,415.695496608211,104
2024-09-18 11:08:36.708000,415.7085192034337,1004
2024-09-18 11:08:36.854000,415.7040056132498,1005
2024-09-18 11:08:37.032000,415.7483042436335,1001
2024-09-18 11:08:37.109000,415.70950614764536,105
2024-09-18 11:08:37.210000,415.73974315110377,9
2024-09-18 11:08:37.289000,415.706000078228,105
2024-09-18 11:08:37.320000,415.72668711403895,103
2024-09-18 11:08:37.352000,415.705123270177,6
2024-09-18 11:08:37.355000,415.7342297674084,998
2024-09-18 11:08:37.635000,415.7471794620135,95
2024-09-18 11:08:37.755000,415.720315840927,95
2024-09-18 11:08:37.775000,415.72050499547,10
2024-09-18 11:08:38.006000,415.53544973531694,1005
2024-09-18 11:08:38.033000,415.54205138173927,97
2024-09-18 11:08:38.090000,415.5852741627977,96
2024-09-18 11:08:38.200000,415.54481994738336,98
2024-09-18 11:08:38.320000,415.5336021507059,996
2024-09-18 11:08:38.321000,415.5702673124727,997
2024-09-18 11:08:38.328000,415.58170271228414,997
2024-09-18 11:08:38.334000,415.5162398663312,6
2024-09-18 11:08:38.418000,415.5284304062642,995
2024-09-18 11:08:38.460000,415.7157000899978,10
2024-09-18 11:08:38.495000,415.6427510443255,13
2024-09-18 11:08:38.524000,415.65009352671694,1005
2024-09-18 11:08:38.535000,415.50816745628055,96
2024-09-18 11:08:38.562000,415.7048452371049,14
2024-09-18 11:08:38.575000,415.52372991300285,100
2024-09-18 11:08:38.581000,415.6947295908525,103
2024-09-18 11:08:38.643000,415.61563034811775,105
2024-09-18 11:08:38.658000,415.6847632201355,12
2024-09-18 11:08:38.672000,415.5531014630294,15
2024-09-18 11:08:38.745000,415.72344211597766,14
2024-09-18 11:08:38.841000,415.5208907437839,96
2024-09-18 11:08:38.854000,415.6272771626936,996
2024-09-18 11:08:38.905000,415.5322712873742,9
2024-09-18 11:08:38.908000,415.5974618990732,101
2024-09-18 11:08:38.917000,415.61444060922514,11
2024-09-18 11:08:38.957000,415.6065804635329,1003
2024-09-18 11:08:39.373000,415.4954871237381,100
2024-09-18 11:08:39.425000,415.4959588589802,8
2024-09-18 11:08:40.089000,415.52094356520246,5
2024-09-18 11:08:40.103000,415.47482489925096,14
2024-09-18 11:08:40.192000,415.4958041060555,10
2024-09-18 11:08:40.200000,415.48832115073566,10
2024-09-18 11:08:40.280000,415.5004396737146,105
2024-09-18 11:08:40.294000,415.5194769432079,7
2024-09-18 11:08:40.313000,415.48029983342894,1003
2024-09-18 11:08:40.334000,415.4760571986352,5
2024-09-18 11:08:40.366000,415.49665667013966,104
2024-09-18 11:08:40.422000,415.4746961427081,995
2024-09-18 11:08:40.476000,415.5008811149226,6
2024-09-18 11:08:40.568000,415.4970889847899,1000
2024-09-18 11:08:40.612000,415.48092962072326,5
2024-09-18 11:08:40.676000,415.5241828273934,95
2024-09-18 11:08:41.079000,415.5290439745639,1004
2024-09-18 11:08:41.180000,415.512276348214,6
2024-09-18 11:08:41.312000,415.5139327715992,5
2024-09-18 11:08:41.623000,415.50922442985,102
2024-09-18 11:08:41.955000,415.5230307496344,5
2024-09-18 11:08:42.277000,415.52774419813744,13
2024-09-18 11:08:42.527000,415.4907297326529,10
2024-09-18 11:08:42.584000,415.5295573677101,105
2024-09-18 11:08:42.595000,415.5088371299653,96
2024-09-18 11:08:42.606000,415.4910228539574,6
2024-09-18 11:08:42.622000,415.4839259605566,999
2024-09-18 11:08:42.657000,415.4998753594351,8
2024-09-18 11:08:42.747000,415.4896767437658,15
2024-09-18 11:08:42.890000,415.49163040282656,11
2024-09-18 11:08:42.994000,415.52092745517206,14
2024-09-18 11:08:43.012000,415.513802896314,1000
2024-09-18 11:08:43.023000,415.5312970921768,99
2024-09-18 11:08:43.028000,415.5293869596227,105
2024-09-18 11:08:43.052000,415.5172816165585,96
2024-09-18 11:08:43.105000,415.5199262842334,9
2024-09-18 11:08:43.152000,415.4712037832474,97
2024-09-18 11:08:43.168000,415.5312970622165,1001
2024-09-18 11:08:43.171000,415.4992449651975,1001
2024-09-18 11:08:43.177000,415.5125442198035,1001
2024-09-18 11:08:43.194000,415.4539493656209,97
2024-09-18 11:08:43.234000,415.5008799121762,105
2024-09-18 11:08:43.234000,415.503869678214,995
2024-09-18 11:08:43.256000,415.5205579387994,1000
2024-09-18 11:08:43.261000,415.5376790678859,103
2024-09-18 11:08:43.366000,415.547104241773,14
2024-09-18 11:08:43.383000,415.5449125664434,996
2024-09-18 11:08:43.464000,415.52366435318805,13
2024-09-18 11:08:43.470000,415.4676060985591,101
2024-09-18 11:08:43.585000,415.4491000490493,995
2024-09-18 11:08:43.585000,415.4907003512574,12
2024-09-18 11:08:43.588000,415.5544470178909,104
2024-09-18 11:08:43.616000,415.5226101892653,12
2024-09-18 11:08:43.645000,415.539644210942,96
2024-09-18 11:08:43.658000,415.5223748188015,96
2024-09-18 11:08:43.705000,415.4743721799791,1000
2024-09-18 11:08:43.784000,415.47936733753215,1005
2024-09-18 11:08:43.786000,415.55295482087246,100
2024-09-18 11:08:43.914000,415.5304737299254,105
2024-09-18 11:08:44.062000,415.45715453783583,7
2024-09-18 11:08:44.142000,415.463184241112,97
2024-09-18 11:08:44.350000,415.45567365563153,9
2024-09-18 11:08:44.364000,415.46012816591696,1003
2024-09-18 11:08:44.723000,415.4578437402108,998
2024-09-18 11:08:44.814000,415.46173539871575,99
2024-09-18 11:08:44.941000,415.4645515642137,11
2024-09-18 11:08:45.007000,415.5554938026498,100
2024-09-18 11:08:45.030000,415.5153581352627,995
2024-09-18 11:08:45.086000,415.468028085952,5
2024-09-18 11:08:45.114000,415.5580418805748,10
2024-09-18 11:08:45.147000,415.5319530007605,101
2024-09-18 11:08:45.223000,415.580623720564,104
2024-09-18 11:08:45.248000,415.5381966894947,1005
2024-09-18 11:08:45.251000,415.5756429967452,1000
2024-09-18 11:08:45.300000,415.5381903125223,1005
2024-09-18 11:08:45.341000,415.56446261153206,102
2024-09-18 11:08:45.383000,415.51902568025866,997
2024-09-18 11:08:45.389000,415.5292007625108,12
2024-09-18 11:08:45.393000,415.5663562238916,5
2024-09-18 11:08:45.424000,415.5627627177743,97
2024-09-18 11:08:45.445000,415.53991859403766,997
2024-09-18 11:08:45.464000,415.5647786564646,100
2024-09-18 11:08:45.481000,415.57064753643385,999
2024-09-18 11:08:45.562000,415.4972384437309,6
2024-09-18 11:08:45.597000,415.43718961142207,1004
2024-09-18 11:08:45.597000,415.5633326396888,998
2024-09-18 11:08:45.641000,415.4815135715436,12
2024-09-18 11:08:45.697000,415.5777796268003,11
2024-09-18 11:08:45.732000,415.5235883155248,5
2024-09-18 11:08:45.750000,415.4673077286433,100
2024-09-18 11:08:45.750000,415.53775084769546,1002
2024-09-18 11:08:45.757000,415.55493366002287,101
2024-09-18 11:08:45.867000,415.5833316368816,11
2024-09-18 11:08:45.913000,415.5577299316363,96
2024-09-18 11:08:46.064000,415.4944529321007,1001
2024-09-18 11:08:46.138000,415.5010172075562,101
2024-09-18 11:08:46.162000,415.5583320536514,1004
2024-09-18 11:08:46.478000,415.5298996151993,8
2024-09-18 11:08:46.522000,415.5092898918687,995
2024-09-18 11:08:46.543000,415.5423913125742,1000
2024-09-18 11:08:46.574000,415.5287600181781,100
2024-09-18 11:08:46.577000,415.5071819299463,99
2024-09-18 11:08:46.586000,415.5167219473354,95
2024-09-18 11:08:46.608000,415.50985887756025,12
2024-09-18 11:08:46.637000,415.4970017553148,1002
2024-09-18 11:08:46.655000,415.5500419726873,10
2024-09-18 11:08:46.689000,415.5424313288826,14
2024-09-18 11:08:46.707000,415.513162316757,9
2024-09-18 11:08:46.724000,415.4909709374229,7
2024-09-18 11:08:46.767000,415.51197765780967,1003
2024-09-18 11:08:46.837000,415.5340264888999,104
2024-09-18 11:08:46.850000,415.50486841203536,13
2024-09-18 11:08:46.873000,415.4775644207262,13
2024-09-18 11:08:46.890000,415.52205451022746,997
2024-09-18 11:08:46.957000,415.5118654129902,6
2024-09-18 11:08:47.147000,415.4995554305093,15
2024-09-18 11:08:47.534000,415.4638800061122,7
2024-09-18 11:08:47.544000,415.4859385710049,999
2024-09-18 11:08:47.639000,415.46091676825785,1004
2024-09-18 11:08:47.734000,415.4891503126775,101
2024-09-18 11:08:47.837000,415.4728157707802,997
2024-09-18 11:08:47.913000,415.50784272026425,101
2024-09-18 11:08:47.956000,415.482249205342,998
2024-09-18 11:08:48.010000,415.51213749941286,998
2024-09-18 11:08:48.010000,415.5441904228999,997
2024-09-18 11:08:48.050000,415.5427155342091,15
2024-09-18 11:08:48.053000,415.5673587788567,995
2024-09-18 11:08:48.136000,415.5369035572372,100
2024-09-18 11:08:48.157000,415.5337487029606,99
2024-09-18 11:08:48.158000,415.5293774191032,1004
2024-09-18 11:08:48.178000,415.52642748939473,96
2024-09-18 11:08:48.189000,415.5909995195902,999
2024-09-18 11:08:48.200000,415.55564661914775,1004
2024-09-18 11:08:48.235000,415.4977865934954,101
2024-09-18 11:08:48.304000,415.5620984988716,1003
2024-09-18 11:08:48.342000,415.51933564732434,14
2024-09-18 11:08:48.378000,415.5848611049077,5
2024-09-18 11:08:48.436000,415.54170740458255,1005
2024-09-18 11:08:48.532000,415.5210622331405,14
2024-09-18 11:08:48.563000,415.5380958335515,15
2024-09-18 11:08:48.575000,415.52435586884144,96
2024-09-18 11:08:48.626000,415.54415083462806,996
2024-09-18 11:08:48.640000,415.54062619279694,105
2024-09-18 11:08:48.646000,415.56453894447696,14
2024-09-18 11:08:48.681000,415.535173108265,998
2024-09-18 11:08:48.752000,415.57190178997234,995
2024-09-18 11:08:48.841000,415.5730309849942,104
2024-09-18 11:08:48.923000,415.5225475104408,10
2024-09-18 11:08:48.951000,415.5395774783549,1005
2024-09-18 11:08:48.979000,415.5724667648177,1003
2024-09-18 11:08:48.992000,415.5291223601213,995
2024-09-18 11:08:48.996000,415.5277012477034,8
2024-09-18 11:08:49.153000,415.5816002385535,97
2024-09-18 11:08:49.179000,415.5839927918401,10
2024-09-18 11:08:49.213000,415.5985887736068,997
2024-09-18 11:08:49.298000,415.5894333097918,95
2024-09-18 11:08:49.551000,415.5859234058427,102
2024-09-18 11:08:49.690000,415.5644575007768,997
2024-09-18 11:08:49.726000,415.6048606724149,995
2024-09-18 11:08:49.781000,415.5886434244994,105
2024-09-18 11:08:49.948000,415.5717347106744,9
2024-09-18 11:08:50.019000,415.5800060140009,11
2024-09-18 11:08:50.161000,415.60450641618297,995
2024-09-18 11:08:50.173000,415.617303579561,105
2024-09-18 11:08:50.191000,415.5945589223072,6
2024-09-18 11:08:50.199000,415.6306010813452,1001
2024-09-18 11:08:50.225000,415.59657084202536,11
2024-09-18 11:08:50.233000,415.59226153424567,1005
2024-09-18 11:08:50.239000,415.6140431979651,6
2024-09-18 11:08:50.349000,415.5906190251761,98
2024-09-18 11:08:50.415000,415.5989609032316,997
2024-09-18 11:08:50.457000,415.5914126434247,13
2024-09-18 11:08:50.482000,415.5991427271714,15
2024-09-18 11:08:50.577000,415.58769996600864,6
2024-09-18 11:08:50.588000,415.5755461712231,1001
2024-09-18 11:08:50.671000,415.58934232846735,995
2024-09-18 11:08:50.750000,415.5996482924184,8
2024-09-18 11:08:50.763000,415.6135696905836,15
2024-09-18 11:08:50.794000,415.6333301488508,9
2024-09-18 11:08:50.871000,415.6115643497279,8
2024-09-18 11:08:50.883000,415.5919403134195,5
2024-09-18 11:08:50.937000,415.5960685495132,1005
2024-09-18 11:08:50.949000,415.6252982107927,11
2024-09-18 11:08:51.426000,415.6181853935975,1005
2024-09-18 11:08:51.454000,415.6077512574961,12
2024-09-18 11:08:52.072000,415.6408608920876,1002
2024-09-18 11:08:52.127000,415.6552178577093,9
2024-09-18 11:08:52.144000,415.6466923012978,15
2024-09-18 11:08:52.154000,415.66832742154577,8
2024-09-18 11:08:52.163000,415.6874522986381,100
2024-09-18 11:08:52.179000,415.6685292517655,14
2024-09-18 11:08:52.183000,415.6696511514107,1003
2024-09-18 11:08:52.189000,415.69501297917066,13
2024-09-18 11:08:52.218000,415.65592858135767,102
2024-09-18 11:08:52.391000,415.6838353995205,11
2024-09-18 11:08:52.404000,415.6371354974576,1005
2024-09-18 11:08:52.442000,415.64488942685927,1001
2024-09-18 11:08:52.462000,415.6472092903293,13
2024-09-18 11:08:52.484000,415.6508830706241,5
2024-09-18 11:08:52.528000,415.6811154670239,998
2024-09-18 11:08:52.562000,415.6819384180314,95
2024-09-18 11:08:52.664000,415.6460014069792,104
2024-09-18 11:08:52.699000,415.6299920952546,5
2024-09-18 11:08:52.740000,415.6360285220603,8
2024-09-18 11:08:52.758000,415.6790003685135,998
2024-09-18 11:08:52.884000,415.6774358908365,1003
2024-09-18 11:08:52.888000,415.6705830890153,999
2024-09-18 11:08:52.905000,415.6312588449742,10
2024-09-18 11:08:52.953000,415.6598637658069,1000
2024-09-18 11:08:53.165000,415.75354879816246,997
2024-09-18 11:08:53.182000,415.7537797901862,102
2024-09-18 11:08:53.370000,415.7491629866296,997
2024-09-18 11:08:53.455000,415.6878467032797,15
2024-09-18 11:08:53.531000,415.72758311868137,10
2024-09-18 11:08:53.547000,415.7357603280964,100
2024-09-18 11:08:53.584000,415.7487279727067,998
2024-09-18 11:08:53.770000,415.741483577651,1001
2024-09-18 11:08:53.793000,415.6869312005265,1003
2024-09-18 11:08:53.909000,415.7658364614546,96
2024-09-18 11:08:53.929000,415.7500158312368,102
2024-09-18 11:08:53.930000,415.7737740622021,1001
2024-09-18 11:08:54.030000,415.7277014820355,12
2024-09-18 11:08:54.189000,415.76543892236174,14
2024-09-18 11:08:54.238000,415.7679995341499,9
2024-09-18 11:08:54.244000,415.72190674533937,104
2024-09-18 11:08:54.283000,415.7917357516418,9
2024-09-18 11:08:54.330000,415.78114822490267,996
2024-09-18 11:08:54.339000,415.7763549873037,99
2024-09-18 11:08:54.364000,415.7046106224112,5
2024-09-18 11:08:54.383000,415.7389726714606,10
2024-09-18 11:08:54.385000,415.7925944236068,100
2024-09-18 11:08:54.388000,415.73856624869865,9
2024-09-18 11:08:54.484000,415.76204625904506,6
2024-09-18 11:08:54.521000,415.703242233878,999
2024-09-18 11:08:54.605000,415.7580052995672,8
2024-09-18 11:08:54.767000,415.745436312972,97
2024-09-18 11:08:54.894000,415.743453815803,14
2024-09-18 11:08:54.920000,415.7887678259093,999
2024-09-18 11:08:54.965000,415.785463674934,6
2024-09-18 11:08:55.004000,415.7788055920667,1000
2024-09-18 11:08:55.013000,415.74659218710497,1000
2024-09-18 11:08:55.061000,415.7488664059643,10
2024-09-18 11:08:55.080000,415.7504189782188,995
2024-09-18 11:08:55.084000,415.739249799958,5
2024-09-18 11:08:55.103000,415.7600868061221,101
2024-09-18 11:08:55.162000,415.76816038764105,997
2024-09-18 11:08:55.171000,415.80101138551294,9
2024-09-18 11:08:55.231000,415.7402261400785,103
2024-09-18 11:08:55.380000,415.7400111521132,6
2024-09-18 11:08:55.399000,415.7265798587304,996
2024-09-18 11:08:55.456000,415.73221712464255,1003
2024-09-18 11:08:55.469000,415.7374137908272,103
2024-09-18 11:08:55.578000,415.7610797068339,11
2024-09-18 11:08:55.619000,415.7551636999586,995
2024-09-18 11:08:55.742000,415.7910124435548,1002
2024-09-18 11:08:55.750000,415.7477800150576,995
2024-09-18 11:08:55.770000,415.74382080542136,13
2024-09-18 11:08:55.891000,415.74293607109206,99
2024-09-18 11:08:56.054000,415.7917558451937,103
2024-09-18 11:08:56.094000,415.72676880647447,98
2024-09-18 11:08:56.099000,415.8137275587107,96
2024-09-18 11:08:56.182000,415.78420955857314,101
2024-09-18 11:08:56.238000,415.7787288501377,97
2024-09-18 11:08:56.243000,415.7694690541461,998
2024-09-18 11:08:56.318000,415.7750104473171,1001
2024-09-18 11:08:56.365000,415.7271376203946,15
2024-09-18 11:08:56.394000,415.8014562202512,995
2024-09-18 11:08:56.415000,415.7808809769926,105
2024-09-18 11:08:56.431000,415.7891169096324,12
2024-09-18 11:08:56.465000,415.7454995814835,1003
2024-09-18 11:08:56.536000,415.7695028128754,1002
2024-09-18 11:08:56.603000,415.8107214072954,99
2024-09-18 11:08:56.623000,415.7786724222123,105
2024-09-18 11:08:56.649000,415.7787910765817,102
2024-09-18 11:08:56.724000,415.7845663450885,999
2024-09-18 11:08:56.755000,415.7663655652325,101
2024-09-18 11:08:56.791000,415.8101952986248,9
2024-09-18 11:08:56.795000,415.8008054377589,8
2024-09-18 11:08:56.802000,415.783023427722,98
2024-09-18 11:08:56.880000,415.79253854064297,14
2024-09-18 11:08:56.895000,415.7725371719256,1001
2024-09-18 11:08:56.971000,415.7799446568368,9
2024-09-18 11:08:56.986000,415.7642698612661,1000
2024-09-18 11:08:56.999000,415.807638442122,1002
2024-09-18 11:08:57.003000,415.7777928656041,9
2024-09-18 11:08:57.034000,415.7809567345421,1004
2024-09-18 11:08:57.071000,415.7605709068074,9
2024-09-18 11:08:57.081000,415.746802391694,98
2024-09-18 11:08:57.097000,415.7761377456538,1002
2024-09-18 11:08:57.153000,415.7601279367969,995
2024-09-18 11:08:57.181000,415.7767362876158,14
2024-09-18 11:08:57.317000,415.7308493300068,104
2024-09-18 11:08:57.325000,415.7624197361845,95
2024-09-18 11:08:57.343000,415.762314780814,103
2024-09-18 11:08:57.448000,415.76554866539567,995
2024-09-18 11:08:57.507000,415.7665562599463,997
2024-09-18 11:08:57.594000,415.78109206821273,1005
2024-09-18 11:08:57.603000,415.7377635799252,11
2024-09-18 11:08:57.698000,415.788165147372,10
2024-09-18 11:08:57.753000,415.7744917611944,102
2024-09-18 11:08:57.915000,415.7409876500171,7
2024-09-18 11:08:57.923000,415.7427240509925,13
2024-09-18 11:08:57.934000,415.7675845942477,1003
2024-09-18 11:08:57.935000,415.7565285103355,9
2024-09-18 11:08:58.028000,415.7502723245268,1004
2024-09-18 11:08:58.041000,415.7420111798882,9
2024-09-18 11:08:58.064000,415.7441040715005,9
2024-09-18 11:08:58.244000,415.7367546249546,996
2024-09-18 11:08:58.250000,415.78266743297087,1004
2024-09-18 11:08:58.748000,415.73914408310577,15
2024-09-18 11:08:58.858000,415.753168174652,1000
2024-09-18 11:08:58.955000,415.75121084508777,999
2024-09-18 11:08:59.038000,415.7718099824792,102
2024-09-18 11:08:59.137000,415.7784189387427,9
2024-09-18 11:08:59.155000,415.7449055224447,11
2024-09-18 11:08:59.174000,415.7389739613957,11
2024-09-18 11:08:59.241000,415.7716094449298,95
2024-09-18 11:08:59.352000,415.7528090612588,10
2024-09-18 11:08:59.376000,415.751217594582,10
2024-09-18 11:08:59.459000,415.7660729693757,996
2024-09-18 11:08:59.497000,415.7416852295822,998
2024-09-18 11:08:59.575000,415.740987455662,999
2024-09-18 11:08:59.680000,415.7370287808726,96
2024-09-18 11:08:59.755000,415.759799681284,14
