Timestamp,Price,Size
2024-09-20 13:13:00.186000,427.356701908087,99
2024-09-20 13:13:00.388000,427.3722671156679,1000
2024-09-20 13:13:00.607000,427.374460745661,15
2024-09-20 13:13:01.053000,427.4427795005885,1001
2024-09-20 13:13:01.057000,427.38252482517953,10
2024-09-20 13:13:01.091000,427.3936772134904,95
2024-09-20 13:13:01.099000,427.41777423085006,995
2024-09-20 13:13:01.241000,427.3776464973876,101
2024-09-20 13:13:01.253000,427.3938374806856,100
2024-09-20 13:13:01.300000,427.3979630808972,6
2024-09-20 13:13:01.384000,427.4227673004151,103
2024-09-20 13:13:01.394000,427.3514681162941,998
2024-09-20 13:13:01.397000,427.354470079978,96
2024-09-20 13:13:01.478000,427.4292510755921,95
2024-09-20 13:13:01.482000,427.3775642395318,1002
2024-09-20 13:13:01.501000,427.3521696905968,12
2024-09-20 13:13:01.583000,427.3700654248488,7
2024-09-20 13:13:01.605000,427.4320471275909,13
2024-09-20 13:13:01.609000,427.3705891427959,1000
2024-09-20 13:13:01.610000,427.39029429586407,14
2024-09-20 13:13:01.611000,427.3752381652324,999
2024-09-20 13:13:01.696000,427.443071546113,1003
2024-09-20 13:13:01.790000,427.3537088950255,95
2024-09-20 13:13:01.824000,427.3748262989509,995
2024-09-20 13:13:01.842000,427.4561192073231,8
2024-09-20 13:13:01.902000,427.3952695856288,101
2024-09-20 13:13:02.096000,427.4200814720469,998
2024-09-20 13:13:02.178000,427.41373614448486,99
2024-09-20 13:13:02.179000,427.4587019975937,104
2024-09-20 13:13:02.205000,427.4544250133173,7
2024-09-20 13:13:02.219000,427.44918133569,105
2024-09-20 13:13:02.359000,427.45876115040136,13
2024-09-20 13:13:02.382000,427.3828127093696,1000
2024-09-20 13:13:02.388000,427.4095180524242,96
2024-09-20 13:13:02.449000,427.4598669475103,100
2024-09-20 13:13:02.451000,427.4621934474719,6
2024-09-20 13:13:02.495000,427.4398582258258,14
2024-09-20 13:13:02.519000,427.47031112595465,99
2024-09-20 13:13:02.586000,427.38715469825496,999
2024-09-20 13:13:02.614000,427.42456464355496,1002
2024-09-20 13:13:02.718000,427.43371423630873,96
2024-09-20 13:13:02.719000,427.4505820358143,8
2024-09-20 13:13:02.766000,427.458296461817,14
2024-09-20 13:13:02.774000,427.4112537900888,1001
2024-09-20 13:13:02.790000,427.4645799820291,15
2024-09-20 13:13:02.807000,427.4443776412524,995
2024-09-20 13:13:02.813000,427.4320630501115,96
2024-09-20 13:13:02.849000,427.4640789452168,1004
2024-09-20 13:13:02.863000,427.4669562774936,7
2024-09-20 13:13:02.926000,427.4667356569008,7
2024-09-20 13:13:02.966000,427.44782731121086,14
2024-09-20 13:13:03.784000,427.38342991330666,104
2024-09-20 13:13:03.906000,427.3925836152312,103
2024-09-20 13:13:04.068000,427.4119568033991,1004
2024-09-20 13:13:04.083000,427.4087597890991,97
2024-09-20 13:13:04.125000,427.39983731245104,1005
2024-09-20 13:13:04.241000,427.3781212661108,96
2024-09-20 13:13:04.458000,427.4051161173751,999
2024-09-20 13:13:04.497000,427.41294493210427,14
2024-09-20 13:13:04.554000,427.3944959609922,1004
2024-09-20 13:13:04.666000,427.3738215804071,13
2024-09-20 13:13:04.669000,427.3968905546316,1000
2024-09-20 13:13:04.699000,427.3995718904351,9
2024-09-20 13:13:04.813000,427.3825038638088,99
2024-09-20 13:13:04.879000,427.3672844028607,1004
2024-09-20 13:13:05.008000,427.3682924579314,102
2024-09-20 13:13:05.015000,427.3865714977231,12
2024-09-20 13:13:05.229000,427.383737979265,1004
2024-09-20 13:13:05.325000,427.3840195458586,6
2024-09-20 13:13:05.948000,427.3801970853462,96
2024-09-20 13:13:06.028000,427.4314530026821,8
2024-09-20 13:13:06.036000,427.514222623973,96
2024-09-20 13:13:06.040000,427.4139562828457,9
2024-09-20 13:13:06.118000,427.4703696198744,13
2024-09-20 13:13:06.129000,427.43914742877007,1000
2024-09-20 13:13:06.223000,427.431187757556,9
2024-09-20 13:13:06.252000,427.4382869855937,10
2024-09-20 13:13:06.290000,427.5240234606706,15
2024-09-20 13:13:06.376000,427.4475233688429,13
2024-09-20 13:13:06.379000,427.4809182809669,101
2024-09-20 13:13:06.418000,427.4578344533949,1000
2024-09-20 13:13:06.445000,427.4351196306614,102
2024-09-20 13:13:06.519000,427.38907295480254,999
2024-09-20 13:13:06.546000,427.4551588970918,997
2024-09-20 13:13:06.561000,427.4284086461548,5
2024-09-20 13:13:06.562000,427.38129333709406,997
2024-09-20 13:13:06.578000,427.4210366495986,997
2024-09-20 13:13:06.591000,427.5232610975349,1001
2024-09-20 13:13:06.599000,427.51060847067913,997
2024-09-20 13:13:06.612000,427.440075412132,1003
2024-09-20 13:13:06.770000,427.50525900046017,95
2024-09-20 13:13:06.851000,427.5122923000421,996
2024-09-20 13:13:06.867000,427.4634553150107,10
2024-09-20 13:13:06.910000,427.51627051912,99
2024-09-20 13:13:06.930000,427.3858786698958,98
2024-09-20 13:13:06.935000,427.4666920111295,8
2024-09-20 13:13:06.940000,427.51121026700775,100
2024-09-20 13:13:06.960000,427.4578097154527,999
2024-09-20 13:13:07.177000,427.549241788492,998
2024-09-20 13:13:07.221000,427.5680038850911,8
2024-09-20 13:13:07.275000,427.58531093698696,6
2024-09-20 13:13:07.479000,427.58185455905874,12
2024-09-20 13:13:07.536000,427.5845124027603,999
2024-09-20 13:13:07.646000,427.53834070773166,1004
2024-09-20 13:13:07.740000,427.585539164288,998
2024-09-20 13:13:07.802000,427.5554947078917,1005
2024-09-20 13:13:07.839000,427.5400162851684,1000
2024-09-20 13:13:08.014000,427.597156346742,6
2024-09-20 13:13:08.126000,427.5737025187067,999
2024-09-20 13:13:08.168000,427.5473657458442,13
2024-09-20 13:13:08.214000,427.60805110019686,104
2024-09-20 13:13:08.324000,427.5671833658749,96
2024-09-20 13:13:08.328000,427.5797112619783,11
2024-09-20 13:13:08.358000,427.58227006077135,1000
2024-09-20 13:13:08.375000,427.54195041937095,14
2024-09-20 13:13:08.388000,427.59098688929,103
2024-09-20 13:13:08.406000,427.5971349635206,1001
2024-09-20 13:13:08.520000,427.5789920039772,998
2024-09-20 13:13:08.532000,427.6033094387578,6
2024-09-20 13:13:08.552000,427.5680168240893,12
2024-09-20 13:13:08.588000,427.5420218103011,998
2024-09-20 13:13:08.596000,427.5892222970781,1004
2024-09-20 13:13:08.649000,427.5762053495997,1001
2024-09-20 13:13:08.680000,427.5625426797455,105
2024-09-20 13:13:08.704000,427.5760032131752,5
2024-09-20 13:13:08.726000,427.5771936428295,14
2024-09-20 13:13:08.751000,427.5606340762696,14
2024-09-20 13:13:08.768000,427.59456839955874,8
2024-09-20 13:13:08.773000,427.5445226516778,997
2024-09-20 13:13:08.778000,427.6057616844885,105
2024-09-20 13:13:08.785000,427.61307663021387,998
2024-09-20 13:13:08.836000,427.6008263839588,5
2024-09-20 13:13:08.967000,427.53483715902416,13
2024-09-20 13:13:09.162000,427.531243965641,99
2024-09-20 13:13:09.354000,427.52309462383874,9
2024-09-20 13:13:09.541000,427.5437235040779,105
2024-09-20 13:13:09.546000,427.5415941430786,996
2024-09-20 13:13:09.837000,427.5558498278854,997
2024-09-20 13:13:09.848000,427.5450953879816,999
2024-09-20 13:13:09.853000,427.5316160310285,999
2024-09-20 13:13:10.233000,427.54623454594207,999
2024-09-20 13:13:10.282000,427.5382995447861,96
2024-09-20 13:13:10.436000,427.5467954115746,100
2024-09-20 13:13:10.507000,427.5618242181625,997
2024-09-20 13:13:10.514000,427.5329064338099,14
2024-09-20 13:13:10.605000,427.5381402703519,96
2024-09-20 13:13:10.607000,427.5428232312255,13
2024-09-20 13:13:10.797000,427.5500822799313,1005
2024-09-20 13:13:10.867000,427.573380687546,97
2024-09-20 13:13:11.094000,427.5414278714503,100
2024-09-20 13:13:12.075000,427.53719710132856,11
2024-09-20 13:13:12.130000,427.5506165203314,15
2024-09-20 13:13:12.190000,427.603444584082,1004
2024-09-20 13:13:12.192000,427.5750394313216,8
2024-09-20 13:13:12.233000,427.54285431632775,995
2024-09-20 13:13:12.270000,427.58102576541154,99
2024-09-20 13:13:12.302000,427.6077530372255,14
2024-09-20 13:13:12.313000,427.59552058179895,104
2024-09-20 13:13:12.339000,427.5305838067511,103
2024-09-20 13:13:12.388000,427.5322350126363,1003
2024-09-20 13:13:12.501000,427.5935746518744,11
2024-09-20 13:13:12.579000,427.58948745313,5
2024-09-20 13:13:12.738000,427.5937364092154,8
2024-09-20 13:13:12.740000,427.605876877008,11
2024-09-20 13:13:12.782000,427.5435211154642,1004
2024-09-20 13:13:12.948000,427.58642078530863,13
2024-09-20 13:13:12.953000,427.5788744517978,15
2024-09-20 13:13:13.021000,427.6132825093566,997
2024-09-20 13:13:13.047000,427.6131096441952,100
2024-09-20 13:13:13.056000,427.5937921034288,100
2024-09-20 13:13:13.197000,427.6098621852816,13
2024-09-20 13:13:13.289000,427.5796048373608,95
2024-09-20 13:13:13.324000,427.6024130677849,7
2024-09-20 13:13:13.581000,427.6237205821142,1005
2024-09-20 13:13:13.582000,427.6038166690447,1004
2024-09-20 13:13:13.771000,427.5660939686616,101
2024-09-20 13:13:13.773000,427.5816389560205,98
2024-09-20 13:13:13.777000,427.59048630567446,996
2024-09-20 13:13:13.830000,427.6267246623516,11
2024-09-20 13:13:13.991000,427.6180965873631,995
2024-09-20 13:13:15.086000,427.6087452615826,1003
2024-09-20 13:13:15.230000,427.6057241120923,8
2024-09-20 13:13:15.473000,427.5916281042712,102
2024-09-20 13:13:15.478000,427.6021583217965,998
2024-09-20 13:13:15.544000,427.5912938559807,7
2024-09-20 13:13:15.597000,427.60746720962345,1004
2024-09-20 13:13:15.627000,427.5940765200677,97
2024-09-20 13:13:15.679000,427.5872988966577,9
2024-09-20 13:13:15.818000,427.5966487256725,98
2024-09-20 13:13:15.965000,427.5957820782441,1000
2024-09-20 13:13:16.027000,427.5955753466332,14
2024-09-20 13:13:16.091000,427.5626089080212,1003
2024-09-20 13:13:16.098000,427.5987251972443,996
2024-09-20 13:13:16.104000,427.6223712851216,97
2024-09-20 13:13:16.127000,427.6036661554993,999
2024-09-20 13:13:16.209000,427.5907847924487,98
2024-09-20 13:13:16.216000,427.600962370506,6
2024-09-20 13:13:16.272000,427.5943880012512,97
2024-09-20 13:13:16.322000,427.5702654376978,7
2024-09-20 13:13:16.359000,427.58557192068906,7
2024-09-20 13:13:16.436000,427.6001188429611,1003
2024-09-20 13:13:16.455000,427.57175384955264,13
2024-09-20 13:13:16.474000,427.5751182468923,14
2024-09-20 13:13:16.568000,427.56245172950815,998
2024-09-20 13:13:16.661000,427.6261721779186,1004
2024-09-20 13:13:16.663000,427.55791341196255,6
2024-09-20 13:13:16.679000,427.6104907030433,8
2024-09-20 13:13:16.803000,427.5957124243449,13
2024-09-20 13:13:16.899000,427.576695360152,10
2024-09-20 13:13:16.987000,427.5757050208725,9
2024-09-20 13:13:18.026000,427.618377015602,105
2024-09-20 13:13:18.048000,427.6164407841725,99
2024-09-20 13:13:18.091000,427.6225475077688,98
2024-09-20 13:13:18.113000,427.6255401200303,14
2024-09-20 13:13:18.125000,427.6213552673562,104
2024-09-20 13:13:18.150000,427.6146259750025,14
2024-09-20 13:13:18.174000,427.5949757453212,997
2024-09-20 13:13:18.183000,427.6202894979749,98
2024-09-20 13:13:18.193000,427.6450573575535,104
2024-09-20 13:13:18.215000,427.6440631751283,8
2024-09-20 13:13:18.231000,427.60917484567415,1002
2024-09-20 13:13:18.261000,427.6264982671539,10
2024-09-20 13:13:18.274000,427.6114122559648,6
2024-09-20 13:13:18.316000,427.6089571630641,98
2024-09-20 13:13:18.319000,427.6048089598088,95
2024-09-20 13:13:18.440000,427.61071850733634,99
2024-09-20 13:13:18.463000,427.6057139167715,1001
2024-09-20 13:13:18.499000,427.5919460205201,1001
2024-09-20 13:13:18.502000,427.63270164408107,8
2024-09-20 13:13:18.567000,427.63743296853215,8
2024-09-20 13:13:18.578000,427.6089698337934,995
2024-09-20 13:13:18.615000,427.5862592483618,1001
2024-09-20 13:13:18.660000,427.58273587778297,98
2024-09-20 13:13:18.662000,427.623780721737,97
2024-09-20 13:13:18.741000,427.6457927181166,101
2024-09-20 13:13:18.761000,427.5985090552532,1000
2024-09-20 13:13:18.818000,427.61243295469626,10
2024-09-20 13:13:19.016000,427.69286943483473,11
2024-09-20 13:13:19.035000,427.6765114389782,96
2024-09-20 13:13:19.137000,427.7686684003918,101
2024-09-20 13:13:19.249000,427.71247923129255,10
2024-09-20 13:13:19.286000,427.7034975936508,99
2024-09-20 13:13:19.288000,427.6578690215008,996
2024-09-20 13:13:19.312000,427.7425296190595,1005
2024-09-20 13:13:19.344000,427.760556296756,98
2024-09-20 13:13:19.351000,427.6270798322559,14
2024-09-20 13:13:19.355000,427.7075919042758,95
2024-09-20 13:13:19.388000,427.6581915452863,103
2024-09-20 13:13:19.482000,427.75546586989327,996
2024-09-20 13:13:19.614000,427.6719419928664,13
2024-09-20 13:13:19.614000,427.6369239414102,98
2024-09-20 13:13:19.625000,427.7606309168637,13
2024-09-20 13:13:19.633000,427.7547601444036,5
2024-09-20 13:13:19.686000,427.67053642645686,96
2024-09-20 13:13:19.694000,427.6222299682975,99
2024-09-20 13:13:19.747000,427.677494372536,97
2024-09-20 13:13:19.782000,427.6776822386621,13
2024-09-20 13:13:19.786000,427.6880620227789,998
2024-09-20 13:13:19.894000,427.6501539987942,10
2024-09-20 13:13:19.902000,427.6602902315303,15
2024-09-20 13:13:20.108000,427.857394872696,999
2024-09-20 13:13:20.159000,427.8908225079482,1003
2024-09-20 13:13:20.159000,427.8642369646833,1005
2024-09-20 13:13:20.293000,427.8725266422557,1001
2024-09-20 13:13:20.378000,427.8940195602535,5
2024-09-20 13:13:20.432000,427.7821116529017,1002
2024-09-20 13:13:20.490000,427.8844345996218,101
2024-09-20 13:13:20.491000,427.87267629772185,6
2024-09-20 13:13:20.499000,427.85908840068447,1003
2024-09-20 13:13:20.538000,427.87001092333696,999
2024-09-20 13:13:20.551000,427.8909506957982,6
2024-09-20 13:13:20.556000,427.8957303237136,100
2024-09-20 13:13:20.602000,427.872576790525,97
2024-09-20 13:13:20.647000,427.883083926776,1001
2024-09-20 13:13:20.669000,427.87804947796246,1004
2024-09-20 13:13:20.712000,427.8841547539648,102
2024-09-20 13:13:20.851000,427.8098845853434,15
2024-09-20 13:13:20.862000,427.8859070678764,5
2024-09-20 13:13:20.913000,427.8790749389772,103
2024-09-20 13:13:20.961000,427.8325568230509,1001
2024-09-20 13:13:20.975000,427.8970412023329,996
2024-09-20 13:13:21.127000,427.84070240288094,8
2024-09-20 13:13:21.239000,427.8057883890991,997
2024-09-20 13:13:21.282000,427.8498896571509,1000
2024-09-20 13:13:21.314000,427.8394583984408,997
2024-09-20 13:13:21.334000,427.8263692655455,998
2024-09-20 13:13:21.357000,427.8214307648391,1003
2024-09-20 13:13:21.437000,427.8519757237552,95
2024-09-20 13:13:21.551000,427.85190052298697,1004
2024-09-20 13:13:21.552000,427.81644346732753,11
2024-09-20 13:13:21.633000,427.84332366488,1000
2024-09-20 13:13:21.694000,427.8332088277038,96
2024-09-20 13:13:21.729000,427.863625571819,9
2024-09-20 13:13:21.870000,427.8195168178096,98
2024-09-20 13:13:21.942000,427.8641024489886,103
2024-09-20 13:13:21.996000,427.8247879522363,100
2024-09-20 13:13:22.011000,427.843309307378,996
2024-09-20 13:13:22.053000,427.84675238245705,995
2024-09-20 13:13:22.168000,427.8665987241794,1003
2024-09-20 13:13:22.220000,427.8274469750677,13
2024-09-20 13:13:22.610000,427.8536840521781,97
2024-09-20 13:13:22.669000,427.8451529650232,1004
2024-09-20 13:13:22.696000,427.8606351896341,1002
2024-09-20 13:13:22.758000,427.8522365939692,1003
2024-09-20 13:13:22.813000,427.8412745434001,13
2024-09-20 13:13:22.871000,427.8351605985245,1002
2024-09-20 13:13:23.031000,427.823097722667,1004
2024-09-20 13:13:23.046000,427.8180664796922,1003
2024-09-20 13:13:23.108000,427.8057861101145,5
2024-09-20 13:13:23.112000,427.83641894753936,98
2024-09-20 13:13:23.156000,427.86532612336015,12
2024-09-20 13:13:23.276000,427.86819560241867,14
2024-09-20 13:13:23.335000,427.8519728869072,1003
2024-09-20 13:13:23.345000,427.8040765632168,1004
2024-09-20 13:13:23.356000,427.9103042983336,1001
2024-09-20 13:13:23.367000,427.8551378484515,11
2024-09-20 13:13:23.380000,427.916314880492,5
2024-09-20 13:13:23.432000,427.7823352372064,1003
2024-09-20 13:13:23.500000,427.8675640367893,100
2024-09-20 13:13:23.505000,427.9112500193101,104
2024-09-20 13:13:23.541000,427.8336891571297,12
2024-09-20 13:13:23.561000,427.80337451709664,14
2024-09-20 13:13:23.602000,427.81115723830726,1000
2024-09-20 13:13:23.619000,427.7904678786544,12
2024-09-20 13:13:23.678000,427.8873274339619,6
2024-09-20 13:13:23.685000,427.7988433030849,1005
2024-09-20 13:13:23.695000,427.8014075104485,998
2024-09-20 13:13:23.718000,427.8066541672407,1004
2024-09-20 13:13:23.756000,427.796942643241,103
2024-09-20 13:13:23.843000,427.8124965982253,1000
2024-09-20 13:13:23.844000,427.8171285416986,99
2024-09-20 13:13:23.869000,427.7972766017007,8
2024-09-20 13:13:23.891000,427.8819810806671,1001
2024-09-20 13:13:23.905000,427.9174258551563,1005
2024-09-20 13:13:23.982000,427.8190082617685,99
2024-09-20 13:13:24.041000,427.981678011974,96
2024-09-20 13:13:24.063000,427.9715056215724,14
2024-09-20 13:13:24.198000,428.00587653057255,1001
2024-09-20 13:13:24.214000,427.9929778481359,998
2024-09-20 13:13:24.214000,428.0050898218043,996
2024-09-20 13:13:24.244000,427.95064512773655,1005
2024-09-20 13:13:24.297000,427.95873700271744,997
2024-09-20 13:13:24.327000,427.9973607206623,8
2024-09-20 13:13:24.361000,427.9999776064699,1005
2024-09-20 13:13:24.409000,427.9737525643334,1005
2024-09-20 13:13:24.442000,427.97133045483,13
2024-09-20 13:13:24.512000,427.9685852095313,1004
2024-09-20 13:13:24.642000,427.9806457654095,1002
2024-09-20 13:13:24.668000,427.9725510758221,97
2024-09-20 13:13:24.694000,427.9310566586003,99
2024-09-20 13:13:24.710000,427.98745266111297,10
2024-09-20 13:13:24.768000,427.9672371583778,98
2024-09-20 13:13:24.776000,427.9915486576348,14
2024-09-20 13:13:24.795000,427.9893040036613,14
2024-09-20 13:13:24.816000,428.0030577540641,10
2024-09-20 13:13:24.819000,428.0036532819673,1003
2024-09-20 13:13:24.896000,427.994723558816,10
2024-09-20 13:13:24.906000,427.97330691596267,15
2024-09-20 13:13:24.917000,428.0074145199735,997
2024-09-20 13:13:24.931000,427.9672425478016,1004
2024-09-20 13:13:24.954000,427.98546089192496,105
2024-09-20 13:13:24.968000,427.9664673936255,102
2024-09-20 13:13:25.032000,428.0458241282288,10
2024-09-20 13:13:25.118000,427.9615806072953,103
2024-09-20 13:13:25.190000,428.0330839866403,95
2024-09-20 13:13:25.303000,427.9912846269492,99
2024-09-20 13:13:25.324000,428.03399448800354,100
2024-09-20 13:13:25.447000,428.0160550894128,1004
2024-09-20 13:13:25.610000,428.0308724922714,7
2024-09-20 13:13:25.677000,427.96423417459,997
2024-09-20 13:13:25.719000,428.0140771622384,97
2024-09-20 13:13:25.780000,427.9769631834575,5
2024-09-20 13:13:26.135000,427.9721441477169,1002
2024-09-20 13:13:26.150000,427.9498396929944,10
2024-09-20 13:13:26.222000,428.0079863438784,6
2024-09-20 13:13:26.226000,427.9606692248031,15
2024-09-20 13:13:26.230000,428.0131617676339,100
2024-09-20 13:13:26.299000,427.9616157324927,5
2024-09-20 13:13:26.315000,427.9818303264268,103
2024-09-20 13:13:26.351000,428.037738752858,997
2024-09-20 13:13:26.364000,427.9650153254264,1003
2024-09-20 13:13:26.384000,427.995609356406,15
2024-09-20 13:13:26.433000,428.0312491541652,100
2024-09-20 13:13:26.448000,427.95566482591687,9
2024-09-20 13:13:26.604000,427.9549216205159,11
2024-09-20 13:13:26.664000,428.0370628208096,9
2024-09-20 13:13:26.702000,427.9490622025411,100
2024-09-20 13:13:26.739000,428.0319514850651,996
2024-09-20 13:13:26.794000,428.0323401232448,99
2024-09-20 13:13:26.824000,428.0129805949404,15
2024-09-20 13:13:27.023000,427.9641595009754,8
2024-09-20 13:13:27.030000,428.0289432933666,996
2024-09-20 13:13:27.143000,428.0394881690909,100
2024-09-20 13:13:27.166000,427.9621682747768,100
2024-09-20 13:13:27.233000,427.946777971753,995
2024-09-20 13:13:27.394000,428.0112727107349,7
2024-09-20 13:13:27.519000,427.9463337239172,102
2024-09-20 13:13:27.550000,427.9470558198345,99
2024-09-20 13:13:27.628000,427.9614827115436,103
2024-09-20 13:13:27.677000,427.9509909461765,8
2024-09-20 13:13:27.710000,427.9526330068591,1002
2024-09-20 13:13:27.961000,427.99335609185965,9
2024-09-20 13:13:28.173000,428.0221500311084,10
2024-09-20 13:13:28.285000,428.0277779161117,1000
2024-09-20 13:13:28.575000,428.05542999922,9
2024-09-20 13:13:28.590000,428.0531645996164,100
2024-09-20 13:13:28.599000,428.0226592708519,100
2024-09-20 13:13:28.830000,428.0407941321934,996
2024-09-20 13:13:28.950000,428.0339997594246,101
2024-09-20 13:13:29.138000,428.05600942330096,1000
2024-09-20 13:13:30.043000,428.0443313703796,1001
2024-09-20 13:13:30.078000,427.9980489036309,998
2024-09-20 13:13:30.081000,428.0986107743958,1004
2024-09-20 13:13:30.203000,428.03995794565736,10
2024-09-20 13:13:30.228000,428.00109938518,1001
2024-09-20 13:13:30.249000,428.021566128702,6
2024-09-20 13:13:30.301000,428.0034165096063,96
2024-09-20 13:13:30.301000,428.05724825828094,12
2024-09-20 13:13:30.335000,428.0600613423255,100
2024-09-20 13:13:30.382000,428.030973688799,101
2024-09-20 13:13:30.435000,428.0624437982446,1005
2024-09-20 13:13:30.446000,427.9996226107806,13
2024-09-20 13:13:30.460000,428.0780917389776,98
2024-09-20 13:13:30.515000,428.0762303051248,98
2024-09-20 13:13:30.530000,427.99563325651496,1001
2024-09-20 13:13:30.544000,428.09262467626246,97
2024-09-20 13:13:30.623000,428.1015896985532,12
2024-09-20 13:13:30.628000,428.0092483049828,998
2024-09-20 13:13:30.645000,428.03255760997166,104
2024-09-20 13:13:30.686000,428.0036087879659,995
2024-09-20 13:13:30.702000,428.05318618370376,104
2024-09-20 13:13:30.718000,428.0239717324671,98
2024-09-20 13:13:30.752000,427.99323393198495,1002
2024-09-20 13:13:30.800000,428.0853467454881,99
2024-09-20 13:13:30.884000,428.08865202008366,13
2024-09-20 13:13:31.045000,428.1671608509804,5
2024-09-20 13:13:31.082000,428.1499812490495,103
2024-09-20 13:13:31.126000,428.1772775491348,999
2024-09-20 13:13:31.210000,428.1831460104817,105
2024-09-20 13:13:31.247000,428.1175676054104,995
2024-09-20 13:13:31.266000,428.1719740464492,11
2024-09-20 13:13:31.312000,428.1410261759484,101
2024-09-20 13:13:31.360000,428.1737829499306,14
2024-09-20 13:13:31.392000,428.1103091477328,11
2024-09-20 13:13:31.474000,428.17078355780353,1001
2024-09-20 13:13:31.660000,428.16470576038574,997
2024-09-20 13:13:31.682000,428.1901572271158,96
2024-09-20 13:13:31.768000,428.1560641179918,999
2024-09-20 13:13:31.798000,428.1881255016343,98
2024-09-20 13:13:31.816000,428.1888273861232,97
2024-09-20 13:13:31.828000,428.1465217324823,103
2024-09-20 13:13:31.837000,428.1351813213262,998
2024-09-20 13:13:31.859000,428.1531904471634,997
2024-09-20 13:13:32.047000,428.19100462872814,1000
2024-09-20 13:13:32.228000,428.14869106747057,11
2024-09-20 13:13:32.248000,428.1724651359471,5
2024-09-20 13:13:32.413000,428.1724574944268,100
2024-09-20 13:13:32.517000,428.1527852879292,95
2024-09-20 13:13:32.549000,428.20831101021946,8
2024-09-20 13:13:32.589000,428.1664029972456,998
2024-09-20 13:13:32.679000,428.16012814347033,996
2024-09-20 13:13:32.725000,428.1616491181758,1001
2024-09-20 13:13:32.752000,428.1650877394912,9
2024-09-20 13:13:32.816000,428.1729336392998,102
2024-09-20 13:13:32.817000,428.1337066595631,10
2024-09-20 13:13:33.006000,428.22686396711913,14
2024-09-20 13:13:33.074000,428.179521175046,103
2024-09-20 13:13:33.101000,428.2336335206899,1005
2024-09-20 13:13:33.118000,428.19653804005975,7
2024-09-20 13:13:33.143000,428.22910377773,102
2024-09-20 13:13:33.180000,428.2101773868894,104
2024-09-20 13:13:33.219000,428.2599123071184,13
2024-09-20 13:13:33.230000,428.1946714066457,10
2024-09-20 13:13:33.243000,428.21028475847487,1005
2024-09-20 13:13:33.363000,428.2260670134617,15
2024-09-20 13:13:33.399000,428.2007866939041,99
2024-09-20 13:13:33.488000,428.2132195902941,1002
2024-09-20 13:13:33.556000,428.2008549466744,96
2024-09-20 13:13:33.559000,428.2011140112031,5
2024-09-20 13:13:33.581000,428.17631229104256,102
2024-09-20 13:13:33.677000,428.2307551159989,105
2024-09-20 13:13:33.799000,428.2126844013755,98
2024-09-20 13:13:33.817000,428.2378869502717,1000
2024-09-20 13:13:33.915000,428.2718091810799,5
2024-09-20 13:13:33.951000,428.2383366853002,12
2024-09-20 13:13:33.953000,428.1904096951506,1002
2024-09-20 13:13:33.954000,428.22336012630313,1005
2024-09-20 13:13:34.019000,428.3466157532533,105
2024-09-20 13:13:34.108000,428.2922845768247,99
2024-09-20 13:13:34.120000,428.3471940489634,99
2024-09-20 13:13:34.186000,428.2631253666708,8
2024-09-20 13:13:34.191000,428.3029003423741,103
2024-09-20 13:13:34.223000,428.262741057439,8
2024-09-20 13:13:34.255000,428.2422514087247,1004
2024-09-20 13:13:34.268000,428.3364634388114,1002
2024-09-20 13:13:34.280000,428.2755786954394,95
2024-09-20 13:13:34.345000,428.3515230276548,12
2024-09-20 13:13:34.361000,428.31608502749583,996
2024-09-20 13:13:34.372000,428.3515843189813,1004
2024-09-20 13:13:34.373000,428.2910856896984,105
2024-09-20 13:13:34.403000,428.254743924029,13
2024-09-20 13:13:34.460000,428.2879459776942,9
2024-09-20 13:13:34.502000,428.2619203025912,104
2024-09-20 13:13:34.507000,428.2912166167724,11
2024-09-20 13:13:34.516000,428.25297872933936,998
2024-09-20 13:13:34.537000,428.3297569532783,999
2024-09-20 13:13:34.550000,428.3443651418214,999
2024-09-20 13:13:34.592000,428.26262438123257,1004
2024-09-20 13:13:34.652000,428.26939887165753,105
2024-09-20 13:13:34.701000,428.2934903193342,999
2024-09-20 13:13:34.744000,428.2545998153834,13
2024-09-20 13:13:34.824000,428.2561475475805,96
2024-09-20 13:13:34.866000,428.3425218921177,99
2024-09-20 13:13:36.005000,428.3739610778468,5
2024-09-20 13:13:36.154000,428.46233732613297,96
2024-09-20 13:13:36.221000,428.3615429877698,9
2024-09-20 13:13:36.253000,428.44788802047344,1004
2024-09-20 13:13:36.338000,428.3575970329649,1005
2024-09-20 13:13:36.353000,428.3095132302201,1000
2024-09-20 13:13:36.481000,428.44565747769934,10
2024-09-20 13:13:36.505000,428.3470423387318,995
2024-09-20 13:13:36.523000,428.3255042140012,998
2024-09-20 13:13:36.545000,428.314220547853,1001
2024-09-20 13:13:36.551000,428.3391837578847,997
2024-09-20 13:13:36.584000,428.3150876866395,996
2024-09-20 13:13:36.589000,428.3327643010055,15
2024-09-20 13:13:36.694000,428.33269750352207,1000
2024-09-20 13:13:36.747000,428.30863283591583,100
2024-09-20 13:13:36.748000,428.38376300963023,997
2024-09-20 13:13:36.784000,428.354615962529,103
2024-09-20 13:13:36.788000,428.3661616191361,999
2024-09-20 13:13:36.830000,428.3612399565547,98
2024-09-20 13:13:36.839000,428.3841763368219,9
2024-09-20 13:13:36.851000,428.3709493469133,10
2024-09-20 13:13:36.861000,428.4043473728628,1003
2024-09-20 13:13:36.902000,428.3301268841098,96
2024-09-20 13:13:36.916000,428.4137998113797,98
2024-09-20 13:13:37.053000,428.4565107513208,15
2024-09-20 13:13:37.101000,428.40988440398286,100
2024-09-20 13:13:37.111000,428.4631459073349,1004
2024-09-20 13:13:37.208000,428.4168235071265,1004
2024-09-20 13:13:37.210000,428.41598771631976,1003
2024-09-20 13:13:37.315000,428.4780178718595,1004
2024-09-20 13:13:37.332000,428.44246821252864,9
2024-09-20 13:13:37.353000,428.44365481239225,997
2024-09-20 13:13:37.365000,428.4241855654144,101
2024-09-20 13:13:37.513000,428.4820798688749,13
2024-09-20 13:13:37.520000,428.5097125030844,997
2024-09-20 13:13:37.595000,428.5141532250005,105
2024-09-20 13:13:37.616000,428.4328159532872,103
2024-09-20 13:13:37.622000,428.5212271527335,1001
2024-09-20 13:13:37.696000,428.45591045586144,1001
2024-09-20 13:13:37.717000,428.4675946336872,1000
2024-09-20 13:13:37.737000,428.40951095090986,9
2024-09-20 13:13:37.740000,428.5225699851456,8
2024-09-20 13:13:37.756000,428.4173089028369,7
2024-09-20 13:13:37.800000,428.50906486899146,14
2024-09-20 13:13:37.801000,428.4947999385556,6
2024-09-20 13:13:37.908000,428.4903214437363,1000
2024-09-20 13:13:37.963000,428.488323515496,995
2024-09-20 13:13:37.963000,428.4853528723117,104
2024-09-20 13:13:38.003000,428.418057193555,6
2024-09-20 13:13:38.061000,428.4335029519151,15
2024-09-20 13:13:38.268000,428.4413477021674,997
2024-09-20 13:13:38.370000,428.43355078336674,98
2024-09-20 13:13:38.486000,428.4330988775113,100
2024-09-20 13:13:38.592000,428.4358854250467,103
2024-09-20 13:13:38.661000,428.4442366884247,15
2024-09-20 13:13:38.762000,428.4418820925336,8
2024-09-20 13:13:39.011000,428.4461414915583,99
2024-09-20 13:13:39.098000,428.4164404256852,7
2024-09-20 13:13:39.187000,428.4267717722633,1002
2024-09-20 13:13:39.284000,428.45427132098223,103
2024-09-20 13:13:39.288000,428.4367922784828,1002
2024-09-20 13:13:39.380000,428.4315378338769,999
2024-09-20 13:13:39.414000,428.44093625482594,999
2024-09-20 13:13:39.473000,428.4288027474091,95
2024-09-20 13:13:39.480000,428.4412394459759,1003
2024-09-20 13:13:39.597000,428.4162892321116,14
2024-09-20 13:13:39.629000,428.4204216092051,1003
2024-09-20 13:13:39.685000,428.4426588650089,999
2024-09-20 13:13:39.801000,428.4348304984386,1004
2024-09-20 13:13:39.957000,428.415944595648,10
2024-09-20 13:13:39.958000,428.4237516615462,999
2024-09-20 13:13:39.993000,428.4281033147009,7
2024-09-20 13:13:40.026000,428.43010865584415,104
2024-09-20 13:13:40.190000,428.4179327343256,1004
2024-09-20 13:13:40.281000,428.41558274946914,13
2024-09-20 13:13:40.350000,428.4311898615562,1002
2024-09-20 13:13:40.431000,428.4471497870441,15
2024-09-20 13:13:40.540000,428.4237051531032,100
2024-09-20 13:13:40.677000,428.4292143918198,7
2024-09-20 13:13:40.696000,428.3974297514735,1005
2024-09-20 13:13:40.761000,428.4225635747022,9
2024-09-20 13:13:40.829000,428.4273475148909,95
2024-09-20 13:13:40.876000,428.4338689029411,9
2024-09-20 13:13:40.936000,428.4216280087807,98
2024-09-20 13:13:41.421000,428.4035082513834,997
2024-09-20 13:13:41.642000,428.44521570085504,100
2024-09-20 13:13:41.911000,428.4392931293541,100
2024-09-20 13:13:42.722000,428.43849158337326,15
2024-09-20 13:13:43.144000,428.49713108786506,1004
2024-09-20 13:13:43.273000,428.4448351970457,105
2024-09-20 13:13:43.339000,428.5156107359582,15
2024-09-20 13:13:43.405000,428.4468165129753,12
2024-09-20 13:13:43.409000,428.43619420668136,5
2024-09-20 13:13:43.485000,428.4536417944441,1000
2024-09-20 13:13:43.650000,428.4635788946165,7
2024-09-20 13:13:43.818000,428.4896196983351,998
2024-09-20 13:13:44.017000,428.529819120118,102
2024-09-20 13:13:44.214000,428.545308775478,100
2024-09-20 13:13:44.259000,428.5032956549949,8
2024-09-20 13:13:44.291000,428.5204401244964,96
2024-09-20 13:13:44.325000,428.53982207643423,98
2024-09-20 13:13:44.362000,428.4940460352149,97
2024-09-20 13:13:44.372000,428.5061286022844,995
2024-09-20 13:13:44.397000,428.5575867026104,102
2024-09-20 13:13:44.399000,428.49089485662415,996
2024-09-20 13:13:44.421000,428.50891670870953,15
2024-09-20 13:13:44.528000,428.500043903401,99
2024-09-20 13:13:44.560000,428.5333143135148,996
2024-09-20 13:13:44.583000,428.5150651410629,996
2024-09-20 13:13:44.588000,428.57049914468814,100
2024-09-20 13:13:44.645000,428.4881893765896,997
2024-09-20 13:13:44.670000,428.5613015245802,1005
2024-09-20 13:13:44.727000,428.5355450142527,101
2024-09-20 13:13:44.744000,428.4810809097385,100
2024-09-20 13:13:44.762000,428.574177648918,1003
2024-09-20 13:13:44.801000,428.54034474443785,997
2024-09-20 13:13:44.860000,428.4973283296812,1005
2024-09-20 13:13:44.867000,428.54887482328576,11
2024-09-20 13:13:44.901000,428.5002177022028,998
2024-09-20 13:13:44.972000,428.55417227885386,97
2024-09-20 13:13:44.991000,428.5116133543335,13
2024-09-20 13:13:45.007000,428.5131717925168,98
2024-09-20 13:13:45.014000,428.49815511594574,101
2024-09-20 13:13:45.031000,428.5438003134827,105
2024-09-20 13:13:45.039000,428.5619652515229,14
2024-09-20 13:13:45.060000,428.5396942876643,100
2024-09-20 13:13:45.087000,428.54106055288,104
2024-09-20 13:13:45.092000,428.5214589455025,14
2024-09-20 13:13:45.100000,428.5202322911908,103
2024-09-20 13:13:45.138000,428.5122270033978,996
2024-09-20 13:13:45.184000,428.5007388042422,1003
2024-09-20 13:13:45.246000,428.5385079927735,1003
2024-09-20 13:13:45.257000,428.48641374262576,1005
2024-09-20 13:13:45.263000,428.5469199431731,14
2024-09-20 13:13:45.280000,428.5073950591755,97
2024-09-20 13:13:45.308000,428.5240464224252,14
2024-09-20 13:13:45.337000,428.57111121485946,999
2024-09-20 13:13:45.361000,428.49286558893886,10
2024-09-20 13:13:45.370000,428.525787110966,100
2024-09-20 13:13:45.470000,428.51208303958015,10
2024-09-20 13:13:45.558000,428.5375608107053,999
2024-09-20 13:13:45.587000,428.511741752029,997
2024-09-20 13:13:45.605000,428.54632545013374,11
2024-09-20 13:13:45.728000,428.4888192683945,995
2024-09-20 13:13:45.765000,428.5138903555957,1000
2024-09-20 13:13:45.776000,428.5237867016853,99
2024-09-20 13:13:45.795000,428.5742508695584,14
2024-09-20 13:13:45.883000,428.5027631209858,13
2024-09-20 13:13:45.963000,428.5754432990687,999
2024-09-20 13:13:46.016000,428.4756265607519,96
2024-09-20 13:13:46.148000,428.5126664492785,6
2024-09-20 13:13:46.178000,428.4867883305912,1003
2024-09-20 13:13:46.228000,428.4712102045025,105
2024-09-20 13:13:46.259000,428.47907453377536,1002
2024-09-20 13:13:46.274000,428.47770053421937,105
2024-09-20 13:13:46.396000,428.4557845233252,11
2024-09-20 13:13:46.488000,428.46419896433406,105
2024-09-20 13:13:46.576000,428.49071735918056,8
2024-09-20 13:13:46.662000,428.5121822501618,12
2024-09-20 13:13:46.779000,428.4746917446287,5
2024-09-20 13:13:46.801000,428.4777469369729,102
2024-09-20 13:13:46.804000,428.4616398127427,100
2024-09-20 13:13:46.974000,428.47722545481287,105
2024-09-20 13:13:47.039000,428.4275573067523,995
2024-09-20 13:13:47.042000,428.4610076066298,96
2024-09-20 13:13:47.044000,428.40216387917,7
2024-09-20 13:13:47.063000,428.3714584325678,1003
2024-09-20 13:13:47.092000,428.4763213763018,12
2024-09-20 13:13:47.102000,428.3481567394135,1005
2024-09-20 13:13:47.128000,428.3962753827459,95
2024-09-20 13:13:47.147000,428.4040815424544,102
2024-09-20 13:13:47.226000,428.4077951811744,96
2024-09-20 13:13:47.247000,428.3842707200984,14
2024-09-20 13:13:47.258000,428.3747379800943,1000
2024-09-20 13:13:47.269000,428.36841764863016,99
2024-09-20 13:13:47.326000,428.4003418472428,1003
2024-09-20 13:13:47.358000,428.3978999706292,95
2024-09-20 13:13:47.365000,428.4121648887771,996
2024-09-20 13:13:47.401000,428.3849463237248,1001
2024-09-20 13:13:47.481000,428.3829579453676,12
2024-09-20 13:13:47.601000,428.4011753127118,9
2024-09-20 13:13:47.635000,428.4012613756743,98
2024-09-20 13:13:47.662000,428.4084772039433,999
2024-09-20 13:13:47.692000,428.371922816334,996
2024-09-20 13:13:47.720000,428.36847864835295,15
2024-09-20 13:13:47.742000,428.38795790172367,1000
2024-09-20 13:13:47.749000,428.3622959229143,995
2024-09-20 13:13:47.765000,428.3820536362406,95
2024-09-20 13:13:47.796000,428.3689695518093,105
2024-09-20 13:13:47.833000,428.3665545007808,98
2024-09-20 13:13:47.864000,428.3792950818112,1001
2024-09-20 13:13:47.877000,428.4390845708972,1005
2024-09-20 13:13:47.975000,428.3759002476203,104
2024-09-20 13:13:49.001000,428.4340817230519,96
2024-09-20 13:13:49.018000,428.3933501986186,12
2024-09-20 13:13:49.050000,428.40611371162817,100
2024-09-20 13:13:49.088000,428.4259375825616,1003
2024-09-20 13:13:49.109000,428.4132166644391,997
2024-09-20 13:13:49.132000,428.3968910716613,12
2024-09-20 13:13:49.159000,428.4031427122299,13
2024-09-20 13:13:49.190000,428.4036354419276,1004
2024-09-20 13:13:49.288000,428.43733155888754,1000
2024-09-20 13:13:49.310000,428.4690927232554,7
2024-09-20 13:13:49.393000,428.3901437088529,98
2024-09-20 13:13:49.413000,428.4127467458175,105
2024-09-20 13:13:49.462000,428.4083221805861,1002
2024-09-20 13:13:49.521000,428.43178342130057,1002
2024-09-20 13:13:49.623000,428.4454503005465,1004
2024-09-20 13:13:49.698000,428.41747013054334,999
2024-09-20 13:13:49.701000,428.41231512974525,97
2024-09-20 13:13:49.748000,428.40361017728526,11
2024-09-20 13:13:49.758000,428.4260333098933,97
2024-09-20 13:13:49.789000,428.4704375703525,101
2024-09-20 13:13:49.791000,428.4225550799367,13
2024-09-20 13:13:49.822000,428.4125245046348,14
2024-09-20 13:13:49.834000,428.386036829014,1004
2024-09-20 13:13:49.844000,428.45387912600114,7
2024-09-20 13:13:49.886000,428.4091738812738,1005
2024-09-20 13:13:49.902000,428.4206110854281,996
2024-09-20 13:13:49.974000,428.4192232167851,1003
2024-09-20 13:13:49.980000,428.4202669445211,99
2024-09-20 13:13:50.020000,428.4920375205165,9
2024-09-20 13:13:50.079000,428.4976387190228,1005
2024-09-20 13:13:50.113000,428.50778509004897,97
2024-09-20 13:13:50.372000,428.4875404056628,97
2024-09-20 13:13:50.443000,428.5203613628335,9
2024-09-20 13:13:50.518000,428.5227989352753,997
2024-09-20 13:13:50.648000,428.4841164609702,13
2024-09-20 13:13:50.716000,428.5113214767194,7
2024-09-20 13:13:50.953000,428.505507695925,9
2024-09-20 13:13:51.005000,428.49602833839,1003
2024-09-20 13:13:51.157000,428.5773377143967,105
2024-09-20 13:13:51.220000,428.4981073960314,1000
2024-09-20 13:13:51.267000,428.55876469678617,995
2024-09-20 13:13:51.327000,428.5304687186109,101
2024-09-20 13:13:51.510000,428.53449677074985,5
2024-09-20 13:13:51.546000,428.4893304629612,1001
2024-09-20 13:13:51.575000,428.54588564365145,98
2024-09-20 13:13:51.698000,428.5398955832388,996
2024-09-20 13:13:51.778000,428.5729234889481,1004
2024-09-20 13:13:51.782000,428.5105588414961,11
2024-09-20 13:13:51.832000,428.5802437548315,995
2024-09-20 13:13:51.935000,428.5187711841896,6
2024-09-20 13:13:51.947000,428.5340937442863,1002
2024-09-20 13:13:51.984000,428.5564667231385,95
2024-09-20 13:13:52.092000,428.5953748177551,97
2024-09-20 13:13:52.131000,428.58770417348296,996
2024-09-20 13:13:52.227000,428.5388241960174,6
2024-09-20 13:13:52.282000,428.5564203808456,100
2024-09-20 13:13:52.306000,428.55108397226377,12
2024-09-20 13:13:52.432000,428.5971283310597,95
2024-09-20 13:13:52.527000,428.5612330017914,97
2024-09-20 13:13:52.700000,428.5923597485865,103
2024-09-20 13:13:52.767000,428.5555888042578,996
2024-09-20 13:13:52.894000,428.5875270657152,1000
2024-09-20 13:13:52.958000,428.5831691028823,1001
2024-09-20 13:13:52.997000,428.5843757961875,12
2024-09-20 13:13:53.126000,428.5294516410901,996
2024-09-20 13:13:53.182000,428.52353006507127,6
2024-09-20 13:13:53.335000,428.49245502392193,98
2024-09-20 13:13:53.521000,428.4651201019983,6
2024-09-20 13:13:53.607000,428.4664969138032,1005
2024-09-20 13:13:53.859000,428.4933134947174,6
2024-09-20 13:13:53.875000,428.5195217745144,11
2024-09-20 13:13:54.015000,428.4594263075832,1004
2024-09-20 13:13:54.048000,428.52660451729423,13
2024-09-20 13:13:54.140000,428.5156306078418,103
2024-09-20 13:13:54.167000,428.5399793648386,996
2024-09-20 13:13:54.225000,428.5541467216524,15
2024-09-20 13:13:54.249000,428.5406068383133,8
2024-09-20 13:13:54.336000,428.57155469033927,15
2024-09-20 13:13:54.380000,428.4768441833445,6
2024-09-20 13:13:54.391000,428.4984517426122,996
2024-09-20 13:13:54.416000,428.5769524961317,11
2024-09-20 13:13:54.436000,428.4839697734328,995
2024-09-20 13:13:54.470000,428.5246557692327,5
2024-09-20 13:13:54.487000,428.5044848324303,98
2024-09-20 13:13:54.518000,428.5008993303462,9
2024-09-20 13:13:54.523000,428.4983430836456,98
2024-09-20 13:13:54.574000,428.5704120052363,96
2024-09-20 13:13:54.639000,428.54114671729593,98
2024-09-20 13:13:54.664000,428.4867588697074,7
2024-09-20 13:13:54.759000,428.51498390982425,13
2024-09-20 13:13:54.819000,428.6068614421374,96
2024-09-20 13:13:54.838000,428.5461433117048,103
2024-09-20 13:13:54.865000,428.5581210948212,15
2024-09-20 13:13:54.938000,428.5622839043056,97
2024-09-20 13:13:54.939000,428.5723720097697,96
2024-09-20 13:13:55.058000,428.6221542942873,999
2024-09-20 13:13:55.083000,428.6563117690361,997
2024-09-20 13:13:55.110000,428.6269595449008,5
2024-09-20 13:13:55.415000,428.6222191799977,1003
2024-09-20 13:13:55.476000,428.6477283406336,105
2024-09-20 13:13:55.599000,428.65021221809457,8
2024-09-20 13:13:55.749000,428.61050202060665,5
2024-09-20 13:13:55.797000,428.6643176459287,14
2024-09-20 13:13:56.005000,428.7072167374108,13
2024-09-20 13:13:56.026000,428.6787020798932,97
2024-09-20 13:13:56.208000,428.7622562991973,998
2024-09-20 13:13:56.356000,428.7300784543788,8
2024-09-20 13:13:56.396000,428.72512081447127,5
2024-09-20 13:13:56.677000,428.67836672624384,105
2024-09-20 13:13:56.734000,428.7205565102897,10
2024-09-20 13:13:56.804000,428.7621073093036,1002
2024-09-20 13:13:56.851000,428.70692607509056,995
2024-09-20 13:13:56.881000,428.6842980084324,998
2024-09-20 13:13:56.924000,428.7245778129793,10
2024-09-20 13:13:56.925000,428.7513913009439,1001
2024-09-20 13:13:56.932000,428.776698334821,7
2024-09-20 13:13:56.935000,428.7453757682516,15
2024-09-20 13:13:57.008000,428.7017547618648,999
2024-09-20 13:13:57.045000,428.72687269238526,100
2024-09-20 13:13:57.107000,428.6773373270668,95
2024-09-20 13:13:57.173000,428.7304174597649,1004
2024-09-20 13:13:57.181000,428.6938525680003,102
2024-09-20 13:13:57.191000,428.7169745719039,996
2024-09-20 13:13:57.230000,428.7046859658146,1000
2024-09-20 13:13:57.259000,428.7369222777505,999
2024-09-20 13:13:57.383000,428.69003519361496,101
2024-09-20 13:13:57.466000,428.72273529809024,1001
2024-09-20 13:13:57.476000,428.7036917510812,1003
2024-09-20 13:13:57.532000,428.7180845760786,997
2024-09-20 13:13:57.564000,428.6885808876205,103
2024-09-20 13:13:57.589000,428.69102575312274,100
2024-09-20 13:13:57.712000,428.7273291825408,1001
2024-09-20 13:13:57.763000,428.72039170745126,98
2024-09-20 13:13:57.763000,428.6977437689525,10
2024-09-20 13:13:57.840000,428.74600240343926,1004
2024-09-20 13:13:57.905000,428.6801545221573,99
2024-09-20 13:13:57.907000,428.6734876041031,95
2024-09-20 13:13:57.926000,428.7169388363197,12
2024-09-20 13:13:57.997000,428.7074327507405,99
2024-09-20 13:13:58.050000,428.6892067353874,1003
2024-09-20 13:13:58.124000,428.6934975230112,995
2024-09-20 13:13:58.167000,428.6886594736304,6
2024-09-20 13:13:58.226000,428.66876893905976,6
2024-09-20 13:13:58.255000,428.6721910676856,1000
2024-09-20 13:13:58.259000,428.6771821821951,12
2024-09-20 13:13:58.311000,428.67257510112177,97
2024-09-20 13:13:58.330000,428.67260563716746,101
2024-09-20 13:13:58.378000,428.5906284734826,1003
2024-09-20 13:13:58.380000,428.6122610011859,100
2024-09-20 13:13:58.383000,428.687347780375,7
2024-09-20 13:13:58.446000,428.6833408317383,5
2024-09-20 13:13:58.479000,428.6099996930906,7
2024-09-20 13:13:58.484000,428.6764558155873,97
2024-09-20 13:13:58.519000,428.6789377137487,9
2024-09-20 13:13:58.595000,428.6796988737663,6
2024-09-20 13:13:58.633000,428.6833638209081,100
2024-09-20 13:13:58.726000,428.6673598764868,102
2024-09-20 13:13:58.753000,428.6415425352477,6
2024-09-20 13:13:58.856000,428.6542372609864,1002
2024-09-20 13:13:58.875000,428.6869528579892,1003
2024-09-20 13:13:58.904000,428.6763181723874,1004
2024-09-20 13:13:58.962000,428.621423389751,15
2024-09-20 13:13:58.987000,428.6765510383821,5
2024-09-20 13:13:59.048000,428.5992564189413,96
2024-09-20 13:13:59.120000,428.5894672663196,999
2024-09-20 13:13:59.144000,428.6201483085202,95
2024-09-20 13:13:59.148000,428.6279874036218,5
2024-09-20 13:13:59.212000,428.5827687043616,95
2024-09-20 13:13:59.260000,428.5944355352163,999
2024-09-20 13:13:59.267000,428.5963923957741,14
2024-09-20 13:13:59.325000,428.61623829400713,1003
2024-09-20 13:13:59.378000,428.6180886495148,1002
2024-09-20 13:13:59.408000,428.5776368334678,99
2024-09-20 13:13:59.469000,428.58490522903617,10
2024-09-20 13:13:59.496000,428.57233288289353,5
2024-09-20 13:13:59.539000,428.6050923975772,997
2024-09-20 13:13:59.543000,428.6253816203189,1000
2024-09-20 13:13:59.551000,428.5967032787886,999
2024-09-20 13:13:59.561000,428.597056111957,105
2024-09-20 13:13:59.579000,428.6080571646136,13
2024-09-20 13:13:59.593000,428.5964768467889,100
2024-09-20 13:13:59.599000,428.6117040096071,95
2024-09-20 13:13:59.614000,428.5986155821724,97
2024-09-20 13:13:59.685000,428.5871753832236,95
2024-09-20 13:13:59.710000,428.5974378550892,13
2024-09-20 13:13:59.777000,428.6240331355714,103
2024-09-20 13:13:59.803000,428.590279078028,5
2024-09-20 13:13:59.840000,428.6048912911979,96
2024-09-20 13:13:59.891000,428.5866517118551,15
