Timestamp,Price,Size
2024-09-18 10:25:00,410.23452194362176,7
2024-09-18 10:25:00.067000,410.22331378893415,12
2024-09-18 10:25:00.074000,410.2201508936768,999
2024-09-18 10:25:00.088000,410.23168535761386,10
2024-09-18 10:25:00.156000,410.2210821098252,1001
2024-09-18 10:25:00.205000,410.22580288424297,995
2024-09-18 10:25:00.214000,410.18948727187615,101
2024-09-18 10:25:00.309000,410.2083225553317,98
2024-09-18 10:25:00.344000,410.2094328890682,104
2024-09-18 10:25:00.380000,410.21474786218727,1001
2024-09-18 10:25:00.400000,410.20805927272704,103
2024-09-18 10:25:00.589000,410.2126233551177,8
2024-09-18 10:25:00.622000,410.2435451319347,11
2024-09-18 10:25:00.711000,410.2192638050501,98
2024-09-18 10:25:00.713000,410.208314069454,95
2024-09-18 10:25:00.936000,410.21261827500985,100
2024-09-18 10:25:01.092000,410.1697981394513,97
2024-09-18 10:25:01.122000,410.14874543880416,1001
2024-09-18 10:25:01.148000,410.2002222488658,10
2024-09-18 10:25:01.152000,410.18255402258,8
2024-09-18 10:25:01.156000,410.1710997502842,98
2024-09-18 10:25:01.161000,410.1921831685771,997
2024-09-18 10:25:01.190000,410.13131462402856,102
2024-09-18 10:25:01.193000,410.1335906114505,1001
2024-09-18 10:25:01.405000,410.1687574151142,995
2024-09-18 10:25:01.442000,410.1362737344974,1003
2024-09-18 10:25:01.462000,410.12587198724856,98
2024-09-18 10:25:01.573000,410.1551236597494,1004
2024-09-18 10:25:01.607000,410.1474147820159,95
2024-09-18 10:25:01.662000,410.1723940242853,102
2024-09-18 10:25:01.698000,410.1724551461137,1000
2024-09-18 10:25:01.731000,410.1239717051092,997
2024-09-18 10:25:01.773000,410.15645359386855,996
2024-09-18 10:25:01.794000,410.1332621078676,100
2024-09-18 10:25:01.811000,410.1788967823386,11
2024-09-18 10:25:01.816000,410.1579237895721,997
2024-09-18 10:25:01.918000,410.159871705726,96
2024-09-18 10:25:01.927000,410.1402825221521,11
2024-09-18 10:25:02.107000,410.0621652725228,1001
2024-09-18 10:25:02.134000,410.1036021318024,104
2024-09-18 10:25:02.176000,410.05658157816,102
2024-09-18 10:25:02.362000,410.0433535259778,9
2024-09-18 10:25:02.441000,410.048232913564,1005
2024-09-18 10:25:02.527000,410.0594867428906,101
2024-09-18 10:25:02.631000,410.0583944972462,999
2024-09-18 10:25:02.644000,410.0616685821263,103
2024-09-18 10:25:02.650000,410.0984147240598,999
2024-09-18 10:25:02.672000,410.1345504666616,14
2024-09-18 10:25:02.730000,410.0921690784688,8
2024-09-18 10:25:02.894000,410.09964985612527,12
2024-09-18 10:25:03.115000,410.05502163254425,1002
2024-09-18 10:25:03.183000,410.0409854722786,1002
2024-09-18 10:25:03.340000,410.0566123786249,1004
2024-09-18 10:25:03.364000,410.0789301625073,1004
2024-09-18 10:25:03.398000,410.0465133008527,98
2024-09-18 10:25:03.481000,410.06756235095736,5
2024-09-18 10:25:03.611000,410.02972240386833,1003
2024-09-18 10:25:03.629000,410.0268460184201,998
2024-09-18 10:25:03.672000,410.0403628166556,13
2024-09-18 10:25:03.725000,410.0616246276049,1003
2024-09-18 10:25:03.759000,410.0693519601893,101
2024-09-18 10:25:03.987000,410.0193641582412,100
2024-09-18 10:25:04.011000,410.0096625638181,104
2024-09-18 10:25:04.045000,409.9994669190996,100
2024-09-18 10:25:04.163000,409.99867025765167,101
2024-09-18 10:25:04.244000,410.01782258401056,98
2024-09-18 10:25:04.248000,409.9950805370701,997
2024-09-18 10:25:04.291000,410.0253486227859,105
2024-09-18 10:25:04.294000,410.00085532736057,1003
2024-09-18 10:25:04.350000,410.0031916258933,1002
2024-09-18 10:25:04.370000,410.008176169551,104
2024-09-18 10:25:04.521000,409.9786987261824,12
2024-09-18 10:25:04.582000,410.0171048755631,11
2024-09-18 10:25:04.591000,410.0087496257908,997
2024-09-18 10:25:04.593000,409.9899622298319,7
2024-09-18 10:25:04.599000,410.01126857230827,1005
2024-09-18 10:25:04.691000,409.9918809572009,1005
2024-09-18 10:25:04.692000,409.9844422911257,8
2024-09-18 10:25:04.708000,410.0232046859177,12
2024-09-18 10:25:04.785000,409.9953153451696,13
2024-09-18 10:25:04.827000,409.9753481347465,1003
2024-09-18 10:25:04.838000,410.0212326321009,99
2024-09-18 10:25:04.843000,409.9902704470014,8
2024-09-18 10:25:04.886000,410.02208041135054,103
2024-09-18 10:25:05.436000,410.0009968572711,104
2024-09-18 10:25:05.491000,410.0146569503008,995
2024-09-18 10:25:05.594000,409.988228514455,1002
2024-09-18 10:25:05.884000,409.9971549001196,1000
2024-09-18 10:25:06.053000,410.0038877368514,1005
2024-09-18 10:25:06.212000,410.00708235247487,15
2024-09-18 10:25:06.255000,409.999292971029,1002
2024-09-18 10:25:06.744000,409.9889470268916,998
2024-09-18 10:25:06.920000,410.0028127728296,100
2024-09-18 10:25:06.944000,409.9964499162104,15
2024-09-18 10:25:07.014000,409.9910177159285,1005
2024-09-18 10:25:07.034000,410.004602876103,101
2024-09-18 10:25:07.039000,409.99619118522753,11
2024-09-18 10:25:07.095000,409.98428838860326,96
2024-09-18 10:25:07.199000,410.00786223420846,5
2024-09-18 10:25:07.220000,409.9961587932461,14
2024-09-18 10:25:07.224000,409.9798516908963,997
2024-09-18 10:25:07.227000,410.03150136583815,1001
2024-09-18 10:25:07.276000,410.00117087894176,5
2024-09-18 10:25:07.285000,410.0045386653508,14
2024-09-18 10:25:07.296000,410.0205324911811,996
2024-09-18 10:25:07.324000,409.97817641906937,99
2024-09-18 10:25:07.372000,409.9899371558453,11
2024-09-18 10:25:07.425000,410.0033850938693,14
2024-09-18 10:25:07.429000,410.0187531125133,6
2024-09-18 10:25:07.449000,410.00607938106526,13
2024-09-18 10:25:07.494000,410.0150065735183,998
2024-09-18 10:25:07.535000,409.98551796719937,1005
2024-09-18 10:25:07.635000,410.029400217054,105
2024-09-18 10:25:07.638000,410.0009299765408,996
2024-09-18 10:25:07.727000,409.9776281087547,1001
2024-09-18 10:25:07.753000,410.0023227705491,995
2024-09-18 10:25:07.825000,410.0075254620711,10
2024-09-18 10:25:07.899000,410.0204551088961,15
2024-09-18 10:25:07.924000,410.0074974740646,996
2024-09-18 10:25:07.926000,409.9991248536014,15
2024-09-18 10:25:07.952000,409.99969375630087,101
2024-09-18 10:25:08.027000,409.9209044998484,100
2024-09-18 10:25:08.028000,409.904972697485,1001
2024-09-18 10:25:08.045000,409.92106323505055,100
2024-09-18 10:25:08.066000,409.9231610059178,95
2024-09-18 10:25:08.076000,409.88713147573424,104
2024-09-18 10:25:08.598000,409.9016324664615,995
2024-09-18 10:25:08.680000,409.90492796215113,997
2024-09-18 10:25:08.813000,409.9334542350607,1000
2024-09-18 10:25:08.847000,409.94142357683086,10
2024-09-18 10:25:08.862000,409.9539813007314,10
2024-09-18 10:25:08.941000,409.96329730938334,95
2024-09-18 10:25:09.153000,409.869002752046,104
2024-09-18 10:25:09.175000,409.8690161423282,8
2024-09-18 10:25:09.265000,409.905388990136,995
2024-09-18 10:25:09.340000,409.8428205731345,99
2024-09-18 10:25:09.371000,409.8938460492285,5
2024-09-18 10:25:09.399000,409.88174037369913,1001
2024-09-18 10:25:09.466000,409.8815832385594,6
2024-09-18 10:25:09.570000,409.881434329886,101
2024-09-18 10:25:09.595000,409.873902972907,5
2024-09-18 10:25:09.601000,409.8741995377917,5
2024-09-18 10:25:09.631000,409.8626469158336,7
2024-09-18 10:25:09.692000,409.8402055950625,102
2024-09-18 10:25:09.784000,409.8783596519525,97
2024-09-18 10:25:09.797000,409.8514106066567,999
2024-09-18 10:25:09.797000,409.90254201167767,1001
2024-09-18 10:25:09.803000,409.8656772069984,12
2024-09-18 10:25:09.812000,409.83130065868966,999
2024-09-18 10:25:09.818000,409.8349473830982,14
2024-09-18 10:25:09.821000,409.8352209362607,14
2024-09-18 10:25:09.870000,409.8934852419247,98
2024-09-18 10:25:09.916000,409.8721372013568,100
2024-09-18 10:25:09.937000,409.8807569258239,6
2024-09-18 10:25:09.980000,409.8474486786764,999
2024-09-18 10:25:09.992000,409.89783900906406,997
2024-09-18 10:25:10.449000,409.876065798373,9
2024-09-18 10:25:10.507000,409.84615259094056,5
2024-09-18 10:25:10.519000,409.87182068938455,1001
2024-09-18 10:25:10.579000,409.8643948220563,995
2024-09-18 10:25:10.586000,409.84550749872267,96
2024-09-18 10:25:10.631000,409.8421669971501,98
2024-09-18 10:25:10.655000,409.83739525268254,104
2024-09-18 10:25:10.662000,409.8657227037474,14
2024-09-18 10:25:10.757000,409.8770062541624,1003
2024-09-18 10:25:10.782000,409.8347813213933,104
2024-09-18 10:25:10.809000,409.8593620193826,98
2024-09-18 10:25:10.914000,409.8400246640082,10
2024-09-18 10:25:10.949000,409.8419348642919,100
2024-09-18 10:25:12.015000,409.80358812396025,98
2024-09-18 10:25:12.056000,409.8258615133234,99
2024-09-18 10:25:12.140000,409.79179374826606,97
2024-09-18 10:25:12.190000,409.85197606370616,95
2024-09-18 10:25:12.253000,409.8189501504314,1000
2024-09-18 10:25:12.264000,409.8250989680592,14
2024-09-18 10:25:12.342000,409.7897288599039,1005
2024-09-18 10:25:12.375000,409.8219189658577,1003
2024-09-18 10:25:12.409000,409.8145214743072,15
2024-09-18 10:25:12.411000,409.8009834933408,1000
2024-09-18 10:25:12.495000,409.8566775051617,14
2024-09-18 10:25:12.513000,409.8700682960953,1001
2024-09-18 10:25:12.545000,409.85558050029647,14
2024-09-18 10:25:12.551000,409.8276428476026,1004
2024-09-18 10:25:12.603000,409.855965267182,96
2024-09-18 10:25:12.651000,409.8285880347783,8
2024-09-18 10:25:12.704000,409.851597138558,15
2024-09-18 10:25:12.731000,409.8206777781773,998
2024-09-18 10:25:12.771000,409.80100951999935,5
2024-09-18 10:25:12.795000,409.8064003226034,1000
2024-09-18 10:25:12.870000,409.88509869072,9
2024-09-18 10:25:12.881000,409.84391983648567,95
2024-09-18 10:25:12.988000,409.863751407976,12
2024-09-18 10:25:13.217000,409.82181357990686,102
2024-09-18 10:25:13.376000,409.8198152452983,9
2024-09-18 10:25:13.516000,409.82081016727614,97
2024-09-18 10:25:13.538000,409.8169816743824,1005
2024-09-18 10:25:13.550000,409.8131937388493,101
2024-09-18 10:25:13.562000,409.8088730418135,999
2024-09-18 10:25:13.757000,409.8107804085756,5
2024-09-18 10:25:13.841000,409.81114625413824,1003
2024-09-18 10:25:13.882000,409.8073339968064,997
2024-09-18 10:25:14,409.777876530096,995
2024-09-18 10:25:14.002000,409.7895887694816,12
2024-09-18 10:25:14.002000,409.80041507613726,95
2024-09-18 10:25:14.033000,409.8011080081007,10
2024-09-18 10:25:14.055000,409.7940186154668,15
2024-09-18 10:25:14.091000,409.7973971204807,998
2024-09-18 10:25:14.092000,409.8043322150149,999
2024-09-18 10:25:14.154000,409.7745083777983,97
2024-09-18 10:25:14.245000,409.7901494121374,8
2024-09-18 10:25:14.288000,409.7766526267112,14
2024-09-18 10:25:14.387000,409.7908059747495,998
2024-09-18 10:25:14.446000,409.7774494337614,11
2024-09-18 10:25:14.491000,409.8269780911635,10
2024-09-18 10:25:14.529000,409.8038310165721,103
2024-09-18 10:25:14.593000,409.7776216562673,8
2024-09-18 10:25:14.614000,409.7902399092789,102
2024-09-18 10:25:14.699000,409.7941590661276,95
2024-09-18 10:25:14.749000,409.7746704890382,1005
2024-09-18 10:25:14.751000,409.7630207363292,995
2024-09-18 10:25:14.796000,409.7513913475199,996
2024-09-18 10:25:14.812000,409.7866806995734,999
2024-09-18 10:25:14.848000,409.7770319754251,7
2024-09-18 10:25:14.864000,409.76550407098944,999
2024-09-18 10:25:14.867000,409.7970713517814,7
2024-09-18 10:25:14.925000,409.7668840474382,7
2024-09-18 10:25:15.030000,409.79577237925776,96
2024-09-18 10:25:15.061000,409.7555360178024,105
2024-09-18 10:25:15.105000,409.7675809173738,95
2024-09-18 10:25:15.168000,409.7791062882248,5
2024-09-18 10:25:15.378000,409.754112992982,100
2024-09-18 10:25:15.408000,409.7525947639421,97
2024-09-18 10:25:15.409000,409.7873602650715,5
2024-09-18 10:25:15.486000,409.7600372039796,5
2024-09-18 10:25:15.494000,409.7524814445281,102
2024-09-18 10:25:15.499000,409.7577624816699,1002
2024-09-18 10:25:15.514000,409.7478968828294,1003
2024-09-18 10:25:15.574000,409.7577215322591,102
2024-09-18 10:25:15.601000,409.763935833958,14
2024-09-18 10:25:15.603000,409.7409068121492,101
2024-09-18 10:25:15.621000,409.79857771745526,1005
2024-09-18 10:25:15.660000,409.75676240721896,14
2024-09-18 10:25:15.826000,409.7516767551889,10
2024-09-18 10:25:15.906000,409.74033534136106,102
2024-09-18 10:25:15.940000,409.7826435464965,14
2024-09-18 10:25:15.945000,409.7544921496031,105
2024-09-18 10:25:15.965000,409.7786472862367,99
2024-09-18 10:25:16.205000,409.7378945780908,1001
2024-09-18 10:25:16.260000,409.73860818418575,1002
2024-09-18 10:25:16.267000,409.7385637759827,96
2024-09-18 10:25:16.304000,409.7684433704079,1001
2024-09-18 10:25:16.451000,409.754226651505,1005
2024-09-18 10:25:16.601000,409.74412931449234,96
2024-09-18 10:25:16.811000,409.7694904236742,9
2024-09-18 10:25:16.846000,409.74812655991445,100
2024-09-18 10:25:17.051000,409.7515781040768,998
2024-09-18 10:25:17.184000,409.74765700926383,6
2024-09-18 10:25:17.192000,409.75278038798274,1005
2024-09-18 10:25:17.233000,409.7388607616151,5
2024-09-18 10:25:17.474000,409.75664131071545,12
2024-09-18 10:25:17.783000,409.7126092010041,1004
2024-09-18 10:25:17.796000,409.739817278718,9
2024-09-18 10:25:17.831000,409.7247968782256,7
2024-09-18 10:25:18.250000,409.7232639926738,13
2024-09-18 10:25:18.388000,409.7126227183505,1003
2024-09-18 10:25:18.636000,409.7202720912537,6
2024-09-18 10:25:18.675000,409.72669755459424,998
2024-09-18 10:25:18.694000,409.7209615054076,1001
2024-09-18 10:25:18.799000,409.7244534640037,1001
2024-09-18 10:25:19.088000,409.7238506724384,11
2024-09-18 10:25:19.146000,409.7267029862583,1001
2024-09-18 10:25:19.162000,409.7446143453238,98
2024-09-18 10:25:19.215000,409.7552862277433,1005
2024-09-18 10:25:19.221000,409.727470083256,11
2024-09-18 10:25:19.298000,409.7560505671936,1004
2024-09-18 10:25:19.371000,409.730903103994,1003
2024-09-18 10:25:19.378000,409.7593210760435,995
2024-09-18 10:25:19.489000,409.7625299815649,101
2024-09-18 10:25:19.730000,409.73907250311856,104
2024-09-18 10:25:19.734000,409.72358378932375,15
2024-09-18 10:25:19.784000,409.74027638990185,11
2024-09-18 10:25:19.784000,409.7098437389493,104
2024-09-18 10:25:19.808000,409.718206911756,12
2024-09-18 10:25:19.947000,409.7127441649809,1003
2024-09-18 10:25:20.033000,409.7747445482052,98
2024-09-18 10:25:20.061000,409.7341088229685,12
2024-09-18 10:25:20.062000,409.7268718775351,997
2024-09-18 10:25:20.134000,409.7000520684955,15
2024-09-18 10:25:20.202000,409.7270232585575,15
2024-09-18 10:25:20.252000,409.7247063898177,11
2024-09-18 10:25:20.407000,409.7312728835233,1002
2024-09-18 10:25:20.494000,409.70971535457903,1000
2024-09-18 10:25:20.502000,409.7811363270557,1001
2024-09-18 10:25:20.503000,409.69673495371177,104
2024-09-18 10:25:20.513000,409.7708447694694,101
2024-09-18 10:25:20.522000,409.74016968365225,15
2024-09-18 10:25:20.525000,409.72967600646217,13
2024-09-18 10:25:20.536000,409.7802181287992,105
2024-09-18 10:25:20.652000,409.73140512340586,104
2024-09-18 10:25:20.719000,409.7790794852904,98
2024-09-18 10:25:20.742000,409.73746659956566,1000
2024-09-18 10:25:20.765000,409.7233324863719,11
2024-09-18 10:25:20.782000,409.71119202061817,999
2024-09-18 10:25:20.810000,409.7520616829903,101
2024-09-18 10:25:20.892000,409.7321881251772,96
2024-09-18 10:25:20.905000,409.716759696469,996
2024-09-18 10:25:20.908000,409.71534392797753,996
2024-09-18 10:25:20.949000,409.76687108713855,11
2024-09-18 10:25:20.959000,409.732107504979,1000
2024-09-18 10:25:20.990000,409.7766316826509,102
2024-09-18 10:25:21.018000,409.7602556027408,98
2024-09-18 10:25:21.069000,409.71520084242735,998
2024-09-18 10:25:21.073000,409.7923918430356,998
2024-09-18 10:25:21.082000,409.8004379906912,13
2024-09-18 10:25:21.108000,409.74101803563656,997
2024-09-18 10:25:21.132000,409.7512712632338,104
2024-09-18 10:25:21.147000,409.7664653926445,998
2024-09-18 10:25:21.186000,409.7608368661831,12
2024-09-18 10:25:21.229000,409.76034507672017,99
2024-09-18 10:25:21.258000,409.8058282535432,100
2024-09-18 10:25:21.311000,409.7473773066396,97
2024-09-18 10:25:21.396000,409.7675326614668,15
2024-09-18 10:25:21.405000,409.7256863502775,100
2024-09-18 10:25:21.477000,409.7732461643963,6
2024-09-18 10:25:21.493000,409.7603311518504,12
2024-09-18 10:25:21.518000,409.7680408664463,996
2024-09-18 10:25:21.589000,409.7497556486276,1004
2024-09-18 10:25:21.666000,409.7755267820426,8
2024-09-18 10:25:21.693000,409.7465643123659,1004
2024-09-18 10:25:21.731000,409.74062381486726,99
2024-09-18 10:25:21.733000,409.74450267139406,1000
2024-09-18 10:25:21.762000,409.7826795255771,8
2024-09-18 10:25:21.825000,409.8070274376128,997
2024-09-18 10:25:21.876000,409.7634695412845,8
2024-09-18 10:25:21.903000,409.76573231109774,103
2024-09-18 10:25:21.946000,409.7677763599839,10
2024-09-18 10:25:22.143000,409.78049087543366,14
2024-09-18 10:25:22.148000,409.7256280376049,1005
2024-09-18 10:25:22.209000,409.7817931266084,996
2024-09-18 10:25:22.340000,409.76862809518826,1000
2024-09-18 10:25:22.369000,409.7287182947416,97
2024-09-18 10:25:22.496000,409.734914644484,101
2024-09-18 10:25:22.525000,409.7374892419452,10
2024-09-18 10:25:22.655000,409.7433350409686,11
2024-09-18 10:25:22.773000,409.7218740787805,7
2024-09-18 10:25:22.794000,409.7376391728776,14
2024-09-18 10:25:22.820000,409.75407832118856,9
2024-09-18 10:25:23.056000,409.75651500179697,104
2024-09-18 10:25:23.090000,409.78529378410593,999
2024-09-18 10:25:23.120000,409.7783435669553,1000
2024-09-18 10:25:23.165000,409.7501399202357,100
2024-09-18 10:25:23.182000,409.7977658718218,999
2024-09-18 10:25:23.214000,409.7616778189149,103
2024-09-18 10:25:23.300000,409.7977896849724,105
2024-09-18 10:25:23.720000,409.7656584948552,10
2024-09-18 10:25:23.800000,409.7806795627312,96
2024-09-18 10:25:23.948000,409.77329228433575,100
2024-09-18 10:25:24.037000,409.7261765901716,997
2024-09-18 10:25:24.060000,409.7881091999184,98
2024-09-18 10:25:24.097000,409.73637755203725,996
2024-09-18 10:25:24.165000,409.7441052911557,1000
2024-09-18 10:25:24.190000,409.721584087122,105
2024-09-18 10:25:24.295000,409.733089152681,997
2024-09-18 10:25:24.314000,409.7670975064767,11
2024-09-18 10:25:24.403000,409.742344479552,1000
2024-09-18 10:25:24.421000,409.7227050046822,100
2024-09-18 10:25:24.430000,409.7307920201205,996
2024-09-18 10:25:24.504000,409.8164687828856,15
2024-09-18 10:25:24.561000,409.7990599504411,1003
2024-09-18 10:25:24.637000,409.8222000398456,103
2024-09-18 10:25:24.661000,409.7436162842687,15
2024-09-18 10:25:24.726000,409.725371407913,11
2024-09-18 10:25:24.733000,409.744704708312,15
2024-09-18 10:25:24.769000,409.8087861141536,1002
2024-09-18 10:25:24.770000,409.73594754435896,103
2024-09-18 10:25:24.820000,409.7879931701859,97
2024-09-18 10:25:24.916000,409.7545630435157,10
2024-09-18 10:25:24.970000,409.72696324119903,98
2024-09-18 10:25:24.974000,409.80503967326007,103
2024-09-18 10:25:24.994000,409.7814760452226,1001
2024-09-18 10:25:25.020000,409.6766178013851,7
2024-09-18 10:25:25.053000,409.7043772017127,1003
2024-09-18 10:25:25.064000,409.6646349724853,6
2024-09-18 10:25:25.135000,409.7320306538589,1002
2024-09-18 10:25:25.225000,409.7842858374938,10
2024-09-18 10:25:25.245000,409.7888098545577,7
2024-09-18 10:25:25.261000,409.6988932677153,1003
2024-09-18 10:25:25.348000,409.7199594305193,1001
2024-09-18 10:25:25.360000,409.68353727208,99
2024-09-18 10:25:25.392000,409.6695932604799,97
2024-09-18 10:25:25.398000,409.7004419480864,6
2024-09-18 10:25:25.423000,409.6914065826696,99
2024-09-18 10:25:25.428000,409.7503782233845,15
2024-09-18 10:25:25.518000,409.7851554419328,998
2024-09-18 10:25:25.569000,409.68565140404576,6
2024-09-18 10:25:25.576000,409.7333652663722,1003
2024-09-18 10:25:25.598000,409.7309931399748,1003
2024-09-18 10:25:25.627000,409.6942057244415,9
2024-09-18 10:25:25.648000,409.66898276651,104
2024-09-18 10:25:25.701000,409.66675045464905,1005
2024-09-18 10:25:25.704000,409.72684223141306,995
2024-09-18 10:25:25.785000,409.782023422133,7
2024-09-18 10:25:25.791000,409.6772621023704,97
2024-09-18 10:25:25.833000,409.75197650953766,13
2024-09-18 10:25:25.836000,409.7708768294292,998
2024-09-18 10:25:25.854000,409.6643712679545,1005
2024-09-18 10:25:25.920000,409.7774856242872,1002
2024-09-18 10:25:25.934000,409.6702747301935,99
2024-09-18 10:25:25.957000,409.7860269977517,995
2024-09-18 10:25:25.988000,409.70008483686286,9
2024-09-18 10:25:26.036000,409.6516859685934,15
2024-09-18 10:25:26.047000,409.7317972897954,105
2024-09-18 10:25:26.053000,409.7183021451007,15
2024-09-18 10:25:26.067000,409.77215969604543,100
2024-09-18 10:25:26.104000,409.71634562641367,95
2024-09-18 10:25:26.124000,409.7141525098151,1000
2024-09-18 10:25:26.211000,409.6730689989228,99
2024-09-18 10:25:26.255000,409.72440317935735,999
2024-09-18 10:25:26.356000,409.6847166001601,1005
2024-09-18 10:25:26.424000,409.7495317807784,97
2024-09-18 10:25:26.606000,409.6983772314745,98
2024-09-18 10:25:26.656000,409.7290987361138,12
2024-09-18 10:25:26.658000,409.7486320193588,999
2024-09-18 10:25:26.683000,409.70630484540135,1005
2024-09-18 10:25:26.816000,409.726165346046,10
2024-09-18 10:25:26.816000,409.6858497005973,8
2024-09-18 10:25:26.885000,409.7165567364319,998
2024-09-18 10:25:26.986000,409.68074393913366,5
2024-09-18 10:25:27.034000,409.70205522000055,98
2024-09-18 10:25:27.080000,409.7438158669625,1002
2024-09-18 10:25:27.087000,409.65702348372463,96
2024-09-18 10:25:27.128000,409.6510780343092,13
2024-09-18 10:25:27.146000,409.74642151025614,97
2024-09-18 10:25:27.167000,409.72377095884383,104
2024-09-18 10:25:27.255000,409.6651529421392,15
2024-09-18 10:25:27.258000,409.6323248412973,95
2024-09-18 10:25:27.264000,409.666381740263,1001
2024-09-18 10:25:27.284000,409.6630783191373,1001
2024-09-18 10:25:27.311000,409.6453126100517,10
2024-09-18 10:25:27.333000,409.63459526583614,102
2024-09-18 10:25:27.357000,409.6376536322841,1000
2024-09-18 10:25:27.359000,409.7047633877573,97
2024-09-18 10:25:27.379000,409.63682424731576,995
2024-09-18 10:25:27.438000,409.6649809970597,9
2024-09-18 10:25:27.492000,409.6691059658878,1000
2024-09-18 10:25:27.617000,409.6763992201284,98
2024-09-18 10:25:27.617000,409.66997043009934,101
2024-09-18 10:25:27.631000,409.66175375499233,1004
2024-09-18 10:25:27.682000,409.6311551667915,1000
2024-09-18 10:25:27.683000,409.68148305918913,105
2024-09-18 10:25:27.758000,409.7263180547472,100
2024-09-18 10:25:27.760000,409.6617864620597,998
2024-09-18 10:25:27.765000,409.636155169096,8
2024-09-18 10:25:27.886000,409.74339971947023,6
2024-09-18 10:25:27.912000,409.7265494448685,101
2024-09-18 10:25:27.959000,409.7463973248295,96
2024-09-18 10:25:28.110000,409.7207070149679,997
2024-09-18 10:25:28.365000,409.7005655016011,998
2024-09-18 10:25:28.395000,409.6960476583734,8
2024-09-18 10:25:28.523000,409.7576245193856,998
2024-09-18 10:25:28.680000,409.708309241628,997
2024-09-18 10:25:28.703000,409.7260758852702,6
2024-09-18 10:25:28.713000,409.7207174381543,998
2024-09-18 10:25:28.747000,409.7044167777057,6
2024-09-18 10:25:28.828000,409.7120026830872,104
2024-09-18 10:25:28.912000,409.7174995318632,995
2024-09-18 10:25:28.977000,409.7408214303255,101
2024-09-18 10:25:28.982000,409.7294532419531,996
2024-09-18 10:25:29.009000,409.71436962714654,14
2024-09-18 10:25:29.100000,409.6979255990605,96
2024-09-18 10:25:29.122000,409.695416853658,105
2024-09-18 10:25:29.262000,409.70212045986966,12
2024-09-18 10:25:29.311000,409.70401156576895,9
2024-09-18 10:25:29.368000,409.6945592390823,104
2024-09-18 10:25:29.376000,409.6973222830559,12
2024-09-18 10:25:29.393000,409.704018357564,98
2024-09-18 10:25:29.411000,409.68520835780856,14
2024-09-18 10:25:29.456000,409.68936172168674,12
2024-09-18 10:25:29.483000,409.6918166004096,1003
2024-09-18 10:25:29.611000,409.6875180293428,1002
2024-09-18 10:25:29.663000,409.6742213553418,1003
2024-09-18 10:25:29.679000,409.683775752731,9
2024-09-18 10:25:29.717000,409.6911341261023,14
2024-09-18 10:25:29.775000,409.7097614758192,10
2024-09-18 10:25:29.776000,409.71025114279337,1005
2024-09-18 10:25:29.860000,409.6866519722725,6
2024-09-18 10:25:29.893000,409.7040490273807,999
2024-09-18 10:25:29.959000,409.6743671947426,1003
2024-09-18 10:25:30.046000,409.70320245612993,14
2024-09-18 10:25:30.070000,409.6998500105312,1002
2024-09-18 10:25:30.076000,409.6859927458112,6
2024-09-18 10:25:30.106000,409.7173510542825,9
2024-09-18 10:25:30.192000,409.6996190811631,95
2024-09-18 10:25:30.197000,409.7614297063671,14
2024-09-18 10:25:30.207000,409.72560493034166,9
2024-09-18 10:25:30.224000,409.6793324707838,105
2024-09-18 10:25:30.252000,409.7257184501342,9
2024-09-18 10:25:30.320000,409.6964947356684,5
2024-09-18 10:25:30.374000,409.6938070125029,8
2024-09-18 10:25:30.444000,409.7681697957237,1001
2024-09-18 10:25:30.462000,409.7052468976429,5
2024-09-18 10:25:30.522000,409.673880968702,14
2024-09-18 10:25:30.544000,409.68260297008266,102
2024-09-18 10:25:30.585000,409.6946379972172,1004
2024-09-18 10:25:30.611000,409.68206830564463,9
2024-09-18 10:25:30.671000,409.70371946288367,11
2024-09-18 10:25:30.684000,409.6936647987022,5
2024-09-18 10:25:30.782000,409.7130157789467,996
2024-09-18 10:25:30.788000,409.7008149476137,14
2024-09-18 10:25:30.824000,409.7079655183316,13
2024-09-18 10:25:30.840000,409.7277987302231,10
2024-09-18 10:25:30.910000,409.69162113683706,13
2024-09-18 10:25:30.937000,409.7065545632664,999
2024-09-18 10:25:30.938000,409.6875666117958,11
2024-09-18 10:25:30.960000,409.6830946915127,1005
2024-09-18 10:25:31.032000,409.718360893397,100
2024-09-18 10:25:31.059000,409.75728569282535,995
2024-09-18 10:25:31.068000,409.7514871716755,5
2024-09-18 10:25:31.130000,409.74772942262257,96
2024-09-18 10:25:31.168000,409.7665772164098,997
2024-09-18 10:25:31.195000,409.7722519597704,105
2024-09-18 10:25:31.229000,409.7331294257812,101
2024-09-18 10:25:31.266000,409.7448014486957,1002
2024-09-18 10:25:31.305000,409.74957088555874,101
2024-09-18 10:25:31.369000,409.77610914899327,999
2024-09-18 10:25:31.449000,409.75131815307367,12
2024-09-18 10:25:31.582000,409.7490121344091,104
2024-09-18 10:25:31.582000,409.7809812076637,1003
2024-09-18 10:25:31.605000,409.7499576907832,12
2024-09-18 10:25:31.638000,409.743352404549,1004
2024-09-18 10:25:31.875000,409.7360799536757,5
2024-09-18 10:25:31.883000,409.7329306064392,8
2024-09-18 10:25:32.006000,409.7337718625269,999
2024-09-18 10:25:32.141000,409.7387318072575,997
2024-09-18 10:25:32.153000,409.729958163609,10
2024-09-18 10:25:32.168000,409.7463069963907,13
2024-09-18 10:25:32.196000,409.76134945859496,95
2024-09-18 10:25:32.200000,409.7359170845877,9
2024-09-18 10:25:32.242000,409.74371661103305,11
2024-09-18 10:25:32.247000,409.7284995050123,1005
2024-09-18 10:25:32.263000,409.7200042822225,14
2024-09-18 10:25:32.272000,409.75353351707287,15
2024-09-18 10:25:32.382000,409.7389674519452,105
2024-09-18 10:25:32.398000,409.7567520865349,1002
2024-09-18 10:25:32.437000,409.7166782125761,15
2024-09-18 10:25:32.638000,409.695482031677,97
2024-09-18 10:25:32.697000,409.7383888815464,1002
2024-09-18 10:25:32.760000,409.7321036198928,10
2024-09-18 10:25:32.786000,409.7377554972987,1004
2024-09-18 10:25:32.842000,409.7329728828281,997
2024-09-18 10:25:32.852000,409.7298927191442,101
2024-09-18 10:25:32.867000,409.7472977575802,1003
2024-09-18 10:25:32.872000,409.7171750013174,1000
2024-09-18 10:25:32.885000,409.747970385305,995
2024-09-18 10:25:32.917000,409.7005575056903,101
2024-09-18 10:25:32.948000,409.7339701608842,99
2024-09-18 10:25:32.952000,409.7281064240808,1004
2024-09-18 10:25:32.978000,409.6994938713249,6
2024-09-18 10:25:33.113000,409.7240080267706,98
2024-09-18 10:25:33.174000,409.7368623964315,1000
2024-09-18 10:25:33.177000,409.7346775037824,15
2024-09-18 10:25:33.192000,409.7669447381271,12
2024-09-18 10:25:33.197000,409.7390184642703,9
2024-09-18 10:25:33.208000,409.754960711228,6
2024-09-18 10:25:33.220000,409.7239277837015,11
2024-09-18 10:25:33.260000,409.73175724134495,996
2024-09-18 10:25:33.269000,409.7620906446278,1004
2024-09-18 10:25:33.272000,409.7193647200425,104
2024-09-18 10:25:33.288000,409.7556382825871,1001
2024-09-18 10:25:33.467000,409.7307661096876,1002
2024-09-18 10:25:33.626000,409.7546102239704,9
2024-09-18 10:25:33.630000,409.74042911695886,97
2024-09-18 10:25:33.645000,409.72669547811296,15
2024-09-18 10:25:33.650000,409.73005146858463,995
2024-09-18 10:25:33.651000,409.714108099426,8
2024-09-18 10:25:33.705000,409.7215489654266,102
2024-09-18 10:25:33.716000,409.7306115458516,105
2024-09-18 10:25:33.797000,409.7406172630429,98
2024-09-18 10:25:33.818000,409.72272376698487,1004
2024-09-18 10:25:33.911000,409.71876879272247,97
2024-09-18 10:25:33.938000,409.7181306883157,997
2024-09-18 10:25:33.945000,409.7242346543872,995
2024-09-18 10:25:34.311000,409.779418828534,15
2024-09-18 10:25:34.530000,409.7839447614896,1003
2024-09-18 10:25:35.002000,409.8005529867044,101
2024-09-18 10:25:35.145000,409.8128826002102,997
2024-09-18 10:25:35.182000,409.7981728978038,99
2024-09-18 10:25:35.186000,409.80115107140927,1002
2024-09-18 10:25:35.221000,409.8080599653375,6
2024-09-18 10:25:35.367000,409.77665076736565,97
2024-09-18 10:25:35.427000,409.8100497456104,1000
2024-09-18 10:25:35.508000,409.7903620127337,996
2024-09-18 10:25:35.514000,409.80301734381584,1005
2024-09-18 10:25:35.535000,409.8021631754659,96
2024-09-18 10:25:35.545000,409.7983300504272,1002
2024-09-18 10:25:35.630000,409.8032720558606,95
2024-09-18 10:25:35.640000,409.8186465923311,100
2024-09-18 10:25:35.653000,409.7847213953965,1001
2024-09-18 10:25:35.782000,409.79715901428,12
2024-09-18 10:25:35.794000,409.82747143525086,997
2024-09-18 10:25:35.827000,409.7857326635513,103
2024-09-18 10:25:35.830000,409.8054779367525,997
2024-09-18 10:25:35.882000,409.8112167378808,105
2024-09-18 10:25:35.916000,409.8083941476781,9
2024-09-18 10:25:35.938000,409.7953115858512,5
2024-09-18 10:25:35.944000,409.816886920847,104
2024-09-18 10:25:35.982000,409.7930479219116,99
2024-09-18 10:25:35.995000,409.7862845118489,100
2024-09-18 10:25:36.006000,409.8593944689131,996
2024-09-18 10:25:36.274000,409.87449964724544,1005
2024-09-18 10:25:36.524000,409.8358398422467,100
2024-09-18 10:25:36.915000,409.8126654944911,102
2024-09-18 10:25:36.931000,409.81767793936575,95
2024-09-18 10:25:38.124000,409.8336201049268,98
2024-09-18 10:25:39.056000,409.8176282466108,997
2024-09-18 10:25:39.068000,409.8208108704893,1005
2024-09-18 10:25:39.159000,409.83801091804577,998
2024-09-18 10:25:39.233000,409.8582369266823,102
2024-09-18 10:25:39.240000,409.815093334022,7
2024-09-18 10:25:39.294000,409.8439188763909,13
2024-09-18 10:25:39.303000,409.85757611979744,8
2024-09-18 10:25:39.338000,409.8487918012835,95
2024-09-18 10:25:39.340000,409.7851708352926,6
2024-09-18 10:25:39.406000,409.7913168675919,100
2024-09-18 10:25:39.513000,409.8398482751378,15
2024-09-18 10:25:39.531000,409.83095011133975,1001
2024-09-18 10:25:39.546000,409.793974142509,9
2024-09-18 10:25:39.567000,409.7861332352246,95
2024-09-18 10:25:39.616000,409.8625486258996,104
2024-09-18 10:25:39.666000,409.82887448211466,14
2024-09-18 10:25:39.727000,409.8529350917438,98
2024-09-18 10:25:39.735000,409.8393797725923,12
2024-09-18 10:25:39.940000,409.8438176721624,1005
2024-09-18 10:25:40.119000,409.6721912243651,98
2024-09-18 10:25:40.127000,409.7281892470936,6
2024-09-18 10:25:40.181000,409.6946393759589,12
2024-09-18 10:25:40.184000,409.6908823146869,1001
2024-09-18 10:25:40.220000,409.7133604855163,999
2024-09-18 10:25:40.229000,409.6830109729855,12
2024-09-18 10:25:40.258000,409.7387354716012,1000
2024-09-18 10:25:40.302000,409.73092347968,995
2024-09-18 10:25:40.309000,409.678733365815,97
2024-09-18 10:25:40.314000,409.7041544405384,998
2024-09-18 10:25:40.404000,409.6969205533412,97
2024-09-18 10:25:40.431000,409.7636319180909,995
2024-09-18 10:25:40.462000,409.6953115485863,7
2024-09-18 10:25:40.468000,409.7137798135245,104
2024-09-18 10:25:40.476000,409.7028827966649,7
2024-09-18 10:25:40.589000,409.74285156893774,99
2024-09-18 10:25:40.627000,409.6926394816716,99
2024-09-18 10:25:40.670000,409.7017339199648,1003
2024-09-18 10:25:40.679000,409.6999178672338,997
2024-09-18 10:25:40.681000,409.7545438324349,12
2024-09-18 10:25:40.703000,409.6838579450646,1001
2024-09-18 10:25:40.704000,409.7104651775216,11
2024-09-18 10:25:40.773000,409.7041793628362,11
2024-09-18 10:25:40.806000,409.7006130240133,10
2024-09-18 10:25:40.920000,409.707082215761,8
2024-09-18 10:25:40.943000,409.6927638654404,104
2024-09-18 10:25:41.100000,409.749606224033,5
2024-09-18 10:25:41.111000,409.7514401384056,15
2024-09-18 10:25:41.405000,409.7162861898452,5
2024-09-18 10:25:41.428000,409.69667600351465,103
2024-09-18 10:25:41.568000,409.6750078911482,1004
2024-09-18 10:25:41.586000,409.73974460860506,1004
2024-09-18 10:25:41.614000,409.70649809562326,98
2024-09-18 10:25:41.725000,409.7107574399853,1002
2024-09-18 10:25:41.761000,409.74963943891504,14
2024-09-18 10:25:41.779000,409.72826603955934,13
2024-09-18 10:25:41.781000,409.7128007482672,12
2024-09-18 10:25:41.925000,409.7012042839991,1005
2024-09-18 10:25:41.986000,409.7082043802281,98
2024-09-18 10:25:42.161000,409.6942500374808,96
2024-09-18 10:25:42.384000,409.70322215577016,1003
2024-09-18 10:25:42.673000,409.707278690792,8
2024-09-18 10:25:43.155000,409.7048872731355,12
2024-09-18 10:25:43.212000,409.72456405319167,1005
2024-09-18 10:25:43.219000,409.7745099206972,1003
2024-09-18 10:25:43.353000,409.7713578005849,98
2024-09-18 10:25:43.479000,409.7155891511644,997
2024-09-18 10:25:43.607000,409.771529182809,998
2024-09-18 10:25:43.649000,409.754382835117,13
2024-09-18 10:25:43.692000,409.7357477800175,15
2024-09-18 10:25:43.699000,409.7295759608832,99
2024-09-18 10:25:43.721000,409.747618575026,1003
2024-09-18 10:25:43.824000,409.7621731218113,1002
2024-09-18 10:25:43.868000,409.7458852286916,14
2024-09-18 10:25:43.885000,409.733607294721,15
2024-09-18 10:25:43.916000,409.74365591737535,98
2024-09-18 10:25:43.952000,409.7350680971745,98
2024-09-18 10:25:43.954000,409.7162753196588,9
2024-09-18 10:25:44.012000,409.6722438738128,9
2024-09-18 10:25:44.039000,409.6920458745933,14
2024-09-18 10:25:44.061000,409.71697078240976,95
2024-09-18 10:25:44.079000,409.67740957575097,101
2024-09-18 10:25:44.204000,409.6908286950223,8
2024-09-18 10:25:44.231000,409.7337601188117,7
2024-09-18 10:25:44.256000,409.7550259491424,103
2024-09-18 10:25:44.391000,409.76769300101313,997
2024-09-18 10:25:44.394000,409.7600677955064,995
2024-09-18 10:25:44.416000,409.7626600467979,5
2024-09-18 10:25:44.436000,409.7200403759997,12
2024-09-18 10:25:44.492000,409.6887938182613,1005
2024-09-18 10:25:44.704000,409.7333677625456,8
2024-09-18 10:25:44.745000,409.71900913628815,1000
2024-09-18 10:25:44.794000,409.73853964045264,5
2024-09-18 10:25:44.865000,409.73003380419794,10
2024-09-18 10:25:44.888000,409.6814646203972,1000
2024-09-18 10:25:44.908000,409.769435157093,1003
2024-09-18 10:25:44.968000,409.7264217301498,1004
2024-09-18 10:25:44.992000,409.6894747177769,102
2024-09-18 10:25:45.006000,409.7544409580897,104
2024-09-18 10:25:45.047000,409.7592484763361,97
2024-09-18 10:25:45.073000,409.70971240509374,100
2024-09-18 10:25:45.073000,409.7439511890149,1001
2024-09-18 10:25:45.088000,409.7398030972752,96
2024-09-18 10:25:45.117000,409.7487834510293,12
2024-09-18 10:25:45.131000,409.7355633372061,15
2024-09-18 10:25:45.206000,409.6994122693604,101
2024-09-18 10:25:45.259000,409.7011397438209,998
2024-09-18 10:25:45.405000,409.7204010949113,103
2024-09-18 10:25:45.405000,409.7517138736572,13
2024-09-18 10:25:45.482000,409.75329614704856,12
2024-09-18 10:25:45.487000,409.72382023154046,8
2024-09-18 10:25:45.569000,409.7470946760353,14
2024-09-18 10:25:45.586000,409.7469708223549,96
2024-09-18 10:25:45.598000,409.71645269503256,104
2024-09-18 10:25:45.610000,409.72417342118433,996
2024-09-18 10:25:45.623000,409.7220481465999,105
2024-09-18 10:25:45.725000,409.7244099761885,15
2024-09-18 10:25:45.769000,409.73222616198206,7
2024-09-18 10:25:45.860000,409.7520657735511,1002
2024-09-18 10:25:45.919000,409.6992317392548,12
2024-09-18 10:25:45.930000,409.7212863600122,5
2024-09-18 10:25:45.943000,409.7264913625831,99
2024-09-18 10:25:45.949000,409.73987867613545,11
2024-09-18 10:25:45.960000,409.7101674897335,996
2024-09-18 10:25:46.233000,409.7130545927138,13
2024-09-18 10:25:46.369000,409.7158577999662,96
2024-09-18 10:25:46.553000,409.7168535712925,996
2024-09-18 10:25:46.664000,409.7231676638388,998
2024-09-18 10:25:46.785000,409.7116919847668,6
2024-09-18 10:25:47.036000,409.6518214566936,96
2024-09-18 10:25:47.059000,409.668396527376,6
2024-09-18 10:25:47.111000,409.681086945898,103
2024-09-18 10:25:47.116000,409.68818665096086,12
2024-09-18 10:25:47.145000,409.708665320576,998
2024-09-18 10:25:47.182000,409.6758902772078,100
2024-09-18 10:25:47.347000,409.6998554500802,101
2024-09-18 10:25:47.397000,409.6565073512412,7
2024-09-18 10:25:47.449000,409.6888021395951,1003
2024-09-18 10:25:47.497000,409.6910091737965,101
2024-09-18 10:25:47.524000,409.6781146318848,996
2024-09-18 10:25:47.560000,409.66298046471513,997
2024-09-18 10:25:47.599000,409.6821176448034,104
2024-09-18 10:25:47.639000,409.7124109000703,996
2024-09-18 10:25:47.694000,409.6593863196223,10
2024-09-18 10:25:47.758000,409.6908153362394,105
2024-09-18 10:25:47.784000,409.6473523506347,1005
2024-09-18 10:25:47.882000,409.68092988682326,9
2024-09-18 10:25:47.919000,409.6849707644189,10
2024-09-18 10:25:48.098000,409.70106394339336,998
2024-09-18 10:25:48.108000,409.7039189734423,104
2024-09-18 10:25:48.197000,409.731468164234,1004
2024-09-18 10:25:48.435000,409.727316442109,8
2024-09-18 10:25:48.495000,409.7127317735572,105
2024-09-18 10:25:48.607000,409.7117935878887,995
2024-09-18 10:25:48.776000,409.7416947984525,6
2024-09-18 10:25:48.878000,409.7208701801975,95
2024-09-18 10:25:49.124000,409.7043107107288,1003
2024-09-18 10:25:49.427000,409.7555844645496,1000
2024-09-18 10:25:49.586000,409.73857179792645,97
2024-09-18 10:25:49.725000,409.75165097589854,104
2024-09-18 10:25:49.731000,409.7545101219296,998
2024-09-18 10:25:49.732000,409.7237305039949,1005
2024-09-18 10:25:49.753000,409.7495667956269,995
2024-09-18 10:25:49.825000,409.7507577412368,9
2024-09-18 10:25:49.902000,409.7329867461692,996
2024-09-18 10:25:49.955000,409.6894339485468,103
2024-09-18 10:25:50.006000,409.6675296700961,9
2024-09-18 10:25:50.107000,409.6589359082664,6
2024-09-18 10:25:50.127000,409.6844056808339,6
2024-09-18 10:25:50.195000,409.6730965369718,102
2024-09-18 10:25:50.271000,409.6852402692315,102
2024-09-18 10:25:50.366000,409.6582957087488,996
2024-09-18 10:25:50.413000,409.6701032006315,13
2024-09-18 10:25:50.513000,409.66707055819967,105
2024-09-18 10:25:50.555000,409.6709459433808,995
2024-09-18 10:25:50.571000,409.6710624893152,1005
2024-09-18 10:25:50.588000,409.697799137559,1002
2024-09-18 10:25:50.590000,409.70832564062425,8
2024-09-18 10:25:50.672000,409.67276836654935,1005
2024-09-18 10:25:50.697000,409.652298499967,5
2024-09-18 10:25:50.749000,409.6705887106903,98
2024-09-18 10:25:50.771000,409.6585489183724,1000
2024-09-18 10:25:50.779000,409.6766753427559,11
2024-09-18 10:25:50.826000,409.6766113089539,1003
2024-09-18 10:25:50.829000,409.6794787687258,998
2024-09-18 10:25:50.852000,409.6602899069864,95
2024-09-18 10:25:50.881000,409.65910227432187,1001
2024-09-18 10:25:51.022000,409.667961932431,15
2024-09-18 10:25:51.106000,409.6883122883885,105
2024-09-18 10:25:51.137000,409.6638104044989,103
2024-09-18 10:25:51.379000,409.6577117036847,1002
2024-09-18 10:25:51.393000,409.6650226267989,100
2024-09-18 10:25:51.473000,409.6704100864025,101
2024-09-18 10:25:51.480000,409.6706280999463,999
2024-09-18 10:25:51.533000,409.6713105797053,101
2024-09-18 10:25:51.561000,409.67932477402064,98
2024-09-18 10:25:51.643000,409.67300676722726,101
2024-09-18 10:25:51.649000,409.6814576312081,6
2024-09-18 10:25:51.726000,409.6645422606785,104
2024-09-18 10:25:51.728000,409.69042857447937,1000
2024-09-18 10:25:51.765000,409.6544254981986,105
2024-09-18 10:25:52.378000,409.682214954171,1002
2024-09-18 10:25:52.392000,409.6902913404035,13
2024-09-18 10:25:52.523000,409.6703699004853,11
2024-09-18 10:25:52.534000,409.67811969073273,5
2024-09-18 10:25:52.558000,409.6889603594141,997
2024-09-18 10:25:52.747000,409.684890409855,8
2024-09-18 10:25:52.921000,409.6686668598806,9
2024-09-18 10:25:52.983000,409.6840784430683,10
2024-09-18 10:25:53.007000,409.69819301981136,98
2024-09-18 10:25:53.042000,409.67098092423305,5
2024-09-18 10:25:53.125000,409.6772862863795,103
2024-09-18 10:25:53.244000,409.6676809680959,98
2024-09-18 10:25:53.268000,409.664989213065,6
2024-09-18 10:25:53.328000,409.6951342106517,98
2024-09-18 10:25:53.344000,409.6826022367648,1004
2024-09-18 10:25:53.362000,409.7164882887122,15
2024-09-18 10:25:53.493000,409.7023270341,996
2024-09-18 10:25:53.537000,409.6656461919832,1004
2024-09-18 10:25:53.607000,409.69522386135696,105
2024-09-18 10:25:53.649000,409.6902495613229,5
2024-09-18 10:25:53.664000,409.66081909575496,998
2024-09-18 10:25:53.681000,409.6723307616937,1004
2024-09-18 10:25:53.698000,409.661235282833,98
2024-09-18 10:25:53.699000,409.6605524617926,12
2024-09-18 10:25:53.755000,409.6633057887677,104
2024-09-18 10:25:53.765000,409.6917781459625,5
2024-09-18 10:25:53.779000,409.6732192580948,9
2024-09-18 10:25:53.784000,409.6812774614774,6
2024-09-18 10:25:53.857000,409.7130337663593,999
2024-09-18 10:25:53.861000,409.6786371270334,102
2024-09-18 10:25:53.934000,409.6681857127946,1003
2024-09-18 10:25:53.950000,409.712792031966,12
2024-09-18 10:25:53.954000,409.6697632177656,13
2024-09-18 10:25:53.965000,409.704669694836,999
2024-09-18 10:25:53.969000,409.68034781120576,105
2024-09-18 10:25:53.975000,409.6802797545645,1002
2024-09-18 10:25:54.189000,409.6806423731526,995
2024-09-18 10:25:54.208000,409.6553769345248,996
2024-09-18 10:25:54.237000,409.6536590999223,1005
2024-09-18 10:25:54.346000,409.65142458374,105
2024-09-18 10:25:54.385000,409.67416096631325,1003
2024-09-18 10:25:54.435000,409.6881664469,103
2024-09-18 10:25:54.462000,409.6700442449744,102
2024-09-18 10:25:54.501000,409.67544703560094,15
2024-09-18 10:25:54.580000,409.6866476589643,13
2024-09-18 10:25:54.845000,409.6669753264824,997
2024-09-18 10:25:55.008000,409.71918257787473,104
2024-09-18 10:25:55.015000,409.6555406444377,105
2024-09-18 10:25:55.017000,409.7314972568677,105
2024-09-18 10:25:55.153000,409.67127081710834,5
2024-09-18 10:25:55.235000,409.7102504270845,99
2024-09-18 10:25:55.265000,409.7340821080847,100
2024-09-18 10:25:55.274000,409.6667638455828,12
2024-09-18 10:25:55.283000,409.7093924693245,96
2024-09-18 10:25:55.303000,409.6819125906119,104
2024-09-18 10:25:55.556000,409.6399456559017,996
2024-09-18 10:25:55.556000,409.6430307180133,1005
2024-09-18 10:25:55.625000,409.64491253473744,997
2024-09-18 10:25:55.634000,409.6611888162793,999
2024-09-18 10:25:55.652000,409.6769566665232,14
2024-09-18 10:25:55.723000,409.6531782162919,998
2024-09-18 10:25:55.749000,409.72782201972944,1004
2024-09-18 10:25:55.778000,409.6730847764208,96
2024-09-18 10:25:55.803000,409.68081577002215,105
2024-09-18 10:25:55.838000,409.6439567910814,95
2024-09-18 10:25:55.841000,409.7161009092271,105
2024-09-18 10:25:55.896000,409.6586988275624,998
2024-09-18 10:25:55.897000,409.7224133170778,11
2024-09-18 10:25:55.944000,409.6884311473402,15
2024-09-18 10:25:55.949000,409.6620635644406,97
2024-09-18 10:25:56.063000,409.72830508615175,99
2024-09-18 10:25:56.094000,409.72594764020687,102
2024-09-18 10:25:56.132000,409.71498312746974,96
2024-09-18 10:25:56.292000,409.7354584563736,1003
2024-09-18 10:25:56.471000,409.7392463700876,102
2024-09-18 10:25:56.564000,409.730013627364,7
2024-09-18 10:25:56.779000,409.7234756474886,95
2024-09-18 10:25:56.934000,409.73563743825554,12
2024-09-18 10:25:57.347000,409.7320780282804,12
2024-09-18 10:25:58.011000,409.7008124680543,96
2024-09-18 10:25:58.093000,409.6980924920754,995
2024-09-18 10:25:58.093000,409.7533459363123,11
2024-09-18 10:25:58.181000,409.7273404400337,996
2024-09-18 10:25:58.200000,409.720562899689,10
2024-09-18 10:25:58.276000,409.7424983653125,14
2024-09-18 10:25:58.384000,409.72463833279625,11
2024-09-18 10:25:58.418000,409.72205459141423,96
2024-09-18 10:25:58.431000,409.7407723878002,8
2024-09-18 10:25:58.486000,409.7289891443988,995
2024-09-18 10:25:58.512000,409.7285929616978,103
2024-09-18 10:25:58.518000,409.7528162801899,998
2024-09-18 10:25:58.522000,409.7502445156211,98
2024-09-18 10:25:58.529000,409.7108812069173,97
2024-09-18 10:25:58.529000,409.7323624393857,5
2024-09-18 10:25:58.540000,409.7405020646892,1002
2024-09-18 10:25:58.612000,409.74856083329206,100
2024-09-18 10:25:58.626000,409.7092542774253,102
2024-09-18 10:25:58.650000,409.7405989588698,998
2024-09-18 10:25:58.671000,409.7506764747753,97
2024-09-18 10:25:58.686000,409.7305251390195,996
2024-09-18 10:25:58.698000,409.7230884604709,1003
2024-09-18 10:25:58.730000,409.7424774154953,1004
2024-09-18 10:25:58.782000,409.7306273749032,98
2024-09-18 10:25:58.815000,409.7351473187111,11
2024-09-18 10:25:58.820000,409.7340349635143,10
2024-09-18 10:25:58.823000,409.7587975079605,98
2024-09-18 10:25:58.848000,409.7296672006319,100
2024-09-18 10:25:58.859000,409.7408014764744,1005
2024-09-18 10:25:58.979000,409.7396742225013,1001
2024-09-18 10:25:59.010000,409.6776053127855,97
2024-09-18 10:25:59.010000,409.6611363190072,14
2024-09-18 10:25:59.014000,409.6932415349064,95
2024-09-18 10:25:59.024000,409.6352182932623,13
2024-09-18 10:25:59.082000,409.68596694717615,1001
2024-09-18 10:25:59.128000,409.63710479105066,96
2024-09-18 10:25:59.131000,409.6201485788435,105
2024-09-18 10:25:59.191000,409.6477565711367,997
2024-09-18 10:25:59.261000,409.6559036371892,104
2024-09-18 10:25:59.274000,409.6536301250802,96
2024-09-18 10:25:59.277000,409.6590761211264,103
2024-09-18 10:25:59.324000,409.6861015488735,999
2024-09-18 10:25:59.402000,409.6634795798836,998
2024-09-18 10:25:59.444000,409.6731230415216,102
2024-09-18 10:25:59.635000,409.6409788188248,97
2024-09-18 10:25:59.680000,409.6127401157939,6
2024-09-18 10:25:59.826000,409.6812867483028,100
2024-09-18 10:25:59.848000,409.6637037711678,98
2024-09-18 10:25:59.877000,409.6801909456757,98
2024-09-18 10:25:59.981000,409.6899672474677,105
2024-09-18 10:25:59.991000,409.6397557696008,15
