Timestamp,Price,Size
2024-09-19 09:46:00.138000,414.2755022607762,102
2024-09-19 09:46:00.153000,414.30602199442825,1003
2024-09-19 09:46:00.188000,414.2856241920579,102
2024-09-19 09:46:00.362000,414.2667733601903,10
2024-09-19 09:46:00.415000,414.2796246979459,95
2024-09-19 09:46:00.438000,414.28777935048953,98
2024-09-19 09:46:00.528000,414.274428963884,8
2024-09-19 09:46:00.603000,414.3163338243837,14
2024-09-19 09:46:00.737000,414.2628511032364,9
2024-09-19 09:46:00.751000,414.2653593691467,995
2024-09-19 09:46:00.751000,414.2702328104944,1004
2024-09-19 09:46:00.769000,414.31012072237394,95
2024-09-19 09:46:00.894000,414.2755778868736,102
2024-09-19 09:46:00.958000,414.3163700108776,11
2024-09-19 09:46:00.995000,414.2869119018318,97
2024-09-19 09:46:01.012000,414.39840835957415,103
2024-09-19 09:46:01.022000,414.4053104613512,103
2024-09-19 09:46:01.076000,414.3679524179474,1005
2024-09-19 09:46:01.139000,414.3658592431119,995
2024-09-19 09:46:01.177000,414.3990419011701,100
2024-09-19 09:46:01.249000,414.3410669827349,1002
2024-09-19 09:46:01.292000,414.35789038868137,105
2024-09-19 09:46:01.316000,414.35152568025,998
2024-09-19 09:46:01.326000,414.3493043484914,12
2024-09-19 09:46:01.361000,414.3756475119623,1004
2024-09-19 09:46:01.380000,414.3149760771993,7
2024-09-19 09:46:01.399000,414.3571196742545,6
2024-09-19 09:46:01.448000,414.3073618801206,104
2024-09-19 09:46:01.512000,414.36733549268206,102
2024-09-19 09:46:01.524000,414.410799133665,11
2024-09-19 09:46:01.639000,414.3945263868886,1001
2024-09-19 09:46:01.641000,414.3814852748874,104
2024-09-19 09:46:01.642000,414.4146429590117,1000
2024-09-19 09:46:01.734000,414.3183827949362,98
2024-09-19 09:46:01.761000,414.4376531194793,97
2024-09-19 09:46:01.781000,414.37014579364455,104
2024-09-19 09:46:01.798000,414.38788405166406,104
2024-09-19 09:46:01.844000,414.4231673852393,7
2024-09-19 09:46:01.894000,414.3965197552336,105
2024-09-19 09:46:01.904000,414.3881065319269,999
2024-09-19 09:46:01.916000,414.39064638639707,95
2024-09-19 09:46:01.936000,414.3331765958469,1000
2024-09-19 09:46:01.950000,414.39626505697447,102
2024-09-19 09:46:02.094000,414.3926274654416,10
2024-09-19 09:46:02.100000,414.37217756571147,95
2024-09-19 09:46:02.100000,414.3994598562529,104
2024-09-19 09:46:02.259000,414.3864641195475,102
2024-09-19 09:46:02.363000,414.4165138588869,995
2024-09-19 09:46:02.475000,414.3855725228513,97
2024-09-19 09:46:02.494000,414.39211102304375,96
2024-09-19 09:46:02.519000,414.3956785933564,1003
2024-09-19 09:46:02.585000,414.3977186569925,103
2024-09-19 09:46:02.695000,414.3943020154628,1002
2024-09-19 09:46:02.827000,414.3704065752172,10
2024-09-19 09:46:02.845000,414.385340807823,1000
2024-09-19 09:46:02.858000,414.3922649929106,11
2024-09-19 09:46:02.882000,414.38652467330775,1002
2024-09-19 09:46:02.897000,414.37364023874574,95
2024-09-19 09:46:02.909000,414.39308691748056,96
2024-09-19 09:46:03.013000,414.4551718298434,1000
2024-09-19 09:46:03.029000,414.4315302638557,996
2024-09-19 09:46:03.083000,414.4408372881868,12
2024-09-19 09:46:03.161000,414.50278608803967,99
2024-09-19 09:46:03.199000,414.494685731332,96
2024-09-19 09:46:03.242000,414.4829335136958,99
2024-09-19 09:46:03.261000,414.4399093772441,96
2024-09-19 09:46:03.374000,414.472297752023,103
2024-09-19 09:46:03.389000,414.3979419406192,8
2024-09-19 09:46:03.394000,414.4170397071864,96
2024-09-19 09:46:03.485000,414.45780990315967,5
2024-09-19 09:46:03.561000,414.50247153418127,14
2024-09-19 09:46:03.571000,414.49580902443046,104
2024-09-19 09:46:03.655000,414.4373979021275,103
2024-09-19 09:46:03.820000,414.5120041065746,102
2024-09-19 09:46:03.926000,414.4970425013526,998
2024-09-19 09:46:03.966000,414.5096150438402,12
2024-09-19 09:46:04.043000,414.5096535654752,1005
2024-09-19 09:46:04.072000,414.45909698039657,98
2024-09-19 09:46:04.087000,414.4898498792214,998
2024-09-19 09:46:04.130000,414.4668668208028,11
2024-09-19 09:46:04.159000,414.45206744901816,15
2024-09-19 09:46:04.198000,414.4686723181633,998
2024-09-19 09:46:04.298000,414.4825349399106,8
2024-09-19 09:46:04.387000,414.49037629920974,96
2024-09-19 09:46:04.450000,414.4729067992433,103
2024-09-19 09:46:04.476000,414.4938930592057,999
2024-09-19 09:46:04.490000,414.5262184775849,996
2024-09-19 09:46:04.538000,414.4855887013742,995
2024-09-19 09:46:04.571000,414.4871158650205,102
2024-09-19 09:46:04.669000,414.49404848949257,101
2024-09-19 09:46:04.750000,414.4778274336091,96
2024-09-19 09:46:04.807000,414.4860782978261,10
2024-09-19 09:46:04.861000,414.4918841031802,12
2024-09-19 09:46:04.921000,414.4819931856536,95
2024-09-19 09:46:04.927000,414.4889227559204,998
2024-09-19 09:46:05.014000,414.5019634853351,6
2024-09-19 09:46:05.025000,414.4829576592285,98
2024-09-19 09:46:05.111000,414.496788170228,13
2024-09-19 09:46:05.122000,414.4951632401335,13
2024-09-19 09:46:05.148000,414.47804701908535,9
2024-09-19 09:46:05.176000,414.5159031095659,95
2024-09-19 09:46:05.264000,414.4983844025817,13
2024-09-19 09:46:05.293000,414.5083135932048,1000
2024-09-19 09:46:05.306000,414.4974664146864,1005
2024-09-19 09:46:05.317000,414.458296412849,97
2024-09-19 09:46:05.360000,414.52536151446486,98
2024-09-19 09:46:05.362000,414.45075359859896,101
2024-09-19 09:46:05.475000,414.4878519400602,104
2024-09-19 09:46:05.529000,414.4597728956231,997
2024-09-19 09:46:05.561000,414.4368821760172,6
2024-09-19 09:46:05.565000,414.47555232739495,999
2024-09-19 09:46:05.570000,414.4788690561013,995
2024-09-19 09:46:05.588000,414.5103717877158,97
2024-09-19 09:46:05.631000,414.44410649378665,9
2024-09-19 09:46:05.682000,414.5114361324769,1002
2024-09-19 09:46:05.722000,414.52616973510186,1005
2024-09-19 09:46:05.729000,414.46166305109614,1003
2024-09-19 09:46:05.734000,414.4378037551164,997
2024-09-19 09:46:05.844000,414.4640984822453,103
2024-09-19 09:46:05.881000,414.5258060735828,1000
2024-09-19 09:46:05.886000,414.4327936125178,95
2024-09-19 09:46:05.906000,414.5221207470675,1000
2024-09-19 09:46:05.908000,414.5004031662159,1004
2024-09-19 09:46:05.917000,414.4659296100442,12
2024-09-19 09:46:05.948000,414.5196261207782,997
2024-09-19 09:46:06.021000,414.4689241516602,1003
2024-09-19 09:46:06.076000,414.4922947556431,1003
2024-09-19 09:46:06.161000,414.4807542698997,8
2024-09-19 09:46:06.246000,414.4669470408189,95
2024-09-19 09:46:06.303000,414.454870647944,8
2024-09-19 09:46:06.432000,414.4549756336636,15
2024-09-19 09:46:06.614000,414.4696339443232,104
2024-09-19 09:46:06.636000,414.47942757768834,997
2024-09-19 09:46:06.642000,414.4765912012645,98
2024-09-19 09:46:06.662000,414.4722024440424,100
2024-09-19 09:46:06.670000,414.4921929568657,1004
2024-09-19 09:46:06.762000,414.4864873175038,8
2024-09-19 09:46:06.958000,414.4601033253928,14
2024-09-19 09:46:06.973000,414.4671135533304,97
2024-09-19 09:46:07.042000,414.5144698319252,999
2024-09-19 09:46:07.150000,414.5160508615194,98
2024-09-19 09:46:07.157000,414.49535761482497,14
2024-09-19 09:46:07.165000,414.5571152214912,104
2024-09-19 09:46:07.212000,414.5272964743119,98
2024-09-19 09:46:07.303000,414.4909807658451,1004
2024-09-19 09:46:07.418000,414.521330919537,5
2024-09-19 09:46:07.473000,414.4964668181605,98
2024-09-19 09:46:07.475000,414.4806510630386,998
2024-09-19 09:46:07.520000,414.5403915737306,99
2024-09-19 09:46:07.522000,414.5356148074509,102
2024-09-19 09:46:07.533000,414.49298495360017,102
2024-09-19 09:46:07.566000,414.5285624251098,1005
2024-09-19 09:46:07.601000,414.4914788702996,6
2024-09-19 09:46:07.649000,414.4961864604032,101
2024-09-19 09:46:07.736000,414.5325336194494,98
2024-09-19 09:46:07.737000,414.4946053593068,13
2024-09-19 09:46:07.801000,414.51841057228967,6
2024-09-19 09:46:07.829000,414.5156221988096,997
2024-09-19 09:46:07.868000,414.5281546999098,95
2024-09-19 09:46:07.949000,414.5051236935769,99
2024-09-19 09:46:07.957000,414.4962755971045,6
2024-09-19 09:46:07.962000,414.5253643478119,13
2024-09-19 09:46:08.833000,414.5146679065486,10
2024-09-19 09:46:09.030000,414.5033216469348,13
2024-09-19 09:46:09.036000,414.4933904398076,15
2024-09-19 09:46:09.038000,414.5129309324036,10
2024-09-19 09:46:09.063000,414.4915344411392,96
2024-09-19 09:46:09.103000,414.52006060275687,1005
2024-09-19 09:46:09.168000,414.5288283047072,1000
2024-09-19 09:46:09.198000,414.4906757093184,999
2024-09-19 09:46:09.221000,414.4697277309892,1004
2024-09-19 09:46:09.232000,414.5062375943276,7
2024-09-19 09:46:09.257000,414.5291694130457,11
2024-09-19 09:46:09.309000,414.45858326957006,1001
2024-09-19 09:46:09.360000,414.4748550760396,8
2024-09-19 09:46:09.420000,414.5058290398661,13
2024-09-19 09:46:09.564000,414.5266129304308,997
2024-09-19 09:46:09.576000,414.5443454774802,13
2024-09-19 09:46:09.614000,414.4686414004257,996
2024-09-19 09:46:09.716000,414.4753011128395,1004
2024-09-19 09:46:09.718000,414.51883180352206,12
2024-09-19 09:46:09.809000,414.5069467217693,999
2024-09-19 09:46:09.836000,414.50378114551046,997
2024-09-19 09:46:09.890000,414.49341867153726,11
2024-09-19 09:46:09.916000,414.4914082170112,1005
2024-09-19 09:46:09.987000,414.5345783722215,104
2024-09-19 09:46:10.023000,414.45979394389417,1003
2024-09-19 09:46:10.216000,414.4713299805237,995
2024-09-19 09:46:10.344000,414.4679887961144,99
2024-09-19 09:46:10.729000,414.4602808780243,996
2024-09-19 09:46:11.090000,414.4244923907913,8
2024-09-19 09:46:11.132000,414.452425303864,999
2024-09-19 09:46:11.140000,414.47450305546033,5
2024-09-19 09:46:11.292000,414.4283400255734,998
2024-09-19 09:46:11.301000,414.44724097518434,995
2024-09-19 09:46:11.330000,414.4369642209219,8
2024-09-19 09:46:11.344000,414.4362904297051,6
2024-09-19 09:46:11.424000,414.4401027470352,1005
2024-09-19 09:46:11.432000,414.4536637329176,13
2024-09-19 09:46:11.526000,414.4290387814328,11
2024-09-19 09:46:11.591000,414.4153147522612,999
2024-09-19 09:46:11.678000,414.4307100908573,9
2024-09-19 09:46:11.694000,414.4670605985505,97
2024-09-19 09:46:11.720000,414.4636582332107,12
2024-09-19 09:46:11.814000,414.4326497223599,1002
2024-09-19 09:46:12.014000,414.423525573198,998
2024-09-19 09:46:12.038000,414.4425322687247,995
2024-09-19 09:46:12.071000,414.3687987256036,1003
2024-09-19 09:46:12.088000,414.3829579184893,13
2024-09-19 09:46:12.109000,414.3875258328307,1003
2024-09-19 09:46:12.128000,414.3807945024356,1000
2024-09-19 09:46:12.148000,414.3919796487232,100
2024-09-19 09:46:12.187000,414.4322403708492,6
2024-09-19 09:46:12.296000,414.3693558177269,14
2024-09-19 09:46:12.327000,414.3805170548556,995
2024-09-19 09:46:12.369000,414.3638527697583,8
2024-09-19 09:46:12.393000,414.405012422836,97
2024-09-19 09:46:12.421000,414.3647598773091,1005
2024-09-19 09:46:12.511000,414.3602068042531,997
2024-09-19 09:46:12.511000,414.3783259150742,1005
2024-09-19 09:46:12.528000,414.4295959226257,5
2024-09-19 09:46:12.543000,414.4236785855361,97
2024-09-19 09:46:12.543000,414.3798707044579,100
2024-09-19 09:46:12.547000,414.3997236614042,1005
2024-09-19 09:46:12.664000,414.3630774783279,96
2024-09-19 09:46:12.675000,414.38401714289336,9
2024-09-19 09:46:12.762000,414.3853474394728,999
2024-09-19 09:46:12.763000,414.3929070528529,997
2024-09-19 09:46:12.790000,414.4397171598956,1000
2024-09-19 09:46:12.821000,414.39154191869306,7
2024-09-19 09:46:12.880000,414.3851933533186,100
2024-09-19 09:46:12.921000,414.3894608418201,10
2024-09-19 09:46:13.022000,414.3308508517049,104
2024-09-19 09:46:13.025000,414.3423111685678,11
2024-09-19 09:46:13.040000,414.3404295177252,97
2024-09-19 09:46:13.058000,414.2944063848128,102
2024-09-19 09:46:13.067000,414.35283589827833,1001
2024-09-19 09:46:13.070000,414.3603795563239,10
2024-09-19 09:46:13.131000,414.3525076087109,1005
2024-09-19 09:46:13.156000,414.321992369871,105
2024-09-19 09:46:13.221000,414.3660425719417,8
2024-09-19 09:46:13.229000,414.3225747750575,5
2024-09-19 09:46:13.314000,414.3034758285981,102
2024-09-19 09:46:13.339000,414.33084031277457,998
2024-09-19 09:46:13.370000,414.2936692794157,6
2024-09-19 09:46:13.414000,414.3352872327192,1003
2024-09-19 09:46:13.450000,414.3538979772944,95
2024-09-19 09:46:13.484000,414.32401586245606,8
2024-09-19 09:46:13.492000,414.30360545557073,103
2024-09-19 09:46:13.508000,414.3109530845911,15
2024-09-19 09:46:13.583000,414.3082495190823,13
2024-09-19 09:46:13.599000,414.3411596384884,12
2024-09-19 09:46:13.608000,414.3348244273582,997
2024-09-19 09:46:13.667000,414.29698168665806,5
2024-09-19 09:46:13.679000,414.3658307863938,1000
2024-09-19 09:46:13.765000,414.3320140930303,7
2024-09-19 09:46:13.788000,414.32531460147817,104
2024-09-19 09:46:13.821000,414.33174690748456,104
2024-09-19 09:46:13.857000,414.34769876493687,102
2024-09-19 09:46:13.892000,414.3522406184941,98
2024-09-19 09:46:13.918000,414.3447249179352,14
2024-09-19 09:46:14.012000,414.2977791053733,10
2024-09-19 09:46:14.118000,414.2883923027836,5
2024-09-19 09:46:14.164000,414.30582709470553,102
2024-09-19 09:46:14.224000,414.33000382325673,1003
2024-09-19 09:46:14.243000,414.3255549672037,104
2024-09-19 09:46:14.263000,414.2788483170325,12
2024-09-19 09:46:14.286000,414.3092433659886,995
2024-09-19 09:46:14.343000,414.2975536399053,99
2024-09-19 09:46:14.347000,414.3158627700602,996
2024-09-19 09:46:14.389000,414.2967771622234,14
2024-09-19 09:46:14.453000,414.3230038679767,1002
2024-09-19 09:46:14.480000,414.3095334187903,1001
2024-09-19 09:46:14.618000,414.2838200545459,15
2024-09-19 09:46:14.664000,414.3166606757835,1004
2024-09-19 09:46:14.674000,414.32096747964414,1000
2024-09-19 09:46:14.769000,414.3180689699586,11
2024-09-19 09:46:14.772000,414.29982398251104,13
2024-09-19 09:46:14.796000,414.3053663330914,8
2024-09-19 09:46:14.901000,414.34269237499535,7
2024-09-19 09:46:14.958000,414.31720594516753,97
2024-09-19 09:46:14.964000,414.3140813280101,13
2024-09-19 09:46:15.232000,414.3724415916234,6
2024-09-19 09:46:15.406000,414.40726320254487,103
2024-09-19 09:46:15.482000,414.3823112567641,1005
2024-09-19 09:46:15.566000,414.36771374307466,102
2024-09-19 09:46:15.616000,414.3880096056424,101
2024-09-19 09:46:15.732000,414.3738080175784,1004
2024-09-19 09:46:15.745000,414.3653965312649,95
2024-09-19 09:46:15.853000,414.3706077212685,1001
2024-09-19 09:46:15.930000,414.39157107852793,105
2024-09-19 09:46:16.017000,414.4698761881417,1005
2024-09-19 09:46:16.186000,414.4990766949192,100
2024-09-19 09:46:16.231000,414.468713116488,101
2024-09-19 09:46:16.239000,414.4918582531965,96
2024-09-19 09:46:16.303000,414.4581391419736,11
2024-09-19 09:46:16.343000,414.50094928707983,1003
2024-09-19 09:46:16.483000,414.475403698418,1004
2024-09-19 09:46:16.486000,414.4134210330883,8
2024-09-19 09:46:16.490000,414.4057360131584,103
2024-09-19 09:46:16.670000,414.4686287569059,104
2024-09-19 09:46:16.692000,414.4921275247987,101
2024-09-19 09:46:16.699000,414.4792805858237,104
2024-09-19 09:46:16.755000,414.4856091918165,8
2024-09-19 09:46:16.758000,414.4154764532414,103
2024-09-19 09:46:16.798000,414.50854508712297,1005
2024-09-19 09:46:16.801000,414.484880171374,101
2024-09-19 09:46:16.802000,414.4303830747309,96
2024-09-19 09:46:16.906000,414.49864317196426,999
2024-09-19 09:46:16.957000,414.4891939852683,996
2024-09-19 09:46:16.957000,414.46417514313146,1004
2024-09-19 09:46:16.986000,414.4415516564184,96
2024-09-19 09:46:17.344000,414.44848011745967,7
2024-09-19 09:46:17.422000,414.4666037377311,105
2024-09-19 09:46:17.439000,414.45262556261446,5
2024-09-19 09:46:17.579000,414.4447507226054,97
2024-09-19 09:46:17.794000,414.45526268716606,100
2024-09-19 09:46:18.039000,414.4777348189213,1003
2024-09-19 09:46:18.060000,414.5021727783568,101
2024-09-19 09:46:18.119000,414.4702235757628,1001
2024-09-19 09:46:18.178000,414.4645930242045,13
2024-09-19 09:46:18.234000,414.4600434470309,11
2024-09-19 09:46:18.710000,414.48926555310817,6
2024-09-19 09:46:18.729000,414.4692202335723,11
2024-09-19 09:46:18.872000,414.5067526076599,103
2024-09-19 09:46:18.910000,414.4585873282497,10
2024-09-19 09:46:20.056000,414.4935236221127,5
2024-09-19 09:46:20.075000,414.5312741947638,1001
2024-09-19 09:46:20.173000,414.491955334875,105
2024-09-19 09:46:20.291000,414.51770476727177,102
2024-09-19 09:46:20.293000,414.4910285435093,100
2024-09-19 09:46:20.293000,414.4870336285528,104
2024-09-19 09:46:20.299000,414.5354182399907,98
2024-09-19 09:46:20.350000,414.5262691339537,15
2024-09-19 09:46:20.510000,414.4996595531606,102
2024-09-19 09:46:20.552000,414.4937411655338,1000
2024-09-19 09:46:20.565000,414.4782191012143,95
2024-09-19 09:46:20.571000,414.5122040450045,1001
2024-09-19 09:46:20.604000,414.4883341609961,1003
2024-09-19 09:46:20.610000,414.4741446389601,998
2024-09-19 09:46:20.647000,414.4891371572625,997
2024-09-19 09:46:20.702000,414.499102421396,1004
2024-09-19 09:46:20.830000,414.5241711460108,98
2024-09-19 09:46:20.939000,414.4806989226227,1000
2024-09-19 09:46:21.090000,414.5054893608648,95
2024-09-19 09:46:21.780000,414.4856771445809,1000
2024-09-19 09:46:22.177000,414.5282523834349,9
2024-09-19 09:46:22.205000,414.50563507734034,10
2024-09-19 09:46:22.531000,414.5103200298087,1004
2024-09-19 09:46:22.592000,414.5058540509434,95
2024-09-19 09:46:22.596000,414.4930626789983,1005
2024-09-19 09:46:22.656000,414.5380653891142,100
2024-09-19 09:46:22.812000,414.5056206795301,999
2024-09-19 09:46:23.021000,414.56675101828296,104
2024-09-19 09:46:23.029000,414.54989995054046,97
2024-09-19 09:46:23.078000,414.57168878131273,104
2024-09-19 09:46:23.084000,414.59382420687007,6
2024-09-19 09:46:23.232000,414.60099969547,7
2024-09-19 09:46:23.290000,414.5835695891302,11
2024-09-19 09:46:23.308000,414.5692492215799,998
2024-09-19 09:46:23.379000,414.5664355720613,9
2024-09-19 09:46:23.414000,414.5693541382699,97
2024-09-19 09:46:23.650000,414.56240093528345,1003
2024-09-19 09:46:23.666000,414.5462805884901,999
2024-09-19 09:46:23.706000,414.5564839625813,8
2024-09-19 09:46:23.736000,414.5377661508897,99
2024-09-19 09:46:23.743000,414.5511509364813,1001
2024-09-19 09:46:23.776000,414.5631435621017,1004
2024-09-19 09:46:23.797000,414.5899965014738,1005
2024-09-19 09:46:23.808000,414.5556518830489,102
2024-09-19 09:46:23.817000,414.56718474799794,7
2024-09-19 09:46:23.825000,414.6093970800271,997
2024-09-19 09:46:23.849000,414.5954079113564,12
2024-09-19 09:46:23.922000,414.55366500918336,1004
2024-09-19 09:46:24.007000,414.5666089814638,995
2024-09-19 09:46:24.008000,414.5965535351619,15
2024-09-19 09:46:24.047000,414.59096679743726,9
2024-09-19 09:46:24.068000,414.5727464048928,10
2024-09-19 09:46:24.163000,414.5801649629198,996
2024-09-19 09:46:24.186000,414.595360234568,1002
2024-09-19 09:46:24.221000,414.57071946715456,9
2024-09-19 09:46:24.247000,414.6086206151648,1005
2024-09-19 09:46:24.309000,414.60225085483927,96
2024-09-19 09:46:24.387000,414.60337851954495,1002
2024-09-19 09:46:24.539000,414.5801733419567,6
2024-09-19 09:46:24.624000,414.5780612665207,8
2024-09-19 09:46:24.679000,414.5951125490943,1003
2024-09-19 09:46:24.789000,414.60030020312576,101
2024-09-19 09:46:24.850000,414.59411064961495,8
2024-09-19 09:46:24.851000,414.5591215837206,98
2024-09-19 09:46:24.929000,414.5627873410231,1005
2024-09-19 09:46:25.145000,414.5886457829805,1005
2024-09-19 09:46:25.350000,414.58134653897184,14
2024-09-19 09:46:25.443000,414.6123585715508,996
2024-09-19 09:46:25.444000,414.57747065671634,97
2024-09-19 09:46:25.566000,414.5964048809624,104
2024-09-19 09:46:25.610000,414.5603235980993,98
2024-09-19 09:46:25.633000,414.60765449889294,8
2024-09-19 09:46:25.732000,414.6082009814459,997
2024-09-19 09:46:25.771000,414.588563989478,5
2024-09-19 09:46:25.875000,414.5904894065857,104
2024-09-19 09:46:25.879000,414.5994292786043,1005
2024-09-19 09:46:25.891000,414.5811262828742,999
2024-09-19 09:46:26.017000,414.5404589278839,1002
2024-09-19 09:46:26.050000,414.56536855718576,9
2024-09-19 09:46:26.077000,414.6002472808482,101
2024-09-19 09:46:26.085000,414.6046550042976,101
2024-09-19 09:46:26.115000,414.561105264436,997
2024-09-19 09:46:26.142000,414.5977129533625,12
2024-09-19 09:46:26.159000,414.5356377193319,6
2024-09-19 09:46:26.211000,414.5473260982952,102
2024-09-19 09:46:26.218000,414.6122705404265,99
2024-09-19 09:46:26.232000,414.6273446420356,15
2024-09-19 09:46:26.330000,414.5374015205564,10
2024-09-19 09:46:26.343000,414.58367097964987,997
2024-09-19 09:46:26.345000,414.5682464240745,997
2024-09-19 09:46:26.449000,414.576742091637,1002
2024-09-19 09:46:26.466000,414.5414783087278,8
2024-09-19 09:46:26.500000,414.55918916804086,1005
2024-09-19 09:46:26.556000,414.6261095732143,8
2024-09-19 09:46:26.556000,414.56644594859694,997
2024-09-19 09:46:26.624000,414.5880319357527,11
2024-09-19 09:46:26.631000,414.6052632031967,7
2024-09-19 09:46:26.665000,414.5546047230742,8
2024-09-19 09:46:26.746000,414.626633298735,6
2024-09-19 09:46:26.775000,414.6168629286626,97
2024-09-19 09:46:26.788000,414.6033612131348,1005
2024-09-19 09:46:26.799000,414.5669385808344,105
2024-09-19 09:46:26.916000,414.5607606133688,103
2024-09-19 09:46:26.936000,414.57289207110415,96
2024-09-19 09:46:28.036000,414.6086150615291,95
2024-09-19 09:46:28.135000,414.6041727766143,10
2024-09-19 09:46:28.150000,414.6667048592857,997
2024-09-19 09:46:28.162000,414.6561772771799,15
2024-09-19 09:46:28.181000,414.6400428748274,996
2024-09-19 09:46:28.204000,414.673609160946,100
2024-09-19 09:46:28.240000,414.5973497685382,9
2024-09-19 09:46:28.370000,414.6324681630269,995
2024-09-19 09:46:28.378000,414.6209505920181,999
2024-09-19 09:46:28.382000,414.6740703777307,998
2024-09-19 09:46:28.387000,414.6056268725837,1004
2024-09-19 09:46:28.523000,414.5959518952562,103
2024-09-19 09:46:28.526000,414.66730017115486,96
2024-09-19 09:46:28.762000,414.6489974979701,997
2024-09-19 09:46:28.779000,414.6620889523599,104
2024-09-19 09:46:28.931000,414.6201112572135,104
2024-09-19 09:46:28.951000,414.6492584121799,10
2024-09-19 09:46:28.956000,414.6413971942757,11
2024-09-19 09:46:28.999000,414.64069979645774,998
2024-09-19 09:46:29.110000,414.6745278374984,1004
2024-09-19 09:46:29.138000,414.6613997534572,96
2024-09-19 09:46:29.180000,414.6535232673557,1001
2024-09-19 09:46:29.198000,414.6533609092404,104
2024-09-19 09:46:29.238000,414.6372551977875,98
2024-09-19 09:46:29.270000,414.6636944079464,999
2024-09-19 09:46:29.335000,414.64625051211226,98
2024-09-19 09:46:29.373000,414.6429293713267,1002
2024-09-19 09:46:29.551000,414.6250681461147,13
2024-09-19 09:46:29.621000,414.64033259556186,13
2024-09-19 09:46:29.654000,414.6675302697248,10
2024-09-19 09:46:29.678000,414.6387463840496,998
2024-09-19 09:46:29.711000,414.6735077335088,104
2024-09-19 09:46:29.717000,414.66074559840513,12
2024-09-19 09:46:29.832000,414.6569056428461,14
2024-09-19 09:46:29.909000,414.6363896321993,997
2024-09-19 09:46:30.046000,414.6522471197693,1002
2024-09-19 09:46:30.660000,414.6692005857068,995
2024-09-19 09:46:30.727000,414.6541378433288,9
2024-09-19 09:46:30.864000,414.6587073298306,97
2024-09-19 09:46:31.022000,414.67573210275793,995
2024-09-19 09:46:31.072000,414.66177473418327,1003
2024-09-19 09:46:31.244000,414.6764980323994,1004
2024-09-19 09:46:31.357000,414.66139723634245,12
2024-09-19 09:46:31.373000,414.6411016239443,5
2024-09-19 09:46:31.411000,414.6554464725296,1000
2024-09-19 09:46:31.423000,414.6502291013141,6
2024-09-19 09:46:31.428000,414.650259348866,100
2024-09-19 09:46:31.561000,414.661269355337,5
2024-09-19 09:46:31.836000,414.6514544153948,997
2024-09-19 09:46:32.069000,414.5689187961413,100
2024-09-19 09:46:32.116000,414.6237948593723,1002
2024-09-19 09:46:32.217000,414.5851983982024,5
2024-09-19 09:46:32.574000,414.6242773808216,105
2024-09-19 09:46:32.586000,414.60461096268097,96
2024-09-19 09:46:32.798000,414.59879547821794,1005
2024-09-19 09:46:32.819000,414.5967752778408,99
2024-09-19 09:46:32.931000,414.5755341191706,103
2024-09-19 09:46:32.938000,414.5744035847783,9
2024-09-19 09:46:33.020000,414.5935502459511,997
2024-09-19 09:46:33.119000,414.6344787738774,999
2024-09-19 09:46:33.210000,414.6838422909573,995
2024-09-19 09:46:33.262000,414.6911945413055,14
2024-09-19 09:46:33.292000,414.7000966039744,9
2024-09-19 09:46:33.300000,414.6888988663568,100
2024-09-19 09:46:33.304000,414.7107366339462,1005
2024-09-19 09:46:33.366000,414.6115665347812,101
2024-09-19 09:46:33.377000,414.67783149387617,998
2024-09-19 09:46:33.400000,414.6257791289325,1003
2024-09-19 09:46:33.476000,414.66844999174174,1002
2024-09-19 09:46:33.480000,414.6995764161513,14
2024-09-19 09:46:33.490000,414.67421306995993,104
2024-09-19 09:46:33.535000,414.65384181190217,12
2024-09-19 09:46:33.543000,414.6854487180055,1004
2024-09-19 09:46:33.589000,414.6406333276124,96
2024-09-19 09:46:33.603000,414.6160918655098,995
2024-09-19 09:46:33.643000,414.6264405132013,999
2024-09-19 09:46:33.719000,414.6938558827705,7
2024-09-19 09:46:33.745000,414.6875556277324,1002
2024-09-19 09:46:33.810000,414.6830682532924,7
2024-09-19 09:46:33.952000,414.6745879186435,7
2024-09-19 09:46:33.985000,414.6219981150003,105
2024-09-19 09:46:34.040000,414.70475684276767,101
2024-09-19 09:46:34.045000,414.7056594038543,995
2024-09-19 09:46:34.132000,414.7643258382003,103
2024-09-19 09:46:34.135000,414.7370760253417,97
2024-09-19 09:46:34.166000,414.6846724741346,98
2024-09-19 09:46:34.192000,414.7607651013845,96
2024-09-19 09:46:34.205000,414.66158259868746,996
2024-09-19 09:46:34.344000,414.66816271202737,12
2024-09-19 09:46:34.356000,414.6795699289858,104
2024-09-19 09:46:34.499000,414.74423641124736,1000
2024-09-19 09:46:34.514000,414.67011535762094,1003
2024-09-19 09:46:34.538000,414.68523023450206,1002
2024-09-19 09:46:34.561000,414.7270083828771,100
2024-09-19 09:46:34.568000,414.7347659840365,6
2024-09-19 09:46:34.643000,414.6708029911353,105
2024-09-19 09:46:34.674000,414.7108180596584,103
2024-09-19 09:46:34.702000,414.7658417282505,997
2024-09-19 09:46:34.793000,414.68607057786,6
2024-09-19 09:46:34.794000,414.71038548157526,102
2024-09-19 09:46:34.851000,414.6861452362552,1005
2024-09-19 09:46:34.871000,414.70995568510057,99
2024-09-19 09:46:34.874000,414.7618182914507,98
2024-09-19 09:46:34.892000,414.7320428401481,99
2024-09-19 09:46:34.902000,414.6714379958774,8
2024-09-19 09:46:34.994000,414.6970074664642,14
2024-09-19 09:46:35.049000,414.77452909539153,102
2024-09-19 09:46:35.061000,414.7349537515085,1001
2024-09-19 09:46:35.153000,414.7434417014372,6
2024-09-19 09:46:35.175000,414.76138667259926,10
2024-09-19 09:46:35.195000,414.7499460842686,9
2024-09-19 09:46:35.260000,414.7178349238158,105
2024-09-19 09:46:35.375000,414.76258209323726,102
2024-09-19 09:46:35.463000,414.74530643820106,1004
2024-09-19 09:46:35.603000,414.7420284231721,8
2024-09-19 09:46:35.623000,414.78294045496375,1005
2024-09-19 09:46:35.633000,414.7764154632781,1005
2024-09-19 09:46:35.634000,414.78718759872,1000
2024-09-19 09:46:35.747000,414.7832381403231,9
2024-09-19 09:46:35.952000,414.7536803139767,99
2024-09-19 09:46:35.962000,414.7692591405028,995
2024-09-19 09:46:35.998000,414.7528390096135,998
2024-09-19 09:46:36.148000,414.6784419789468,102
2024-09-19 09:46:36.265000,414.666818189204,996
2024-09-19 09:46:36.351000,414.68874206161615,101
2024-09-19 09:46:36.525000,414.7182695762245,14
2024-09-19 09:46:36.878000,414.697440381578,1005
2024-09-19 09:46:36.909000,414.67548847631616,12
2024-09-19 09:46:36.928000,414.7072405189999,1001
2024-09-19 09:46:37.061000,414.62753333994414,12
2024-09-19 09:46:37.089000,414.6589278859744,997
2024-09-19 09:46:37.095000,414.6801661184125,1004
2024-09-19 09:46:37.141000,414.67344115901767,10
2024-09-19 09:46:37.171000,414.6464381143524,98
2024-09-19 09:46:37.303000,414.62581614996856,1001
2024-09-19 09:46:37.323000,414.6261780795719,104
2024-09-19 09:46:37.363000,414.6544064006179,13
2024-09-19 09:46:37.415000,414.6562632349579,10
2024-09-19 09:46:37.490000,414.6500602474387,1000
2024-09-19 09:46:37.501000,414.6056120526192,5
2024-09-19 09:46:37.529000,414.7118934532328,102
2024-09-19 09:46:37.541000,414.6572140433511,103
2024-09-19 09:46:37.559000,414.6386366904447,105
2024-09-19 09:46:37.596000,414.6908859055861,995
2024-09-19 09:46:37.596000,414.65487886034606,998
2024-09-19 09:46:37.631000,414.6347600303688,98
2024-09-19 09:46:37.634000,414.64416070278526,103
2024-09-19 09:46:37.668000,414.6372574768028,996
2024-09-19 09:46:37.676000,414.6070783088564,995
2024-09-19 09:46:37.702000,414.6801837165217,103
2024-09-19 09:46:37.709000,414.66064583514486,996
2024-09-19 09:46:37.722000,414.6809015685035,1004
2024-09-19 09:46:37.783000,414.6475173786396,103
2024-09-19 09:46:37.794000,414.62369355922254,5
2024-09-19 09:46:37.867000,414.6711174626661,995
2024-09-19 09:46:37.933000,414.61737632188834,6
2024-09-19 09:46:37.954000,414.6196465708758,5
2024-09-19 09:46:38.044000,414.68347674666967,1000
2024-09-19 09:46:38.096000,414.6907646989452,1001
2024-09-19 09:46:38.251000,414.6875556293313,1005
2024-09-19 09:46:38.277000,414.7005524756627,14
2024-09-19 09:46:38.288000,414.6949078989338,105
2024-09-19 09:46:38.327000,414.7072985489377,6
2024-09-19 09:46:38.378000,414.7012902164567,100
2024-09-19 09:46:38.403000,414.7022175300074,1001
2024-09-19 09:46:38.509000,414.6870244584077,1002
2024-09-19 09:46:38.558000,414.7029048461872,9
2024-09-19 09:46:38.562000,414.6843236412895,95
2024-09-19 09:46:38.603000,414.6881971673527,99
2024-09-19 09:46:38.608000,414.67821323994673,101
2024-09-19 09:46:38.621000,414.6956370569145,1005
2024-09-19 09:46:38.668000,414.69836227102047,998
2024-09-19 09:46:38.677000,414.6859073356901,7
2024-09-19 09:46:38.687000,414.6856334687015,998
2024-09-19 09:46:38.737000,414.68869737336377,103
2024-09-19 09:46:38.779000,414.6829415483377,996
2024-09-19 09:46:38.953000,414.693681514437,999
2024-09-19 09:46:38.975000,414.6799988515705,12
2024-09-19 09:46:38.994000,414.7186821583557,5
2024-09-19 09:46:39.041000,414.6840290027817,96
2024-09-19 09:46:39.068000,414.6748032674788,98
2024-09-19 09:46:39.239000,414.6864674164233,101
2024-09-19 09:46:39.277000,414.6562448712847,95
2024-09-19 09:46:39.314000,414.7000076838086,7
2024-09-19 09:46:39.316000,414.6636938448405,5
2024-09-19 09:46:39.390000,414.6888000234389,103
2024-09-19 09:46:39.414000,414.6664135631563,14
2024-09-19 09:46:39.457000,414.6556862162869,1003
2024-09-19 09:46:39.553000,414.6563971380886,97
2024-09-19 09:46:39.566000,414.6805283626586,98
2024-09-19 09:46:39.616000,414.6429174967887,999
2024-09-19 09:46:39.639000,414.6462607896596,6
2024-09-19 09:46:39.652000,414.6296327178377,995
2024-09-19 09:46:39.681000,414.67328122701474,98
2024-09-19 09:46:39.820000,414.6248923650596,995
2024-09-19 09:46:39.858000,414.6489888831056,98
2024-09-19 09:46:39.868000,414.6827106106646,1004
2024-09-19 09:46:39.873000,414.6655188545335,95
2024-09-19 09:46:39.887000,414.67608964576334,1004
2024-09-19 09:46:39.890000,414.646104931448,1000
2024-09-19 09:46:40.051000,414.7246347593248,7
2024-09-19 09:46:40.111000,414.7218742487271,96
2024-09-19 09:46:40.127000,414.71953346832015,1005
2024-09-19 09:46:40.195000,414.7160177367484,999
2024-09-19 09:46:40.214000,414.6987292844545,995
2024-09-19 09:46:40.216000,414.702024226438,7
2024-09-19 09:46:40.254000,414.6852905073134,102
2024-09-19 09:46:40.320000,414.689463112856,103
2024-09-19 09:46:40.344000,414.7035047247109,97
2024-09-19 09:46:40.380000,414.7171007600103,7
2024-09-19 09:46:40.402000,414.7085636360037,13
2024-09-19 09:46:40.481000,414.6905627874133,12
2024-09-19 09:46:40.506000,414.7069321389441,995
2024-09-19 09:46:40.587000,414.6986463866088,101
2024-09-19 09:46:40.611000,414.7153003646106,996
2024-09-19 09:46:40.669000,414.6887483709254,998
2024-09-19 09:46:40.752000,414.7054161213814,997
2024-09-19 09:46:40.761000,414.7190287828738,12
2024-09-19 09:46:40.767000,414.70078148551096,105
2024-09-19 09:46:40.882000,414.7183709092726,995
2024-09-19 09:46:40.928000,414.6722814488359,97
2024-09-19 09:46:40.959000,414.7151455881204,100
2024-09-19 09:46:40.973000,414.6877705506512,999
2024-09-19 09:46:41.008000,414.66008120915865,100
2024-09-19 09:46:41.016000,414.6580832468794,1002
2024-09-19 09:46:41.044000,414.6578757804738,105
2024-09-19 09:46:41.422000,414.6711794661769,5
2024-09-19 09:46:41.435000,414.6793955190761,97
2024-09-19 09:46:41.526000,414.6718241521737,95
2024-09-19 09:46:41.562000,414.6749245227089,9
2024-09-19 09:46:41.749000,414.67009415301646,1004
2024-09-19 09:46:41.795000,414.65926556261866,11
2024-09-19 09:46:41.822000,414.6741929392314,101
2024-09-19 09:46:41.939000,414.65173779324925,8
2024-09-19 09:46:42.668000,414.6816175691434,7
2024-09-19 09:46:43.134000,414.7301553402932,1001
2024-09-19 09:46:43.135000,414.6685568727708,14
2024-09-19 09:46:43.154000,414.7057670018503,11
2024-09-19 09:46:43.164000,414.7289579968237,1001
2024-09-19 09:46:43.169000,414.7001404572299,997
2024-09-19 09:46:43.217000,414.682219978493,12
2024-09-19 09:46:43.243000,414.65266496242646,7
2024-09-19 09:46:43.248000,414.69841208286186,101
2024-09-19 09:46:43.351000,414.6858757375677,100
2024-09-19 09:46:43.389000,414.7428799520976,97
2024-09-19 09:46:43.393000,414.7129883486167,100
2024-09-19 09:46:43.495000,414.7189481625705,1002
2024-09-19 09:46:43.497000,414.7131043470508,103
2024-09-19 09:46:43.575000,414.7064310196367,9
2024-09-19 09:46:43.584000,414.72998756146126,95
2024-09-19 09:46:43.730000,414.7313431522252,13
2024-09-19 09:46:43.792000,414.7191076978046,1002
2024-09-19 09:46:43.833000,414.7138320284806,11
2024-09-19 09:46:43.846000,414.70156263456255,7
2024-09-19 09:46:43.934000,414.7212453570332,1005
2024-09-19 09:46:43.961000,414.73503608011856,100
2024-09-19 09:46:43.998000,414.7062501514781,15
2024-09-19 09:46:44.067000,414.6102022587157,97
2024-09-19 09:46:44.070000,414.63602801646687,5
2024-09-19 09:46:44.105000,414.6318369514804,999
2024-09-19 09:46:44.161000,414.62220704081,15
2024-09-19 09:46:44.210000,414.6147979311792,12
2024-09-19 09:46:44.220000,414.6253942157998,6
2024-09-19 09:46:44.251000,414.64471307326886,9
2024-09-19 09:46:44.263000,414.6419609275519,998
2024-09-19 09:46:44.360000,414.6342915584103,103
2024-09-19 09:46:44.614000,414.5979264731836,101
2024-09-19 09:46:44.689000,414.6156362165769,96
2024-09-19 09:46:44.718000,414.6397161254936,99
2024-09-19 09:46:44.719000,414.6376510435507,10
2024-09-19 09:46:44.935000,414.6360321592742,98
2024-09-19 09:46:44.951000,414.6154374714545,103
2024-09-19 09:46:45.085000,414.6499716923668,1002
2024-09-19 09:46:45.175000,414.6239214135528,1003
2024-09-19 09:46:45.275000,414.64857780531497,13
2024-09-19 09:46:45.313000,414.6279063849215,1001
2024-09-19 09:46:45.543000,414.6131411751649,1001
2024-09-19 09:46:45.608000,414.5905966149298,8
2024-09-19 09:46:45.671000,414.6199246432453,104
2024-09-19 09:46:45.775000,414.6340443306356,1002
2024-09-19 09:46:45.806000,414.6298486659346,6
2024-09-19 09:46:45.973000,414.63372365346,11
2024-09-19 09:46:45.999000,414.6262521865291,100
2024-09-19 09:46:46.081000,414.62912207253737,998
2024-09-19 09:46:46.442000,414.6608130073805,1002
2024-09-19 09:46:46.466000,414.67161533530737,10
2024-09-19 09:46:46.632000,414.6267828541424,98
2024-09-19 09:46:46.738000,414.64188957874825,15
2024-09-19 09:46:46.891000,414.6334453085112,102
2024-09-19 09:46:46.952000,414.64675434403017,6
2024-09-19 09:46:47.046000,414.6735768625309,1002
2024-09-19 09:46:47.521000,414.6978964612681,1000
2024-09-19 09:46:47.883000,414.68111755935473,104
2024-09-19 09:46:48.013000,414.7006684198215,102
2024-09-19 09:46:48.046000,414.68978317541126,105
2024-09-19 09:46:48.099000,414.6728798810181,14
2024-09-19 09:46:48.099000,414.6746813829311,997
2024-09-19 09:46:48.189000,414.6937395113558,6
2024-09-19 09:46:48.316000,414.6596292038384,1002
2024-09-19 09:46:48.408000,414.6830928135953,1003
2024-09-19 09:46:48.753000,414.6938772953882,13
2024-09-19 09:46:48.761000,414.6922228430354,100
2024-09-19 09:46:48.781000,414.68945165209936,102
2024-09-19 09:46:48.836000,414.6726186193349,13
2024-09-19 09:46:48.850000,414.6922499596391,1002
2024-09-19 09:46:48.896000,414.6750910620244,998
2024-09-19 09:46:49.298000,414.68519972092616,1003
2024-09-19 09:46:49.311000,414.6612265311474,9
2024-09-19 09:46:49.481000,414.675032401023,5
2024-09-19 09:46:49.560000,414.7166821737584,13
2024-09-19 09:46:49.759000,414.6496122218545,7
2024-09-19 09:46:49.791000,414.6956484843879,6
2024-09-19 09:46:49.882000,414.6602963596681,1000
2024-09-19 09:46:49.918000,414.7236986029754,100
2024-09-19 09:46:50,414.7512081691722,13
2024-09-19 09:46:50.136000,414.7510073634984,6
2024-09-19 09:46:50.332000,414.7163083253498,7
2024-09-19 09:46:50.338000,414.71861207309297,996
2024-09-19 09:46:50.432000,414.76354575835177,10
2024-09-19 09:46:50.459000,414.72808743844513,13
2024-09-19 09:46:50.591000,414.75983800622464,7
2024-09-19 09:46:50.693000,414.75088400308965,1003
2024-09-19 09:46:50.781000,414.7500245184056,98
2024-09-19 09:46:50.907000,414.7251675571279,1005
2024-09-19 09:46:51.007000,414.66534566445137,98
2024-09-19 09:46:51.111000,414.642453628844,105
2024-09-19 09:46:51.212000,414.6764892961517,103
2024-09-19 09:46:51.393000,414.6877284666762,11
2024-09-19 09:46:51.456000,414.63832614469743,99
2024-09-19 09:46:51.468000,414.659619822302,99
2024-09-19 09:46:51.476000,414.6624885999322,996
2024-09-19 09:46:51.496000,414.6379718550758,13
2024-09-19 09:46:51.653000,414.63558462030335,999
2024-09-19 09:46:51.832000,414.66616595296847,98
2024-09-19 09:46:51.839000,414.6866392619536,96
2024-09-19 09:46:51.874000,414.6818130088576,15
2024-09-19 09:46:51.948000,414.7028482453128,7
2024-09-19 09:46:51.955000,414.71543972109856,14
2024-09-19 09:46:51.988000,414.6601132939497,1004
2024-09-19 09:46:52.090000,414.667232093601,999
2024-09-19 09:46:52.157000,414.6566353675136,1003
2024-09-19 09:46:52.189000,414.66666907624216,96
2024-09-19 09:46:52.570000,414.6724978604247,1004
2024-09-19 09:46:52.695000,414.6569598678528,11
2024-09-19 09:46:53.083000,414.7042929077789,98
2024-09-19 09:46:53.379000,414.7366005979546,995
2024-09-19 09:46:53.395000,414.7175001468013,999
2024-09-19 09:46:53.556000,414.7155371164569,1003
2024-09-19 09:46:53.599000,414.6893284656017,1003
2024-09-19 09:46:53.723000,414.742084157058,100
2024-09-19 09:46:53.852000,414.6920886661288,1005
2024-09-19 09:46:53.881000,414.6983166622705,12
2024-09-19 09:46:53.916000,414.7355593094665,995
2024-09-19 09:46:53.943000,414.70923371323966,7
2024-09-19 09:46:53.944000,414.7042175755609,97
2024-09-19 09:46:54.136000,414.768995678719,13
2024-09-19 09:46:54.256000,414.7701773309936,97
2024-09-19 09:46:54.302000,414.7695870250088,96
2024-09-19 09:46:54.334000,414.77435223463226,15
2024-09-19 09:46:54.349000,414.7605794307668,98
2024-09-19 09:46:54.359000,414.7518788772227,1002
2024-09-19 09:46:54.501000,414.7518685249766,102
2024-09-19 09:46:54.714000,414.761684149086,5
2024-09-19 09:46:54.731000,414.7689651502429,1000
2024-09-19 09:46:54.743000,414.7427749668929,96
2024-09-19 09:46:54.824000,414.7518645178933,13
2024-09-19 09:46:54.836000,414.76613974541897,1004
2024-09-19 09:46:54.836000,414.7534479609397,8
2024-09-19 09:46:54.870000,414.7636459110232,10
2024-09-19 09:46:54.923000,414.7500969915564,999
2024-09-19 09:46:55.076000,414.76905840930567,103
2024-09-19 09:46:55.251000,414.7404484237086,9
2024-09-19 09:46:55.257000,414.7712677993976,1004
2024-09-19 09:46:55.301000,414.75031524948406,6
2024-09-19 09:46:55.408000,414.7719174439249,998
2024-09-19 09:46:55.552000,414.7682382061132,103
2024-09-19 09:46:55.581000,414.7499297686684,14
2024-09-19 09:46:55.601000,414.750780833856,1000
2024-09-19 09:46:55.636000,414.7304291322498,95
2024-09-19 09:46:55.643000,414.7666168934749,997
2024-09-19 09:46:55.646000,414.7567565560662,96
2024-09-19 09:46:55.792000,414.76886246667766,12
2024-09-19 09:46:55.869000,414.7528059535804,5
2024-09-19 09:46:55.969000,414.7458836215283,96
2024-09-19 09:46:55.988000,414.7434550722697,997
2024-09-19 09:46:56.003000,414.7100954152049,9
2024-09-19 09:46:56.207000,414.7341596670904,105
2024-09-19 09:46:56.273000,414.76649063989487,105
2024-09-19 09:46:56.471000,414.7200242705188,1004
2024-09-19 09:46:56.520000,414.743414152377,97
2024-09-19 09:46:56.525000,414.7149724476835,101
2024-09-19 09:46:56.548000,414.72782542254623,13
2024-09-19 09:46:56.555000,414.7480287387857,12
2024-09-19 09:46:56.571000,414.7532607954368,97
2024-09-19 09:46:56.678000,414.7156977964757,98
2024-09-19 09:46:56.788000,414.7228697481205,1000
2024-09-19 09:46:56.870000,414.7638962990759,1002
2024-09-19 09:46:57.127000,414.7480009623272,1003
2024-09-19 09:46:57.227000,414.72276642837954,996
2024-09-19 09:46:57.618000,414.72996860039945,14
2024-09-19 09:46:58.019000,414.7212833400582,104
2024-09-19 09:46:58.330000,414.7100840811747,14
2024-09-19 09:46:58.368000,414.7076821212358,996
2024-09-19 09:46:58.397000,414.6930620182183,998
2024-09-19 09:46:58.434000,414.7114113449709,997
2024-09-19 09:46:58.555000,414.7011251649243,98
2024-09-19 09:46:58.590000,414.7094763233182,1004
2024-09-19 09:46:58.664000,414.7590416957659,101
2024-09-19 09:46:58.696000,414.706777403672,100
2024-09-19 09:46:58.829000,414.7395340541213,999
2024-09-19 09:46:58.995000,414.7200734866191,999
2024-09-19 09:46:59.201000,414.7557710689153,999
2024-09-19 09:46:59.232000,414.7554279817905,103
2024-09-19 09:46:59.993000,414.76164913566055,998
