Timestamp,Price,Size
2024-09-19 12:27:00.001000,423.5718885665664,6
2024-09-19 12:27:00.019000,423.6543706324398,12
2024-09-19 12:27:00.033000,423.5609701228249,103
2024-09-19 12:27:00.192000,423.64088691781456,9
2024-09-19 12:27:00.271000,423.6157330371626,101
2024-09-19 12:27:00.328000,423.5976058300497,14
2024-09-19 12:27:00.383000,423.6055221224826,13
2024-09-19 12:27:00.384000,423.6273354040432,104
2024-09-19 12:27:00.392000,423.5721184788762,12
2024-09-19 12:27:00.478000,423.61327281600114,1003
2024-09-19 12:27:00.491000,423.62188663816704,12
2024-09-19 12:27:00.502000,423.5926101236268,995
2024-09-19 12:27:00.519000,423.59077653768014,100
2024-09-19 12:27:00.526000,423.641994621478,1002
2024-09-19 12:27:00.566000,423.60204034823056,5
2024-09-19 12:27:00.625000,423.6512479277736,6
2024-09-19 12:27:00.660000,423.60612761979866,9
2024-09-19 12:27:00.829000,423.6416869458914,97
2024-09-19 12:27:00.899000,423.619892448457,104
2024-09-19 12:27:00.969000,423.5922277303735,103
2024-09-19 12:27:01.096000,423.64740484688303,102
2024-09-19 12:27:01.142000,423.6956881166476,5
2024-09-19 12:27:01.170000,423.7534962385408,999
2024-09-19 12:27:01.224000,423.7051023508429,7
2024-09-19 12:27:01.225000,423.6345566314968,11
2024-09-19 12:27:01.246000,423.61885767248896,1005
2024-09-19 12:27:01.276000,423.7686598996971,999
2024-09-19 12:27:01.312000,423.65427549663815,6
2024-09-19 12:27:01.341000,423.658486836988,1004
2024-09-19 12:27:01.365000,423.729612480388,10
2024-09-19 12:27:01.395000,423.71429718648415,1005
2024-09-19 12:27:01.421000,423.6624070649464,8
2024-09-19 12:27:01.484000,423.70164661084266,102
2024-09-19 12:27:01.489000,423.6225626657181,95
2024-09-19 12:27:01.557000,423.7146875038802,105
2024-09-19 12:27:01.571000,423.61798211008687,102
2024-09-19 12:27:01.605000,423.6556428507009,99
2024-09-19 12:27:01.623000,423.7207557769142,995
2024-09-19 12:27:01.636000,423.64167857054974,7
2024-09-19 12:27:01.854000,423.6578729006197,1004
2024-09-19 12:27:01.868000,423.6387958927214,996
2024-09-19 12:27:01.911000,423.7007208031527,8
2024-09-19 12:27:01.962000,423.65652230099175,1001
2024-09-19 12:27:01.966000,423.62851921332384,996
2024-09-19 12:27:02.121000,423.7767667990613,1001
2024-09-19 12:27:02.363000,423.7390352253951,7
2024-09-19 12:27:02.548000,423.7494084661876,99
2024-09-19 12:27:02.656000,423.76733124684273,13
2024-09-19 12:27:02.750000,423.7743978699576,1004
2024-09-19 12:27:02.814000,423.7442770159759,10
2024-09-19 12:27:02.977000,423.7767588740268,999
2024-09-19 12:27:02.992000,423.77248383297103,105
2024-09-19 12:27:03.063000,423.78137136196335,99
2024-09-19 12:27:03.076000,423.76687137970873,101
2024-09-19 12:27:03.114000,423.7439721869932,7
2024-09-19 12:27:03.156000,423.7654973478463,13
2024-09-19 12:27:03.171000,423.8308783016454,95
2024-09-19 12:27:03.220000,423.8091439056334,996
2024-09-19 12:27:03.234000,423.7515050012343,14
2024-09-19 12:27:03.264000,423.7942890221376,999
2024-09-19 12:27:03.349000,423.85373082331097,1005
2024-09-19 12:27:03.351000,423.7690791844632,997
2024-09-19 12:27:03.498000,423.8027398486509,1002
2024-09-19 12:27:03.504000,423.7962555798351,96
2024-09-19 12:27:03.527000,423.8132916550745,996
2024-09-19 12:27:03.539000,423.81286573486193,99
2024-09-19 12:27:03.620000,423.79027927733625,7
2024-09-19 12:27:03.798000,423.84214597560367,996
2024-09-19 12:27:03.849000,423.8522160643416,7
2024-09-19 12:27:03.876000,423.8283865910885,1001
2024-09-19 12:27:03.887000,423.7713798736877,102
2024-09-19 12:27:03.909000,423.8534343340583,98
2024-09-19 12:27:03.961000,423.83316148376366,10
2024-09-19 12:27:03.998000,423.8529372479708,1005
2024-09-19 12:27:04.188000,423.7038554437179,10
2024-09-19 12:27:04.238000,423.70538000069735,1001
2024-09-19 12:27:04.688000,423.7469363510782,9
2024-09-19 12:27:04.710000,423.77051574972177,6
2024-09-19 12:27:04.868000,423.7157142722188,11
2024-09-19 12:27:04.936000,423.77758885678577,98
2024-09-19 12:27:04.960000,423.6942313477853,5
2024-09-19 12:27:05.104000,423.6573730661694,15
2024-09-19 12:27:05.124000,423.6876243207216,97
2024-09-19 12:27:05.128000,423.6782005696592,1003
2024-09-19 12:27:05.148000,423.6888604615327,1005
2024-09-19 12:27:05.169000,423.68449051648696,103
2024-09-19 12:27:05.189000,423.6747260027093,105
2024-09-19 12:27:05.246000,423.6579153291603,15
2024-09-19 12:27:05.252000,423.6670538660724,999
2024-09-19 12:27:05.272000,423.67917979778014,15
2024-09-19 12:27:05.279000,423.6602058409166,104
2024-09-19 12:27:05.324000,423.6640150522448,104
2024-09-19 12:27:05.491000,423.6374610111066,14
2024-09-19 12:27:05.522000,423.6403388318152,7
2024-09-19 12:27:05.596000,423.6700747725504,14
2024-09-19 12:27:05.598000,423.6893261347825,7
2024-09-19 12:27:05.609000,423.6557557718932,10
2024-09-19 12:27:05.636000,423.64632123002974,9
2024-09-19 12:27:05.636000,423.6668667477701,1001
2024-09-19 12:27:05.651000,423.6914256886198,1005
2024-09-19 12:27:05.680000,423.6668950824767,997
2024-09-19 12:27:05.751000,423.6823469110264,104
2024-09-19 12:27:05.756000,423.6908440048439,8
2024-09-19 12:27:05.759000,423.6603370776819,999
2024-09-19 12:27:05.777000,423.6453956170684,1004
2024-09-19 12:27:05.788000,423.6699944432295,998
2024-09-19 12:27:05.795000,423.6864287327364,1001
2024-09-19 12:27:05.836000,423.6547670947949,105
2024-09-19 12:27:05.856000,423.6684079890753,105
2024-09-19 12:27:06.185000,423.69306984449634,1000
2024-09-19 12:27:06.221000,423.687475661843,998
2024-09-19 12:27:06.267000,423.7080426651431,99
2024-09-19 12:27:06.287000,423.6888346348079,13
2024-09-19 12:27:06.422000,423.6732837216944,12
2024-09-19 12:27:06.516000,423.6872866007845,997
2024-09-19 12:27:06.526000,423.6967248107192,10
2024-09-19 12:27:06.643000,423.69265907036095,995
2024-09-19 12:27:06.663000,423.6822750360896,12
2024-09-19 12:27:06.861000,423.6883208244741,999
2024-09-19 12:27:07.003000,423.73756096197553,9
2024-09-19 12:27:07.108000,423.7366314028109,1005
2024-09-19 12:27:07.109000,423.6700596266064,9
2024-09-19 12:27:07.155000,423.7320255842908,10
2024-09-19 12:27:07.163000,423.6790201618977,998
2024-09-19 12:27:07.166000,423.7428919299923,6
2024-09-19 12:27:07.238000,423.679218400849,1004
2024-09-19 12:27:07.240000,423.68880030369377,996
2024-09-19 12:27:07.249000,423.6812135288363,12
2024-09-19 12:27:07.389000,423.6811026172221,1004
2024-09-19 12:27:07.423000,423.7451869346236,96
2024-09-19 12:27:07.448000,423.6925134032844,7
2024-09-19 12:27:07.475000,423.705081738706,15
2024-09-19 12:27:07.537000,423.6789972254859,1003
2024-09-19 12:27:07.600000,423.7317574892752,99
2024-09-19 12:27:07.622000,423.7144244253987,104
2024-09-19 12:27:07.731000,423.7427920332091,103
2024-09-19 12:27:07.831000,423.7103337233496,14
2024-09-19 12:27:07.845000,423.72495696548975,105
2024-09-19 12:27:07.879000,423.7241736519577,996
2024-09-19 12:27:07.959000,423.7179221748565,997
2024-09-19 12:27:07.960000,423.6598734727786,1005
2024-09-19 12:27:07.963000,423.7348651521244,100
2024-09-19 12:27:07.993000,423.6513231597437,1001
2024-09-19 12:27:08.034000,423.657479867529,995
2024-09-19 12:27:08.053000,423.68544602822425,15
2024-09-19 12:27:08.062000,423.6897011931263,997
2024-09-19 12:27:08.071000,423.6745156888401,1000
2024-09-19 12:27:08.077000,423.6637086837427,999
2024-09-19 12:27:08.099000,423.6468272799999,9
2024-09-19 12:27:08.206000,423.6550022932572,10
2024-09-19 12:27:08.233000,423.6919311217774,1004
2024-09-19 12:27:08.237000,423.6369762477121,5
2024-09-19 12:27:08.259000,423.64577356581407,95
2024-09-19 12:27:08.386000,423.6486612326519,1001
2024-09-19 12:27:08.400000,423.65220709708746,10
2024-09-19 12:27:08.488000,423.6505119703228,10
2024-09-19 12:27:08.490000,423.6538821555824,96
2024-09-19 12:27:08.608000,423.6594338505044,99
2024-09-19 12:27:08.637000,423.6442753891576,5
2024-09-19 12:27:08.640000,423.6810010182271,104
2024-09-19 12:27:08.663000,423.66009855863,1002
2024-09-19 12:27:08.882000,423.6886834810547,11
2024-09-19 12:27:08.901000,423.6704022720035,95
2024-09-19 12:27:08.969000,423.6987319760772,5
2024-09-19 12:27:09.024000,423.7678620972746,9
2024-09-19 12:27:09.121000,423.7966781597149,7
2024-09-19 12:27:09.124000,423.7351481288936,998
2024-09-19 12:27:09.159000,423.6940145509279,103
2024-09-19 12:27:09.265000,423.7781939208588,995
2024-09-19 12:27:09.302000,423.7383197772973,1002
2024-09-19 12:27:09.317000,423.7582356566602,1000
2024-09-19 12:27:09.339000,423.7442855960002,998
2024-09-19 12:27:09.344000,423.7714038033968,96
2024-09-19 12:27:09.346000,423.79620967162407,1002
2024-09-19 12:27:09.404000,423.73116901620347,1000
2024-09-19 12:27:09.408000,423.75271597044014,999
2024-09-19 12:27:09.449000,423.7160191701975,1001
2024-09-19 12:27:09.496000,423.707008092709,1001
2024-09-19 12:27:09.617000,423.725925200497,1000
2024-09-19 12:27:09.631000,423.6783440696587,996
2024-09-19 12:27:09.682000,423.6819589102405,1004
2024-09-19 12:27:09.689000,423.7142601411846,996
2024-09-19 12:27:09.695000,423.7352124383407,1001
2024-09-19 12:27:09.723000,423.7621409359821,5
2024-09-19 12:27:09.770000,423.6876743297834,12
2024-09-19 12:27:09.839000,423.72990898751874,105
2024-09-19 12:27:09.872000,423.72654414926166,100
2024-09-19 12:27:09.909000,423.7873483665453,1004
2024-09-19 12:27:09.914000,423.7923844777053,12
2024-09-19 12:27:09.955000,423.7453814536214,8
2024-09-19 12:27:10.050000,423.6871022264238,996
2024-09-19 12:27:10.129000,423.76639914635535,1002
2024-09-19 12:27:10.145000,423.6916757314602,95
2024-09-19 12:27:10.149000,423.7262320496162,997
2024-09-19 12:27:10.302000,423.6593282460327,5
2024-09-19 12:27:10.463000,423.7035120642468,14
2024-09-19 12:27:10.466000,423.6678438845316,7
2024-09-19 12:27:10.478000,423.7593756342845,7
2024-09-19 12:27:10.562000,423.684925384397,1004
2024-09-19 12:27:10.597000,423.6808203631971,97
2024-09-19 12:27:10.699000,423.6816190617289,98
2024-09-19 12:27:10.823000,423.68497733402336,5
2024-09-19 12:27:11.210000,423.7566189623688,5
2024-09-19 12:27:11.333000,423.7842971452777,101
2024-09-19 12:27:11.618000,423.7689633129593,103
2024-09-19 12:27:11.624000,423.7818932109476,1001
2024-09-19 12:27:11.633000,423.77206546579816,1003
2024-09-19 12:27:11.760000,423.7792647990608,9
2024-09-19 12:27:11.808000,423.76667837746896,15
2024-09-19 12:27:12.022000,423.8047618479687,1003
2024-09-19 12:27:12.124000,423.86708666322767,15
2024-09-19 12:27:12.167000,423.89569813225086,5
2024-09-19 12:27:12.254000,423.8418225592461,7
2024-09-19 12:27:12.276000,423.7961172073676,8
2024-09-19 12:27:12.321000,423.8082824738068,998
2024-09-19 12:27:12.366000,423.8753496608989,998
2024-09-19 12:27:12.414000,423.87610741282936,5
2024-09-19 12:27:12.420000,423.8750623279285,99
2024-09-19 12:27:12.496000,423.8738259200962,102
2024-09-19 12:27:12.564000,423.8821995394968,997
2024-09-19 12:27:12.628000,423.819156734577,1003
2024-09-19 12:27:12.635000,423.89055137667134,100
2024-09-19 12:27:12.643000,423.87102334051895,95
2024-09-19 12:27:12.657000,423.8695585958173,5
2024-09-19 12:27:12.721000,423.7939574654796,98
2024-09-19 12:27:12.757000,423.7778857801546,6
2024-09-19 12:27:12.807000,423.8959558149731,996
2024-09-19 12:27:12.836000,423.8975009936788,15
2024-09-19 12:27:12.838000,423.7875127584842,996
2024-09-19 12:27:12.871000,423.8942155391696,997
2024-09-19 12:27:12.929000,423.80032288347695,999
2024-09-19 12:27:13.070000,423.8562685592508,95
2024-09-19 12:27:13.106000,423.8845788988421,15
2024-09-19 12:27:13.113000,423.8856181274639,997
2024-09-19 12:27:13.144000,423.8488535290813,98
2024-09-19 12:27:13.170000,423.88763637101937,98
2024-09-19 12:27:13.221000,423.8711819511395,998
2024-09-19 12:27:13.252000,423.8756314949608,14
2024-09-19 12:27:13.276000,423.89446824138975,100
2024-09-19 12:27:13.323000,423.8370997125891,101
2024-09-19 12:27:13.345000,423.8697453151023,104
2024-09-19 12:27:13.363000,423.8934593973474,100
2024-09-19 12:27:13.378000,423.8588968657055,995
2024-09-19 12:27:13.387000,423.905429800937,13
2024-09-19 12:27:13.468000,423.8494603332246,100
2024-09-19 12:27:13.500000,423.89012046616193,1001
2024-09-19 12:27:13.628000,423.895136501496,995
2024-09-19 12:27:13.661000,423.8407724086536,7
2024-09-19 12:27:13.700000,423.84402526296327,1003
2024-09-19 12:27:13.713000,423.886289725797,96
2024-09-19 12:27:13.742000,423.847448875079,103
2024-09-19 12:27:13.834000,423.8695820418832,1004
2024-09-19 12:27:13.968000,423.8695031866983,999
2024-09-19 12:27:14.007000,423.9134975139239,1002
2024-09-19 12:27:14.130000,423.8833988167953,102
2024-09-19 12:27:14.164000,423.8860174572745,997
2024-09-19 12:27:14.219000,423.9116327875782,105
2024-09-19 12:27:14.234000,423.8877912132891,99
2024-09-19 12:27:14.274000,423.8475368724423,95
2024-09-19 12:27:14.322000,423.8644593237988,8
2024-09-19 12:27:14.387000,423.8913538832681,102
2024-09-19 12:27:14.466000,423.9235291486871,1001
2024-09-19 12:27:14.506000,423.8728921417489,12
2024-09-19 12:27:14.566000,423.90838093337806,1002
2024-09-19 12:27:14.755000,423.897623361141,12
2024-09-19 12:27:14.787000,423.87556943672007,101
2024-09-19 12:27:14.808000,423.899698225796,14
2024-09-19 12:27:14.889000,423.92582058325166,11
2024-09-19 12:27:14.898000,423.8815447266637,12
2024-09-19 12:27:14.930000,423.8903546533599,5
2024-09-19 12:27:14.936000,423.8911076997127,996
2024-09-19 12:27:14.942000,423.9071765990822,103
2024-09-19 12:27:15.118000,423.8714526122968,6
2024-09-19 12:27:15.261000,423.9034953821168,999
2024-09-19 12:27:15.544000,423.916213919826,9
2024-09-19 12:27:15.585000,423.9152027730923,14
2024-09-19 12:27:15.597000,423.8987905814229,95
2024-09-19 12:27:15.675000,423.91332552818807,97
2024-09-19 12:27:15.691000,423.8877147857277,1005
2024-09-19 12:27:15.921000,423.90126744638127,1005
2024-09-19 12:27:15.967000,423.8987739273082,104
2024-09-19 12:27:16.413000,423.8972581154968,9
2024-09-19 12:27:16.866000,423.8908180544942,101
2024-09-19 12:27:17.056000,423.8787698057013,999
2024-09-19 12:27:17.398000,423.89104911540136,5
2024-09-19 12:27:17.511000,423.8920600293825,11
2024-09-19 12:27:18,423.9012357071704,999
2024-09-19 12:27:18.005000,423.8949878437542,998
2024-09-19 12:27:18.024000,423.857737347949,14
2024-09-19 12:27:18.032000,423.92221249654426,14
2024-09-19 12:27:18.055000,423.8628338232705,97
2024-09-19 12:27:18.105000,423.9130265899798,105
2024-09-19 12:27:18.128000,423.93018330444994,8
2024-09-19 12:27:18.150000,423.9205351568265,100
2024-09-19 12:27:18.162000,423.8647475904415,95
2024-09-19 12:27:18.254000,423.9151105826621,996
2024-09-19 12:27:18.261000,423.8821963373467,10
2024-09-19 12:27:18.276000,423.9083785952822,15
2024-09-19 12:27:18.347000,423.9155319954453,97
2024-09-19 12:27:18.456000,423.9034108182576,6
2024-09-19 12:27:18.489000,423.8795099792216,1003
2024-09-19 12:27:18.535000,423.9175495795628,11
2024-09-19 12:27:18.749000,423.85975557621856,12
2024-09-19 12:27:18.753000,423.8790201312228,99
2024-09-19 12:27:18.817000,423.9036024798585,102
2024-09-19 12:27:18.878000,423.9023894391375,10
2024-09-19 12:27:18.905000,423.9058486685766,13
2024-09-19 12:27:18.942000,423.9162795577257,96
2024-09-19 12:27:18.945000,423.9265166681248,9
2024-09-19 12:27:19.078000,423.9205863858465,9
2024-09-19 12:27:19.079000,423.956141589448,105
2024-09-19 12:27:19.083000,423.8961704446815,995
2024-09-19 12:27:19.087000,423.89184500540034,1003
2024-09-19 12:27:19.111000,423.9288406271594,6
2024-09-19 12:27:19.156000,423.9034968285448,13
2024-09-19 12:27:19.180000,423.9089597571078,14
2024-09-19 12:27:19.213000,423.8649583483893,96
2024-09-19 12:27:19.357000,423.9306390627471,995
2024-09-19 12:27:19.446000,423.9409946165608,102
2024-09-19 12:27:19.466000,423.8778652646787,13
2024-09-19 12:27:19.498000,423.89669152226406,96
2024-09-19 12:27:19.534000,423.885002991483,1002
2024-09-19 12:27:19.541000,423.9114146213727,101
2024-09-19 12:27:19.661000,423.8927164566048,11
2024-09-19 12:27:19.738000,423.9266358437683,10
2024-09-19 12:27:19.832000,423.8818875150821,1003
2024-09-19 12:27:19.844000,423.8982933466581,98
2024-09-19 12:27:19.862000,423.9228880959245,998
2024-09-19 12:27:19.877000,423.95583198680384,14
2024-09-19 12:27:19.979000,423.90125777614446,996
2024-09-19 12:27:20.010000,423.9208238509314,1005
2024-09-19 12:27:20.019000,423.9301066446957,998
2024-09-19 12:27:20.119000,423.9429546020804,105
2024-09-19 12:27:20.137000,423.8951389303704,8
2024-09-19 12:27:20.372000,423.9577515810888,100
2024-09-19 12:27:20.386000,423.88144067243456,996
2024-09-19 12:27:20.413000,423.8929809451867,95
2024-09-19 12:27:20.424000,423.885934919676,14
2024-09-19 12:27:20.456000,423.9542863454845,1003
2024-09-19 12:27:20.611000,423.9522907466307,15
2024-09-19 12:27:20.875000,423.9670963006714,1004
2024-09-19 12:27:21.005000,423.90157822821726,1002
2024-09-19 12:27:21.223000,423.8681624166424,1002
2024-09-19 12:27:21.462000,423.8732042924668,999
2024-09-19 12:27:21.508000,423.90207482086,12
2024-09-19 12:27:21.511000,423.8944940647469,101
2024-09-19 12:27:21.870000,423.88291256392273,104
2024-09-19 12:27:21.881000,423.855587292246,104
2024-09-19 12:27:22.041000,423.8784568452023,10
2024-09-19 12:27:22.057000,423.8429734240418,996
2024-09-19 12:27:22.203000,423.8659749511993,14
2024-09-19 12:27:22.337000,423.8807850865891,1001
2024-09-19 12:27:22.373000,423.8460065387962,996
2024-09-19 12:27:22.437000,423.8776747871588,8
2024-09-19 12:27:22.492000,423.85466604992257,13
2024-09-19 12:27:22.513000,423.8743673333811,1003
2024-09-19 12:27:22.856000,423.8742059138455,13
2024-09-19 12:27:23.012000,423.8835977987233,105
2024-09-19 12:27:23.124000,423.8882400073348,5
2024-09-19 12:27:23.129000,423.824785938961,1005
2024-09-19 12:27:23.139000,423.8556344071052,6
2024-09-19 12:27:23.537000,423.8439362060336,9
2024-09-19 12:27:23.585000,423.8654010892792,100
2024-09-19 12:27:23.597000,423.8664192673542,10
2024-09-19 12:27:23.788000,423.839788489819,995
2024-09-19 12:27:23.805000,423.857298504574,6
2024-09-19 12:27:23.971000,423.8705571289106,96
2024-09-19 12:27:24.023000,423.8363218777,14
2024-09-19 12:27:24.139000,423.8084808551288,105
2024-09-19 12:27:24.225000,423.8277090194343,6
2024-09-19 12:27:24.311000,423.8220382050101,99
2024-09-19 12:27:24.335000,423.8178130062826,102
2024-09-19 12:27:24.344000,423.8244080847909,997
2024-09-19 12:27:24.422000,423.8099997850681,996
2024-09-19 12:27:24.432000,423.8201751209736,14
2024-09-19 12:27:24.473000,423.8410857538528,98
2024-09-19 12:27:24.485000,423.8385317546226,99
2024-09-19 12:27:24.536000,423.8200756332008,97
2024-09-19 12:27:24.770000,423.8128511191428,97
2024-09-19 12:27:24.792000,423.8222776682962,5
2024-09-19 12:27:24.832000,423.80240506448666,10
2024-09-19 12:27:24.917000,423.8575019269268,105
2024-09-19 12:27:25.014000,423.7522676675176,104
2024-09-19 12:27:25.043000,423.7992810328316,6
2024-09-19 12:27:25.051000,423.7619272107548,103
2024-09-19 12:27:25.341000,423.7876309052533,105
2024-09-19 12:27:25.546000,423.7261362169762,103
2024-09-19 12:27:25.621000,423.7293303844213,13
2024-09-19 12:27:25.657000,423.7485187987184,995
2024-09-19 12:27:25.731000,423.75699230851234,1001
2024-09-19 12:27:25.818000,423.7606318274615,15
2024-09-19 12:27:25.820000,423.7504046650513,10
2024-09-19 12:27:25.924000,423.7975395184383,100
2024-09-19 12:27:25.959000,423.734047525529,102
2024-09-19 12:27:26.054000,423.8039257056016,103
2024-09-19 12:27:26.093000,423.7440984493229,95
2024-09-19 12:27:26.097000,423.7861858877336,7
2024-09-19 12:27:26.142000,423.8093919052042,6
2024-09-19 12:27:26.160000,423.7676843454219,96
2024-09-19 12:27:26.175000,423.7159533701834,996
2024-09-19 12:27:26.206000,423.80850106345054,1000
2024-09-19 12:27:26.294000,423.8152862628895,15
2024-09-19 12:27:26.330000,423.8065562863494,1000
2024-09-19 12:27:26.346000,423.8057405685406,9
2024-09-19 12:27:26.402000,423.8331475881265,99
2024-09-19 12:27:26.446000,423.7748088979369,96
2024-09-19 12:27:26.510000,423.78123755968585,98
2024-09-19 12:27:26.545000,423.8293912832584,6
2024-09-19 12:27:26.554000,423.7273951936319,98
2024-09-19 12:27:26.596000,423.8133349567518,6
2024-09-19 12:27:26.630000,423.71104150476447,11
2024-09-19 12:27:26.672000,423.8164070027888,1000
2024-09-19 12:27:26.675000,423.8135724369471,14
2024-09-19 12:27:26.745000,423.81856410917953,1000
2024-09-19 12:27:26.775000,423.7530376969374,96
2024-09-19 12:27:26.816000,423.8130153368985,15
2024-09-19 12:27:26.828000,423.81734908203305,104
2024-09-19 12:27:26.836000,423.8183786855311,6
2024-09-19 12:27:26.938000,423.7070734087293,98
2024-09-19 12:27:26.987000,423.7929450145743,12
2024-09-19 12:27:27.020000,423.6960278785908,1003
2024-09-19 12:27:27.082000,423.6665963865137,1003
2024-09-19 12:27:27.094000,423.7215532701943,15
2024-09-19 12:27:27.125000,423.7049382225391,1005
2024-09-19 12:27:27.135000,423.7139026602583,97
2024-09-19 12:27:27.162000,423.79863953734,11
2024-09-19 12:27:27.180000,423.7039450600296,102
2024-09-19 12:27:27.229000,423.7088273547029,96
2024-09-19 12:27:27.230000,423.7190892945701,105
2024-09-19 12:27:27.267000,423.69521775551215,11
2024-09-19 12:27:27.270000,423.67254431608205,1004
2024-09-19 12:27:27.278000,423.7552549364706,9
2024-09-19 12:27:27.302000,423.7352662934353,105
2024-09-19 12:27:27.366000,423.71386272072186,1000
2024-09-19 12:27:27.397000,423.6980181467804,10
2024-09-19 12:27:27.403000,423.8045624416277,96
2024-09-19 12:27:27.499000,423.7760398559772,9
2024-09-19 12:27:27.579000,423.7127765079055,14
2024-09-19 12:27:27.591000,423.6968576126978,13
2024-09-19 12:27:27.592000,423.70082651189966,100
2024-09-19 12:27:27.601000,423.7299765611869,98
2024-09-19 12:27:27.663000,423.69386504186434,105
2024-09-19 12:27:27.710000,423.8034823652009,999
2024-09-19 12:27:27.727000,423.7854041501967,995
2024-09-19 12:27:27.800000,423.67470632288416,104
2024-09-19 12:27:27.891000,423.68685249251297,10
2024-09-19 12:27:27.922000,423.7524545290835,1003
2024-09-19 12:27:27.954000,423.7087047655296,99
2024-09-19 12:27:27.962000,423.6897545207176,8
2024-09-19 12:27:28.133000,423.71179189092464,103
2024-09-19 12:27:28.342000,423.7193098944553,98
2024-09-19 12:27:28.354000,423.7125331446292,97
2024-09-19 12:27:28.376000,423.673545662081,98
2024-09-19 12:27:28.469000,423.6689424040768,999
2024-09-19 12:27:28.488000,423.7200012154888,995
2024-09-19 12:27:28.532000,423.6999604836304,103
2024-09-19 12:27:28.536000,423.7053317330784,999
2024-09-19 12:27:28.640000,423.7290445671289,97
2024-09-19 12:27:28.661000,423.7427614566927,998
2024-09-19 12:27:28.709000,423.7350428375949,997
2024-09-19 12:27:28.769000,423.66694645186334,104
2024-09-19 12:27:28.806000,423.7049426976022,103
2024-09-19 12:27:29.191000,423.7456785204744,1001
2024-09-19 12:27:29.253000,423.714590733321,995
2024-09-19 12:27:29.798000,423.7119741056304,101
2024-09-19 12:27:29.825000,423.7235343843367,1003
2024-09-19 12:27:29.909000,423.7248753734402,1001
2024-09-19 12:27:29.981000,423.7131010520055,101
2024-09-19 12:27:30,423.7358486329689,1002
2024-09-19 12:27:30.134000,423.75497740355047,13
2024-09-19 12:27:30.227000,423.7296563283379,13
2024-09-19 12:27:30.247000,423.69617518276976,6
2024-09-19 12:27:30.262000,423.7387249503361,5
2024-09-19 12:27:30.277000,423.7458040786101,103
2024-09-19 12:27:30.360000,423.7313263702222,11
2024-09-19 12:27:30.558000,423.74003248174375,997
2024-09-19 12:27:30.630000,423.7193520808903,100
2024-09-19 12:27:30.764000,423.75183279482536,103
2024-09-19 12:27:30.918000,423.7351519995552,7
2024-09-19 12:27:31.102000,423.6498012622724,15
2024-09-19 12:27:31.106000,423.6721954149867,12
2024-09-19 12:27:31.167000,423.7139096334995,9
2024-09-19 12:27:31.261000,423.6769019672915,7
2024-09-19 12:27:31.328000,423.69595903080153,998
2024-09-19 12:27:31.330000,423.7017558498696,997
2024-09-19 12:27:31.346000,423.7042287749366,999
2024-09-19 12:27:31.391000,423.681659764657,9
2024-09-19 12:27:31.439000,423.69400054052176,103
2024-09-19 12:27:31.556000,423.6805896669436,996
2024-09-19 12:27:31.566000,423.6390745798227,105
2024-09-19 12:27:31.586000,423.6948040215209,1001
2024-09-19 12:27:31.593000,423.7413883706362,98
2024-09-19 12:27:31.617000,423.70046959905744,99
2024-09-19 12:27:31.665000,423.6831938788767,1005
2024-09-19 12:27:31.792000,423.62809043261177,1005
2024-09-19 12:27:31.805000,423.7309278053674,999
2024-09-19 12:27:31.814000,423.70774044547295,104
2024-09-19 12:27:31.854000,423.7141596429285,98
2024-09-19 12:27:31.890000,423.65098351591473,98
2024-09-19 12:27:31.935000,423.69773425654745,13
2024-09-19 12:27:31.954000,423.70393892974187,98
2024-09-19 12:27:31.960000,423.6897853859252,1003
2024-09-19 12:27:32.091000,423.7036961817453,995
2024-09-19 12:27:32.139000,423.7358063511487,15
2024-09-19 12:27:32.173000,423.73839531000016,7
2024-09-19 12:27:32.237000,423.749830885012,1001
2024-09-19 12:27:32.251000,423.68852444110337,100
2024-09-19 12:27:32.290000,423.7407688554484,96
2024-09-19 12:27:32.301000,423.6859945049218,105
2024-09-19 12:27:32.330000,423.6890103441641,13
2024-09-19 12:27:32.345000,423.72512179401286,98
2024-09-19 12:27:32.355000,423.7340399504079,100
2024-09-19 12:27:32.409000,423.69469868000857,9
2024-09-19 12:27:32.426000,423.7603321464975,15
2024-09-19 12:27:32.433000,423.7201892302903,105
2024-09-19 12:27:32.464000,423.7608148932197,997
2024-09-19 12:27:32.476000,423.7697676422054,104
2024-09-19 12:27:32.486000,423.6936937106352,97
2024-09-19 12:27:32.531000,423.7284878347986,9
2024-09-19 12:27:32.578000,423.73148187025424,14
2024-09-19 12:27:32.636000,423.76441054344986,99
2024-09-19 12:27:32.719000,423.73370183568994,12
2024-09-19 12:27:32.820000,423.74911380448896,10
2024-09-19 12:27:32.850000,423.6961433357537,102
2024-09-19 12:27:32.885000,423.7478419816824,13
2024-09-19 12:27:32.898000,423.7315909494311,9
2024-09-19 12:27:32.947000,423.7602009846353,105
2024-09-19 12:27:33.030000,423.7772805757264,14
2024-09-19 12:27:33.043000,423.7611597536596,996
2024-09-19 12:27:33.153000,423.7535088652472,1002
2024-09-19 12:27:33.159000,423.7579865774015,12
2024-09-19 12:27:33.217000,423.75525115955145,96
2024-09-19 12:27:33.271000,423.7637323978295,100
2024-09-19 12:27:33.329000,423.7532806985896,996
2024-09-19 12:27:33.365000,423.7451961402924,1003
2024-09-19 12:27:33.417000,423.7486487006551,97
2024-09-19 12:27:33.463000,423.7507296478703,14
2024-09-19 12:27:33.523000,423.7465660499565,1000
2024-09-19 12:27:33.544000,423.7472376757298,1000
2024-09-19 12:27:33.613000,423.7540187225179,95
2024-09-19 12:27:33.866000,423.7646936831354,102
2024-09-19 12:27:33.904000,423.754836095851,99
2024-09-19 12:27:33.948000,423.7450539989377,1000
2024-09-19 12:27:33.949000,423.7624699465986,105
2024-09-19 12:27:33.985000,423.7510228630831,5
2024-09-19 12:27:34.117000,423.7602523015329,6
2024-09-19 12:27:34.212000,423.7436556357866,98
2024-09-19 12:27:34.356000,423.7412754983711,102
2024-09-19 12:27:34.641000,423.7379874878114,13
2024-09-19 12:27:34.841000,423.7359921034041,14
2024-09-19 12:27:34.858000,423.7302461369399,102
2024-09-19 12:27:34.977000,423.751025147085,102
2024-09-19 12:27:35.031000,423.743260957202,7
2024-09-19 12:27:35.489000,423.74636546486494,101
2024-09-19 12:27:35.766000,423.7339559085391,104
2024-09-19 12:27:36.026000,423.72897304844565,95
2024-09-19 12:27:36.080000,423.7490392034992,7
2024-09-19 12:27:36.098000,423.7479612477277,999
2024-09-19 12:27:36.172000,423.7565943899656,9
2024-09-19 12:27:36.226000,423.7312698247255,1004
2024-09-19 12:27:36.247000,423.7233698691964,5
2024-09-19 12:27:36.286000,423.72802213137146,105
2024-09-19 12:27:36.374000,423.7405278234143,1004
2024-09-19 12:27:36.377000,423.7339227957697,996
2024-09-19 12:27:36.381000,423.7487915835323,105
2024-09-19 12:27:36.412000,423.7127732962911,1001
2024-09-19 12:27:36.413000,423.732440744392,14
2024-09-19 12:27:36.475000,423.74056144622017,103
2024-09-19 12:27:36.493000,423.7678533241301,1002
2024-09-19 12:27:36.576000,423.75251059445446,7
2024-09-19 12:27:36.691000,423.7501007101226,99
2024-09-19 12:27:36.821000,423.7432235723521,105
2024-09-19 12:27:36.850000,423.7625519051359,998
2024-09-19 12:27:36.903000,423.7384142692056,98
2024-09-19 12:27:36.930000,423.7291838178423,103
2024-09-19 12:27:36.953000,423.7422783400801,99
2024-09-19 12:27:37.003000,423.81234596544175,9
2024-09-19 12:27:37.011000,423.7655149522808,95
2024-09-19 12:27:37.040000,423.7207772077889,96
2024-09-19 12:27:37.315000,423.7378001374347,999
2024-09-19 12:27:37.429000,423.8078800252166,8
2024-09-19 12:27:37.481000,423.730798213087,99
2024-09-19 12:27:37.584000,423.7484889589566,98
2024-09-19 12:27:37.653000,423.7516408178498,95
2024-09-19 12:27:37.690000,423.7790193278431,999
2024-09-19 12:27:37.712000,423.7420436165406,14
2024-09-19 12:27:37.749000,423.8170182242704,104
2024-09-19 12:27:37.757000,423.77630188512205,996
2024-09-19 12:27:37.837000,423.7487226973363,996
2024-09-19 12:27:37.880000,423.72416746385096,14
2024-09-19 12:27:37.918000,423.78280510642537,104
2024-09-19 12:27:37.927000,423.7900445822377,100
2024-09-19 12:27:38.350000,423.800424125118,15
2024-09-19 12:27:39.086000,423.8131361176662,104
2024-09-19 12:27:39.141000,423.82608517611845,9
2024-09-19 12:27:39.168000,423.835407547671,1005
2024-09-19 12:27:39.181000,423.7715314704283,13
2024-09-19 12:27:39.247000,423.7876869955792,1001
2024-09-19 12:27:39.254000,423.84032033277015,9
2024-09-19 12:27:39.256000,423.79611348501305,997
2024-09-19 12:27:39.294000,423.8164002993888,1005
2024-09-19 12:27:39.313000,423.816978239072,12
2024-09-19 12:27:39.396000,423.81188066534986,997
2024-09-19 12:27:39.433000,423.8451900767054,10
2024-09-19 12:27:39.457000,423.78364938127936,96
2024-09-19 12:27:39.581000,423.82461876720055,11
2024-09-19 12:27:39.601000,423.8277721901852,6
2024-09-19 12:27:39.643000,423.8317525222115,998
2024-09-19 12:27:39.658000,423.78781566416654,95
2024-09-19 12:27:39.773000,423.7884461844217,995
2024-09-19 12:27:39.842000,423.8182964137079,103
2024-09-19 12:27:39.872000,423.786698334578,6
2024-09-19 12:27:39.963000,423.8245835829389,14
2024-09-19 12:27:39.966000,423.8382359396697,103
2024-09-19 12:27:40.050000,423.7953221052962,12
2024-09-19 12:27:40.087000,423.7944999072316,1001
2024-09-19 12:27:40.126000,423.8077243241592,6
2024-09-19 12:27:40.141000,423.7747820993181,995
2024-09-19 12:27:40.200000,423.80578645145226,8
2024-09-19 12:27:40.274000,423.78221339929655,999
2024-09-19 12:27:40.315000,423.7987112599505,10
2024-09-19 12:27:40.337000,423.8019469383953,11
2024-09-19 12:27:40.374000,423.7888343203449,104
2024-09-19 12:27:40.429000,423.818628821345,7
2024-09-19 12:27:40.542000,423.783585235836,98
2024-09-19 12:27:40.638000,423.7706453401371,97
2024-09-19 12:27:40.661000,423.7989204907006,1000
2024-09-19 12:27:40.713000,423.8326078768839,1003
2024-09-19 12:27:40.782000,423.79306922073846,95
2024-09-19 12:27:40.782000,423.80079714864144,95
2024-09-19 12:27:40.785000,423.7841857488229,99
2024-09-19 12:27:40.867000,423.784359263748,14
2024-09-19 12:27:40.910000,423.788728932568,102
2024-09-19 12:27:40.972000,423.7991673954509,995
2024-09-19 12:27:41.146000,423.88253587570847,1001
2024-09-19 12:27:41.292000,423.8746611867208,98
2024-09-19 12:27:41.315000,423.8390132058906,5
2024-09-19 12:27:41.321000,423.8625370640338,995
2024-09-19 12:27:41.389000,423.8723036441343,95
2024-09-19 12:27:41.395000,423.8777332447596,99
2024-09-19 12:27:41.605000,423.827609357504,104
2024-09-19 12:27:41.835000,423.8565742124542,95
2024-09-19 12:27:41.885000,423.8691283474353,99
2024-09-19 12:27:41.907000,423.8160584246349,5
2024-09-19 12:27:41.910000,423.8588509417453,100
2024-09-19 12:27:41.989000,423.8448404274147,1000
2024-09-19 12:27:42.006000,423.86271490223584,1002
2024-09-19 12:27:42.073000,423.8778112408136,104
2024-09-19 12:27:42.148000,423.8603550206968,8
2024-09-19 12:27:42.239000,423.8303653325875,8
2024-09-19 12:27:42.279000,423.8616640123254,96
2024-09-19 12:27:42.309000,423.8355716452934,15
2024-09-19 12:27:42.349000,423.8541753285025,97
2024-09-19 12:27:42.356000,423.8501898177316,998
2024-09-19 12:27:42.360000,423.8482207945634,1004
2024-09-19 12:27:42.427000,423.8213750649502,1000
2024-09-19 12:27:42.433000,423.8390914950975,99
2024-09-19 12:27:42.471000,423.85041118004,9
2024-09-19 12:27:42.503000,423.8092614440205,1005
2024-09-19 12:27:42.628000,423.8487030200311,96
2024-09-19 12:27:42.727000,423.8327288955391,7
2024-09-19 12:27:42.730000,423.85947643199256,1001
2024-09-19 12:27:42.787000,423.836108681289,101
2024-09-19 12:27:42.790000,423.8461318540368,9
2024-09-19 12:27:42.836000,423.88885467303805,996
2024-09-19 12:27:42.908000,423.8686941590759,12
2024-09-19 12:27:42.936000,423.8534427179261,9
2024-09-19 12:27:42.945000,423.8973813601756,95
2024-09-19 12:27:42.995000,423.820288698576,999
2024-09-19 12:27:43.004000,423.7398292531959,7
2024-09-19 12:27:43.020000,423.8028688947811,8
2024-09-19 12:27:43.064000,423.7454859025984,997
2024-09-19 12:27:43.110000,423.79620619710056,97
2024-09-19 12:27:43.130000,423.7621727493349,996
2024-09-19 12:27:43.201000,423.7933363909591,98
2024-09-19 12:27:43.225000,423.84029751926056,9
2024-09-19 12:27:43.235000,423.745388119284,1000
2024-09-19 12:27:43.305000,423.8545743458952,1003
2024-09-19 12:27:43.351000,423.7527555817058,101
2024-09-19 12:27:43.383000,423.8087841090977,11
2024-09-19 12:27:43.407000,423.7654479141944,5
2024-09-19 12:27:43.485000,423.7430113857014,98
2024-09-19 12:27:43.486000,423.8042746029739,99
2024-09-19 12:27:43.535000,423.7539764174491,10
2024-09-19 12:27:43.560000,423.7458860928864,14
2024-09-19 12:27:43.624000,423.71758375944296,103
2024-09-19 12:27:43.638000,423.7256790768185,101
2024-09-19 12:27:43.665000,423.7267674239472,101
2024-09-19 12:27:43.690000,423.76289945163273,1002
2024-09-19 12:27:43.712000,423.7544256277688,97
2024-09-19 12:27:43.774000,423.7482970056659,999
2024-09-19 12:27:43.819000,423.7551935828652,6
2024-09-19 12:27:43.948000,423.7529945783378,5
2024-09-19 12:27:43.974000,423.7968387361526,8
2024-09-19 12:27:44.018000,423.7423233989394,6
2024-09-19 12:27:44.037000,423.74429232225424,1001
2024-09-19 12:27:44.073000,423.7661021459424,11
2024-09-19 12:27:44.112000,423.8187469530384,105
2024-09-19 12:27:44.169000,423.7432396928073,999
2024-09-19 12:27:44.184000,423.8471861095397,13
2024-09-19 12:27:44.226000,423.76469721923706,1001
2024-09-19 12:27:44.230000,423.8283034787637,999
2024-09-19 12:27:44.399000,423.7997645430036,96
2024-09-19 12:27:44.418000,423.7434350794277,999
2024-09-19 12:27:44.589000,423.7340560984668,15
2024-09-19 12:27:44.608000,423.8156949523708,10
2024-09-19 12:27:44.614000,423.7415639171917,1005
2024-09-19 12:27:44.618000,423.75366617173614,1003
2024-09-19 12:27:44.663000,423.73267534927976,95
2024-09-19 12:27:44.683000,423.8115840986634,105
2024-09-19 12:27:44.696000,423.7946210266744,105
2024-09-19 12:27:44.800000,423.7436243260888,9
2024-09-19 12:27:44.836000,423.801797366149,15
2024-09-19 12:27:44.980000,423.8002105205342,996
2024-09-19 12:27:45.002000,423.85834320990017,9
2024-09-19 12:27:45.013000,423.8548189793215,104
2024-09-19 12:27:45.185000,423.8492031495808,12
2024-09-19 12:27:45.360000,423.85089968235326,100
2024-09-19 12:27:45.764000,423.8591840700107,11
2024-09-19 12:27:45.806000,423.8561502095268,15
2024-09-19 12:27:46.013000,423.9111531593017,1005
2024-09-19 12:27:46.083000,423.8886931712305,5
2024-09-19 12:27:46.310000,423.8346428875577,12
2024-09-19 12:27:46.422000,423.8637525014335,15
2024-09-19 12:27:46.461000,423.90816734447895,995
2024-09-19 12:27:46.560000,423.8355776141063,10
2024-09-19 12:27:46.639000,423.85152441405546,5
2024-09-19 12:27:46.715000,423.8805875084169,1004
2024-09-19 12:27:46.768000,423.8848570780239,99
2024-09-19 12:27:46.800000,423.8768150167709,8
2024-09-19 12:27:46.817000,423.8448386167472,104
2024-09-19 12:27:46.912000,423.8488740783264,14
2024-09-19 12:27:46.938000,423.9190213855587,999
2024-09-19 12:27:46.958000,423.8411345476084,101
2024-09-19 12:27:46.979000,423.864438070841,9
2024-09-19 12:27:46.994000,423.8873389309093,8
2024-09-19 12:27:47.143000,423.92476676216967,105
2024-09-19 12:27:47.343000,423.93828697842736,998
2024-09-19 12:27:47.355000,423.9217887826697,1005
2024-09-19 12:27:47.594000,423.91646570792346,98
2024-09-19 12:27:47.731000,423.9340999970294,104
2024-09-19 12:27:47.769000,423.9398555239649,12
2024-09-19 12:27:47.804000,423.9228686734289,95
2024-09-19 12:27:47.826000,423.9261732960521,7
2024-09-19 12:27:47.891000,423.9084646228527,105
2024-09-19 12:27:48.296000,423.9192351172808,102
2024-09-19 12:27:48.413000,423.9308952526709,1001
2024-09-19 12:27:48.727000,423.9051551614275,1000
2024-09-19 12:27:49.146000,423.8112382086241,102
2024-09-19 12:27:49.154000,423.81290941858697,995
2024-09-19 12:27:49.178000,423.8733848488836,99
2024-09-19 12:27:49.201000,423.8174476992548,1003
2024-09-19 12:27:49.205000,423.8390120678018,1000
2024-09-19 12:27:49.267000,423.8424213484106,997
2024-09-19 12:27:49.317000,423.84355141636894,12
2024-09-19 12:27:49.373000,423.8252823278223,101
2024-09-19 12:27:49.430000,423.89133324502,96
2024-09-19 12:27:49.472000,423.8019346173701,95
2024-09-19 12:27:49.504000,423.8013234171073,97
2024-09-19 12:27:49.529000,423.8371998328449,1005
2024-09-19 12:27:49.599000,423.8040119795269,1000
2024-09-19 12:27:49.691000,423.8422666807946,998
2024-09-19 12:27:49.716000,423.8327943733983,98
2024-09-19 12:27:49.719000,423.8600646309181,998
2024-09-19 12:27:49.788000,423.85588377656217,105
2024-09-19 12:27:49.844000,423.8345164460309,10
2024-09-19 12:27:49.863000,423.880914883871,10
2024-09-19 12:27:49.929000,423.8322941601616,105
2024-09-19 12:27:50.096000,423.72050937109873,998
2024-09-19 12:27:50.577000,423.7354489373612,7
2024-09-19 12:27:50.739000,423.7949608174802,1003
2024-09-19 12:27:50.815000,423.765244252876,101
2024-09-19 12:27:50.977000,423.7478327011121,1002
2024-09-19 12:27:50.989000,423.7276347412152,105
2024-09-19 12:27:51.008000,423.7044465740624,103
2024-09-19 12:27:51.042000,423.73513603514976,15
2024-09-19 12:27:51.105000,423.70515604980574,997
2024-09-19 12:27:51.162000,423.7010644619307,15
2024-09-19 12:27:51.169000,423.7209465786032,997
2024-09-19 12:27:51.169000,423.7177278625904,104
2024-09-19 12:27:51.205000,423.7372207837363,13
2024-09-19 12:27:51.324000,423.71423336195966,11
2024-09-19 12:27:51.366000,423.689564799783,103
2024-09-19 12:27:51.470000,423.7155824939962,98
2024-09-19 12:27:51.516000,423.6930352817412,8
2024-09-19 12:27:51.583000,423.7274944817392,101
2024-09-19 12:27:51.615000,423.7395484563219,96
2024-09-19 12:27:51.679000,423.7161090893516,7
2024-09-19 12:27:51.693000,423.71000807751,100
2024-09-19 12:27:51.713000,423.7296764491876,100
2024-09-19 12:27:51.719000,423.7105964359396,14
2024-09-19 12:27:51.746000,423.69688139614806,95
2024-09-19 12:27:51.830000,423.7469537695502,104
2024-09-19 12:27:51.906000,423.7047418404471,104
2024-09-19 12:27:51.946000,423.7231253132781,105
2024-09-19 12:27:52.111000,423.7289779515502,101
2024-09-19 12:27:52.144000,423.6997331935887,99
2024-09-19 12:27:52.270000,423.7177722633288,996
2024-09-19 12:27:52.300000,423.7136620579817,997
2024-09-19 12:27:52.311000,423.7048558859052,1002
2024-09-19 12:27:52.319000,423.7253992481494,14
2024-09-19 12:27:52.319000,423.7003968451556,999
2024-09-19 12:27:52.327000,423.7198251132105,104
2024-09-19 12:27:52.336000,423.69880325906894,5
2024-09-19 12:27:52.467000,423.7202982218721,6
2024-09-19 12:27:52.518000,423.7508938150267,99
2024-09-19 12:27:52.612000,423.6977646187747,14
2024-09-19 12:27:52.669000,423.7521794924221,100
2024-09-19 12:27:52.723000,423.7021147676467,1002
2024-09-19 12:27:52.728000,423.71222073781576,1003
2024-09-19 12:27:52.838000,423.712188173671,995
2024-09-19 12:27:52.860000,423.7109186728688,101
2024-09-19 12:27:52.862000,423.75771209864376,5
2024-09-19 12:27:52.904000,423.718476579346,997
2024-09-19 12:27:52.905000,423.7650828980708,102
2024-09-19 12:27:53.061000,423.78605725669183,102
2024-09-19 12:27:53.118000,423.7941434116231,15
2024-09-19 12:27:53.169000,423.73683848805433,9
2024-09-19 12:27:53.243000,423.7762586366992,13
2024-09-19 12:27:53.271000,423.7480532422904,8
2024-09-19 12:27:53.332000,423.78707117051135,10
2024-09-19 12:27:53.373000,423.74383520254537,95
2024-09-19 12:27:53.398000,423.741123984696,6
2024-09-19 12:27:53.507000,423.7611151675277,10
2024-09-19 12:27:53.634000,423.7658918972672,101
2024-09-19 12:27:53.645000,423.7684608106866,101
2024-09-19 12:27:53.817000,423.751632464157,95
2024-09-19 12:27:53.821000,423.7782714569738,15
2024-09-19 12:27:53.829000,423.7609849461547,5
2024-09-19 12:27:53.853000,423.76439290263903,997
2024-09-19 12:27:53.924000,423.7679653018263,1004
2024-09-19 12:27:53.936000,423.768481430607,10
2024-09-19 12:27:53.963000,423.7664951164418,11
2024-09-19 12:27:54.080000,423.8903424809581,9
2024-09-19 12:27:54.141000,423.9735654578096,6
2024-09-19 12:27:54.151000,423.7915856382912,1000
2024-09-19 12:27:54.298000,423.7990001643731,15
2024-09-19 12:27:54.359000,423.9554753547656,101
2024-09-19 12:27:54.384000,423.9223013055938,1002
2024-09-19 12:27:54.394000,423.9194515883551,1004
2024-09-19 12:27:54.403000,423.89011309445806,104
2024-09-19 12:27:54.502000,423.9610170847171,100
2024-09-19 12:27:54.540000,423.8595533440158,9
2024-09-19 12:27:54.584000,423.9485407229543,1004
2024-09-19 12:27:54.606000,423.8458381870824,12
2024-09-19 12:27:54.622000,423.7998692421471,105
2024-09-19 12:27:54.633000,423.88330806218175,100
2024-09-19 12:27:54.644000,423.8207154881312,98
2024-09-19 12:27:54.650000,423.8887439924322,997
2024-09-19 12:27:54.652000,423.8853494409603,15
2024-09-19 12:27:54.744000,423.8444017359477,7
2024-09-19 12:27:54.754000,423.8375402871639,98
2024-09-19 12:27:54.847000,423.8920663836396,1005
2024-09-19 12:27:54.851000,423.8511325018813,10
2024-09-19 12:27:54.857000,423.9108634113479,104
2024-09-19 12:27:54.860000,423.8493827302469,996
2024-09-19 12:27:54.894000,423.8760172404975,10
2024-09-19 12:27:54.981000,423.80464620636087,96
2024-09-19 12:27:55.235000,423.9351159842545,11
2024-09-19 12:27:55.340000,423.9462099516828,105
2024-09-19 12:27:55.340000,423.946849289077,995
2024-09-19 12:27:55.410000,423.85343644069735,9
2024-09-19 12:27:55.458000,423.97579266071057,995
2024-09-19 12:27:55.552000,423.9393032579514,1005
2024-09-19 12:27:55.574000,423.9103074486554,103
2024-09-19 12:27:55.788000,423.89170976247567,1004
2024-09-19 12:27:55.921000,423.8806835744401,99
2024-09-19 12:27:55.939000,423.93274436976,96
2024-09-19 12:27:55.998000,423.95600920338353,101
2024-09-19 12:27:56.079000,423.79290439177794,1002
2024-09-19 12:27:56.081000,423.819147354611,99
2024-09-19 12:27:56.090000,423.8107305919152,7
2024-09-19 12:27:56.096000,423.8213687895639,102
2024-09-19 12:27:56.113000,423.8204202216353,998
2024-09-19 12:27:56.133000,423.85473157730513,103
2024-09-19 12:27:56.154000,423.8411825723139,10
2024-09-19 12:27:56.163000,423.8060663011464,995
2024-09-19 12:27:56.280000,423.8170748900688,6
2024-09-19 12:27:56.283000,423.8686534893447,1000
2024-09-19 12:27:56.285000,423.80340610874106,6
2024-09-19 12:27:56.314000,423.8308123045087,12
2024-09-19 12:27:56.325000,423.7738217776144,99
2024-09-19 12:27:56.369000,423.8441328422549,99
2024-09-19 12:27:56.376000,423.8300807769216,996
2024-09-19 12:27:56.388000,423.83023420933154,1000
2024-09-19 12:27:56.406000,423.8515442517674,102
2024-09-19 12:27:56.414000,423.8406100540905,96
2024-09-19 12:27:56.458000,423.84504284677047,8
2024-09-19 12:27:56.540000,423.8587970571299,8
2024-09-19 12:27:56.588000,423.8250109562638,101
2024-09-19 12:27:56.613000,423.8706101217484,10
2024-09-19 12:27:56.614000,423.8278092772131,103
2024-09-19 12:27:56.645000,423.8490714225748,9
2024-09-19 12:27:56.809000,423.80346480363664,1004
2024-09-19 12:27:56.811000,423.7870067695205,7
2024-09-19 12:27:56.827000,423.8259337346306,1000
2024-09-19 12:27:56.865000,423.8192082794922,97
2024-09-19 12:27:56.906000,423.84430569643047,101
2024-09-19 12:27:56.972000,423.8403764320253,101
2024-09-19 12:27:57.068000,423.79958325609937,96
2024-09-19 12:27:57.190000,423.8453249200563,998
2024-09-19 12:27:57.405000,423.7966230275997,7
2024-09-19 12:27:57.416000,423.8228542174203,12
2024-09-19 12:27:57.470000,423.8046932451035,97
2024-09-19 12:27:57.474000,423.817813783962,11
2024-09-19 12:27:57.484000,423.78512306915377,1001
2024-09-19 12:27:57.600000,423.8191191383534,13
2024-09-19 12:27:57.624000,423.8061975966642,1004
2024-09-19 12:27:57.796000,423.8124647781162,11
2024-09-19 12:27:57.901000,423.79921183717215,9
2024-09-19 12:27:57.908000,423.80195461724895,11
2024-09-19 12:27:57.938000,423.85238859365546,14
2024-09-19 12:27:58.017000,423.81521869578495,12
2024-09-19 12:27:58.060000,423.8230444943479,95
2024-09-19 12:27:58.063000,423.8294358385888,1000
2024-09-19 12:27:58.115000,423.8131203462333,8
2024-09-19 12:27:58.153000,423.7965016486868,104
2024-09-19 12:27:58.172000,423.8502333377934,1004
2024-09-19 12:27:58.274000,423.803311713279,1005
2024-09-19 12:27:58.415000,423.8657033765554,996
2024-09-19 12:27:58.530000,423.80536895105934,6
2024-09-19 12:27:58.658000,423.8159813319164,1005
2024-09-19 12:27:58.703000,423.8282472614153,99
2024-09-19 12:27:58.708000,423.8498547492903,8
2024-09-19 12:27:58.782000,423.8377713057167,98
2024-09-19 12:27:58.858000,423.8120148263097,96
2024-09-19 12:27:58.890000,423.8028265798218,7
2024-09-19 12:27:58.929000,423.81659082064346,100
2024-09-19 12:27:58.930000,423.7987474758591,998
2024-09-19 12:27:58.936000,423.8272170403979,997
2024-09-19 12:27:58.955000,423.8353602786258,100
2024-09-19 12:27:59.083000,423.8536189917357,8
2024-09-19 12:27:59.212000,423.8097089164434,999
2024-09-19 12:27:59.246000,423.8346260245932,1004
2024-09-19 12:27:59.361000,423.8666152217772,7
2024-09-19 12:27:59.377000,423.8522800488845,998
2024-09-19 12:27:59.460000,423.8692878388933,9
2024-09-19 12:27:59.544000,423.8530815389714,5
2024-09-19 12:27:59.622000,423.868849022726,13
2024-09-19 12:27:59.641000,423.8154461456971,10
2024-09-19 12:27:59.776000,423.83952322276144,14
2024-09-19 12:27:59.783000,423.83453745981257,101
2024-09-19 12:27:59.895000,423.8341061825232,105
2024-09-19 12:27:59.902000,423.8393703357376,14
2024-09-19 12:27:59.946000,423.858246744655,13
2024-09-19 12:27:59.989000,423.841720503804,6
