Timestamp,Price,Size
2024-09-18 15:03:00.007000,413.9918170998165,99
2024-09-18 15:03:00.013000,413.9853782035365,10
2024-09-18 15:03:00.016000,413.9716158181864,998
2024-09-18 15:03:00.095000,413.91391736628,9
2024-09-18 15:03:00.134000,413.97011235018925,5
2024-09-18 15:03:00.260000,413.9337859037268,5
2024-09-18 15:03:00.328000,413.9694378019624,1001
2024-09-18 15:03:00.344000,413.909731997666,95
2024-09-18 15:03:00.493000,413.9295828872978,102
2024-09-18 15:03:00.519000,413.9851925974195,996
2024-09-18 15:03:00.523000,413.9462795094345,99
2024-09-18 15:03:00.615000,413.9162782299766,999
2024-09-18 15:03:00.730000,413.9932222796161,7
2024-09-18 15:03:00.745000,413.9847794470746,105
2024-09-18 15:03:00.771000,413.9203188052962,1002
2024-09-18 15:03:00.802000,413.9747527915992,1003
2024-09-18 15:03:00.876000,413.9914578812094,1000
2024-09-18 15:03:00.941000,413.9188954194455,995
2024-09-18 15:03:00.941000,413.9546614638714,96
2024-09-18 15:03:00.944000,413.95061564432,1003
2024-09-18 15:03:00.966000,413.9601951049688,9
2024-09-18 15:03:01.045000,413.9916382276563,1002
2024-09-18 15:03:01.102000,413.9877219068686,9
2024-09-18 15:03:01.201000,413.9579814544604,1005
2024-09-18 15:03:01.275000,413.9561744958074,101
2024-09-18 15:03:01.317000,413.99638654566894,104
2024-09-18 15:03:01.338000,413.9646209110351,102
2024-09-18 15:03:01.466000,413.9655696213818,9
2024-09-18 15:03:01.660000,413.99663118633055,13
2024-09-18 15:03:01.714000,413.99338133977744,1002
2024-09-18 15:03:01.737000,413.9573613675635,15
2024-09-18 15:03:01.904000,413.9768301224908,11
2024-09-18 15:03:01.905000,413.9848015284844,1004
2024-09-18 15:03:01.939000,413.9801645653831,1002
2024-09-18 15:03:01.995000,413.9538569320332,97
2024-09-18 15:03:02.103000,413.9256948196298,101
2024-09-18 15:03:02.268000,413.95839928993007,8
2024-09-18 15:03:02.316000,413.9603667596329,99
2024-09-18 15:03:02.371000,413.9580923939404,15
2024-09-18 15:03:02.522000,413.95073036186295,8
2024-09-18 15:03:02.625000,413.9477971373436,103
2024-09-18 15:03:02.715000,413.9319551151048,5
2024-09-18 15:03:02.752000,413.9429055203077,1004
2024-09-18 15:03:02.849000,413.9560310067976,103
2024-09-18 15:03:02.853000,413.96157812242143,95
2024-09-18 15:03:02.945000,413.93747117294186,98
2024-09-18 15:03:02.957000,413.92598193269794,96
2024-09-18 15:03:02.996000,413.9622590844055,13
2024-09-18 15:03:03.096000,413.9628867883155,1003
2024-09-18 15:03:03.148000,413.9699480478279,999
2024-09-18 15:03:03.216000,413.9801549965572,997
2024-09-18 15:03:03.228000,413.96944138359714,105
2024-09-18 15:03:03.232000,413.9589113698292,9
2024-09-18 15:03:03.371000,413.9637968145303,999
2024-09-18 15:03:03.461000,413.96909695863394,104
2024-09-18 15:03:03.473000,413.9736998199211,12
2024-09-18 15:03:03.490000,413.960032559194,1003
2024-09-18 15:03:03.497000,413.966226444164,1004
2024-09-18 15:03:03.555000,413.9717543843442,9
2024-09-18 15:03:03.596000,413.9744124618126,97
2024-09-18 15:03:03.601000,413.973333561939,1003
2024-09-18 15:03:03.613000,413.93585133289065,1005
2024-09-18 15:03:03.717000,413.9355363839651,8
2024-09-18 15:03:03.846000,413.9627026298133,97
2024-09-18 15:03:03.869000,413.9692041502084,96
2024-09-18 15:03:03.975000,413.9620555076252,996
2024-09-18 15:03:04.024000,413.9087302372849,9
2024-09-18 15:03:04.047000,413.8936769374311,999
2024-09-18 15:03:04.069000,413.89910033813584,9
2024-09-18 15:03:04.129000,413.9509849798338,1005
2024-09-18 15:03:04.142000,413.9015733469796,1001
2024-09-18 15:03:04.268000,413.8679343890063,9
2024-09-18 15:03:04.293000,413.94602497711793,10
2024-09-18 15:03:04.372000,413.90681455752497,9
2024-09-18 15:03:04.401000,413.8594148277637,100
2024-09-18 15:03:04.517000,413.9424764819259,13
2024-09-18 15:03:04.522000,413.9044720676772,11
2024-09-18 15:03:04.524000,413.8890504888182,1001
2024-09-18 15:03:04.599000,413.91425182868926,998
2024-09-18 15:03:04.652000,413.8885711345168,997
2024-09-18 15:03:04.706000,413.8852932151215,6
2024-09-18 15:03:04.718000,413.9535078579137,96
2024-09-18 15:03:04.743000,413.8849804154741,12
2024-09-18 15:03:04.771000,413.9191560116262,995
2024-09-18 15:03:04.793000,413.8887454666563,1004
2024-09-18 15:03:04.830000,413.88622076070106,1002
2024-09-18 15:03:04.839000,413.9342057619284,995
2024-09-18 15:03:04.903000,413.89906829665046,96
2024-09-18 15:03:04.939000,413.87364034359166,1002
2024-09-18 15:03:04.952000,413.9547484766043,100
2024-09-18 15:03:04.974000,413.9454318440782,10
2024-09-18 15:03:04.992000,413.90309661515664,995
2024-09-18 15:03:05.012000,413.9490226147109,6
2024-09-18 15:03:05.019000,413.9790693971892,100
2024-09-18 15:03:05.041000,414.001876966167,105
2024-09-18 15:03:05.093000,414.02496371347104,1003
2024-09-18 15:03:05.121000,413.96903277355926,9
2024-09-18 15:03:05.191000,413.9494626296837,1002
2024-09-18 15:03:05.232000,413.93448094015,1001
2024-09-18 15:03:05.262000,413.9629000029584,996
2024-09-18 15:03:05.287000,413.9455369898711,9
2024-09-18 15:03:05.343000,413.9381835306485,11
2024-09-18 15:03:05.432000,413.91965304068447,10
2024-09-18 15:03:05.548000,413.9759076941913,7
2024-09-18 15:03:05.551000,413.95205872577446,103
2024-09-18 15:03:05.663000,413.92810170161255,96
2024-09-18 15:03:05.671000,413.9785918992994,1002
2024-09-18 15:03:05.719000,413.9314283401554,105
2024-09-18 15:03:05.724000,414.0103351049093,998
2024-09-18 15:03:05.754000,413.9991052964674,9
2024-09-18 15:03:05.765000,413.9874315393512,997
2024-09-18 15:03:05.770000,413.9788097765373,9
2024-09-18 15:03:05.784000,413.9904730233801,1002
2024-09-18 15:03:05.807000,413.9458750856655,95
2024-09-18 15:03:05.817000,413.9488164342174,10
2024-09-18 15:03:05.834000,413.8783529971974,100
2024-09-18 15:03:05.937000,413.9485350602268,103
2024-09-18 15:03:05.945000,413.891362951491,100
2024-09-18 15:03:05.956000,413.9719192216266,104
2024-09-18 15:03:05.996000,413.9176182265457,5
2024-09-18 15:03:06.117000,413.9397090404115,103
2024-09-18 15:03:06.167000,414.0965542716273,999
2024-09-18 15:03:06.213000,414.0307168094669,7
2024-09-18 15:03:06.261000,413.9510046977907,996
2024-09-18 15:03:06.310000,414.0485674090637,103
2024-09-18 15:03:06.345000,413.9664319674512,999
2024-09-18 15:03:06.407000,414.074836884054,9
2024-09-18 15:03:06.463000,414.0746799410038,102
2024-09-18 15:03:06.474000,414.02881044425305,996
2024-09-18 15:03:06.477000,414.0147084402932,97
2024-09-18 15:03:06.553000,414.0302534849058,13
2024-09-18 15:03:06.680000,413.9884005491167,7
2024-09-18 15:03:06.838000,414.07390351313,102
2024-09-18 15:03:06.844000,414.0390558186088,999
2024-09-18 15:03:06.845000,413.9533481905109,11
2024-09-18 15:03:06.855000,414.038882287537,101
2024-09-18 15:03:06.896000,413.972239944627,1002
2024-09-18 15:03:06.897000,413.9471079422959,100
2024-09-18 15:03:06.973000,413.95507204577615,1005
2024-09-18 15:03:06.975000,414.0416653774445,7
2024-09-18 15:03:06.986000,414.0285031915441,9
2024-09-18 15:03:07.018000,414.0879024488265,7
2024-09-18 15:03:07.025000,414.1032606176632,103
2024-09-18 15:03:07.044000,414.0710858179652,97
2024-09-18 15:03:07.059000,414.0881514434915,14
2024-09-18 15:03:07.121000,414.06502223020806,996
2024-09-18 15:03:07.134000,414.0891063957728,996
2024-09-18 15:03:07.162000,414.0663912637122,97
2024-09-18 15:03:07.181000,414.0400870573498,12
2024-09-18 15:03:07.189000,414.08581385326346,13
2024-09-18 15:03:07.228000,414.0401175101108,996
2024-09-18 15:03:07.327000,414.07467258458007,101
2024-09-18 15:03:07.383000,414.0277850383827,1003
2024-09-18 15:03:07.383000,414.0338250196141,1001
2024-09-18 15:03:07.434000,414.0626082331268,1002
2024-09-18 15:03:07.510000,414.0774256135702,8
2024-09-18 15:03:07.520000,414.0992475952195,997
2024-09-18 15:03:07.532000,414.0403490560943,97
2024-09-18 15:03:07.638000,414.071568664688,99
2024-09-18 15:03:07.645000,414.08596509468816,12
2024-09-18 15:03:07.652000,414.0512570479599,98
2024-09-18 15:03:07.677000,414.0625845320444,1002
2024-09-18 15:03:07.681000,414.0647859953668,15
2024-09-18 15:03:07.681000,414.088205681947,7
2024-09-18 15:03:07.685000,414.0888425662159,15
2024-09-18 15:03:07.718000,414.0234566892107,8
2024-09-18 15:03:07.783000,414.0741342304264,10
2024-09-18 15:03:07.805000,414.1010632926992,996
2024-09-18 15:03:07.812000,414.0696944743957,1000
2024-09-18 15:03:07.968000,414.073052280737,1001
2024-09-18 15:03:08.028000,414.0137552330706,998
2024-09-18 15:03:08.035000,414.00392810613073,99
2024-09-18 15:03:08.054000,413.9591664278639,7
2024-09-18 15:03:08.092000,413.9987211820844,104
2024-09-18 15:03:08.328000,413.9497038749543,8
2024-09-18 15:03:08.457000,413.97694519865183,995
2024-09-18 15:03:08.541000,413.9763062673677,10
2024-09-18 15:03:08.545000,413.9534352190695,1004
2024-09-18 15:03:08.547000,413.9704285817529,995
2024-09-18 15:03:08.584000,414.02375142752425,10
2024-09-18 15:03:08.620000,413.9635410007364,104
2024-09-18 15:03:08.919000,413.9666778193078,11
2024-09-18 15:03:09.007000,413.91949766014665,14
2024-09-18 15:03:09.052000,413.97243591127307,8
2024-09-18 15:03:09.060000,413.9468929847207,995
2024-09-18 15:03:09.090000,413.9407005965854,100
2024-09-18 15:03:09.100000,413.95304250698274,6
2024-09-18 15:03:09.166000,413.9274971659775,14
2024-09-18 15:03:09.445000,413.9465184703841,998
2024-09-18 15:03:09.447000,413.9351786250898,7
2024-09-18 15:03:09.459000,413.9615393417845,12
2024-09-18 15:03:09.506000,413.9529640125168,11
2024-09-18 15:03:09.556000,413.970744364037,996
2024-09-18 15:03:09.594000,413.9566633630808,8
2024-09-18 15:03:09.604000,413.958820210209,98
2024-09-18 15:03:09.763000,413.9706287356775,1004
2024-09-18 15:03:09.797000,413.9673245650623,998
2024-09-18 15:03:09.814000,413.9789583898426,11
2024-09-18 15:03:09.845000,413.9800051719258,97
2024-09-18 15:03:09.875000,413.94852043575736,1001
2024-09-18 15:03:09.965000,413.9259285098632,997
2024-09-18 15:03:10.031000,413.9714713419145,99
2024-09-18 15:03:10.033000,413.9618795015282,5
2024-09-18 15:03:10.041000,413.9666317775012,995
2024-09-18 15:03:10.071000,413.95982380280265,105
2024-09-18 15:03:10.090000,413.94036703247286,10
2024-09-18 15:03:10.131000,413.96915584330463,8
2024-09-18 15:03:10.250000,413.93825665961583,12
2024-09-18 15:03:10.364000,413.9578827419071,7
2024-09-18 15:03:10.376000,413.97650088735793,5
2024-09-18 15:03:10.388000,413.9616264133438,1000
2024-09-18 15:03:10.451000,413.96229587693136,95
2024-09-18 15:03:10.468000,413.953264262305,98
2024-09-18 15:03:10.471000,413.968769257163,15
2024-09-18 15:03:10.515000,413.9892104008404,995
2024-09-18 15:03:10.578000,413.9815751442668,10
2024-09-18 15:03:10.585000,413.98859998283655,995
2024-09-18 15:03:10.654000,413.9800527715888,7
2024-09-18 15:03:10.688000,413.9635173000024,6
2024-09-18 15:03:10.840000,413.9674390437258,96
2024-09-18 15:03:10.873000,413.9656312546416,1005
2024-09-18 15:03:10.903000,413.9841872341111,104
2024-09-18 15:03:10.973000,413.9616865212225,1003
2024-09-18 15:03:10.974000,413.9842156976196,14
2024-09-18 15:03:10.976000,413.9846262746367,1004
2024-09-18 15:03:10.994000,413.9605709695715,8
2024-09-18 15:03:11.121000,413.9949904194147,104
2024-09-18 15:03:11.138000,413.9930440584706,999
2024-09-18 15:03:11.439000,413.9809631180255,103
2024-09-18 15:03:12.034000,413.9700363395873,7
2024-09-18 15:03:12.228000,413.9808789687277,97
2024-09-18 15:03:12.290000,413.9573046254477,6
2024-09-18 15:03:12.320000,413.9843818464432,7
2024-09-18 15:03:12.485000,413.9887994544211,101
2024-09-18 15:03:12.572000,414.0040454929477,105
2024-09-18 15:03:12.674000,413.9675694579128,7
2024-09-18 15:03:12.789000,413.9652940974449,101
2024-09-18 15:03:12.815000,413.97755965136434,95
2024-09-18 15:03:12.833000,413.9798425256507,97
2024-09-18 15:03:12.865000,413.966607979021,1002
2024-09-18 15:03:13.015000,413.9406546626218,15
2024-09-18 15:03:13.237000,413.9423776987354,9
2024-09-18 15:03:13.364000,413.94380126593785,102
2024-09-18 15:03:13.538000,413.9431720432266,14
2024-09-18 15:03:13.579000,413.94305468190703,999
2024-09-18 15:03:13.895000,413.9472116695734,103
2024-09-18 15:03:14.049000,413.8473945151426,998
2024-09-18 15:03:14.137000,413.9478509249997,105
2024-09-18 15:03:14.326000,413.8323099001762,104
2024-09-18 15:03:14.415000,413.834008149373,99
2024-09-18 15:03:14.436000,413.8735054038357,98
2024-09-18 15:03:14.507000,413.9519138005225,1002
2024-09-18 15:03:14.624000,413.901167455536,104
2024-09-18 15:03:14.655000,413.9278572421306,7
2024-09-18 15:03:14.733000,413.8345442105776,96
2024-09-18 15:03:14.816000,413.8275180784971,102
2024-09-18 15:03:15.015000,413.8347736667004,98
2024-09-18 15:03:15.067000,413.8457658355329,103
2024-09-18 15:03:15.182000,413.8531084845968,103
2024-09-18 15:03:15.199000,413.844818287368,96
2024-09-18 15:03:15.238000,413.85033023399575,105
2024-09-18 15:03:15.264000,413.8692708309224,6
2024-09-18 15:03:15.304000,413.8481822336526,995
2024-09-18 15:03:15.367000,413.8054279373878,1004
2024-09-18 15:03:15.488000,413.8400971166038,99
2024-09-18 15:03:15.501000,413.8391873199039,14
2024-09-18 15:03:15.576000,413.8321302954093,997
2024-09-18 15:03:15.628000,413.81058602497626,1002
2024-09-18 15:03:15.718000,413.8220085233991,9
2024-09-18 15:03:15.769000,413.8204283771569,98
2024-09-18 15:03:15.808000,413.85581978550965,100
2024-09-18 15:03:15.831000,413.820560078024,995
2024-09-18 15:03:15.866000,413.8165846745096,1001
2024-09-18 15:03:15.875000,413.8834184089321,101
2024-09-18 15:03:15.888000,413.8616767160892,99
2024-09-18 15:03:15.942000,413.83510820847766,1005
2024-09-18 15:03:15.968000,413.835027277286,995
2024-09-18 15:03:15.983000,413.8406374877316,1005
2024-09-18 15:03:15.988000,413.8527359811436,7
2024-09-18 15:03:16.224000,413.8658109110802,13
2024-09-18 15:03:16.273000,413.8677184309048,996
2024-09-18 15:03:16.353000,413.840563296444,13
2024-09-18 15:03:16.768000,413.8826348418454,105
2024-09-18 15:03:16.855000,413.8269200684277,7
2024-09-18 15:03:17.020000,413.94268484717753,15
2024-09-18 15:03:17.033000,413.8851535571433,15
2024-09-18 15:03:17.041000,413.9394921016297,99
2024-09-18 15:03:17.148000,413.9267660040804,101
2024-09-18 15:03:17.155000,413.9438096107058,999
2024-09-18 15:03:17.235000,413.909555114368,100
2024-09-18 15:03:17.491000,413.92188460492025,995
2024-09-18 15:03:17.498000,413.9343639782433,1002
2024-09-18 15:03:17.551000,413.91317332767767,1001
2024-09-18 15:03:17.572000,413.89636946661824,997
2024-09-18 15:03:17.625000,413.941029344176,97
2024-09-18 15:03:17.646000,413.9392045964731,1002
2024-09-18 15:03:17.677000,413.93298836819145,102
2024-09-18 15:03:17.690000,413.9222488251388,998
2024-09-18 15:03:17.755000,413.94337155001017,8
2024-09-18 15:03:17.764000,413.92025800035134,6
2024-09-18 15:03:17.791000,413.9539352975186,103
2024-09-18 15:03:17.907000,413.9139195287536,1002
2024-09-18 15:03:17.976000,413.9515825734807,99
2024-09-18 15:03:18.120000,413.8880394654564,1001
2024-09-18 15:03:18.708000,413.8981627089749,98
2024-09-18 15:03:19.105000,413.9001194498011,8
2024-09-18 15:03:19.167000,413.916666616006,5
2024-09-18 15:03:19.468000,413.9030106955159,7
2024-09-18 15:03:20.328000,413.90636129995215,105
2024-09-18 15:03:21.044000,413.932751188873,996
2024-09-18 15:03:21.167000,407.5903771425378,997
2024-09-18 15:03:21.194000,413.9208454465281,96
2024-09-18 15:03:21.294000,413.94407606591176,995
2024-09-18 15:03:21.344000,413.9202215053977,5
2024-09-18 15:03:21.391000,413.9307479982471,104
2024-09-18 15:03:21.406000,413.897448013629,10
2024-09-18 15:03:21.469000,413.8957284333934,104
2024-09-18 15:03:21.525000,413.89945992480426,103
2024-09-18 15:03:21.565000,413.9418860665677,14
2024-09-18 15:03:21.570000,413.9218799588898,995
2024-09-18 15:03:21.589000,413.8903258639388,8
2024-09-18 15:03:21.630000,413.905906804113,1005
2024-09-18 15:03:21.670000,413.8849962507729,103
2024-09-18 15:03:21.816000,413.9178616998768,1005
2024-09-18 15:03:21.832000,413.93763079994727,1003
2024-09-18 15:03:21.906000,413.9227595279056,997
2024-09-18 15:03:21.979000,413.9559295060114,997
2024-09-18 15:03:22.021000,413.9182389054477,1001
2024-09-18 15:03:22.025000,413.9330967775218,11
2024-09-18 15:03:22.160000,413.9110723479946,996
2024-09-18 15:03:22.232000,413.9437099075194,102
2024-09-18 15:03:22.372000,413.9236218818613,1002
2024-09-18 15:03:22.459000,407.51094855350647,998
2024-09-18 15:03:22.493000,413.9077761691465,999
2024-09-18 15:03:22.505000,413.93676875079245,5
2024-09-18 15:03:22.535000,413.92710945232886,5
2024-09-18 15:03:22.603000,413.9652270250143,7
2024-09-18 15:03:22.649000,413.9279848851348,12
2024-09-18 15:03:22.886000,413.9458986440969,100
2024-09-18 15:03:22.930000,413.9237882654365,1001
2024-09-18 15:03:22.958000,413.9451024370193,100
2024-09-18 15:03:22.983000,413.9223311431708,1003
2024-09-18 15:03:23.071000,413.9292917064026,102
2024-09-18 15:03:23.136000,413.8783717550035,101
2024-09-18 15:03:23.184000,413.87040767654304,100
2024-09-18 15:03:23.227000,413.9631424614214,7
2024-09-18 15:03:23.284000,413.9234673018356,105
2024-09-18 15:03:23.386000,413.8730491714426,999
2024-09-18 15:03:23.410000,413.86732242421743,996
2024-09-18 15:03:23.492000,413.85342161647554,5
2024-09-18 15:03:23.505000,413.9200632573015,1005
2024-09-18 15:03:23.507000,413.8740705115464,999
2024-09-18 15:03:23.527000,413.8921143710927,999
2024-09-18 15:03:23.557000,413.8926841482631,95
2024-09-18 15:03:23.603000,413.8666697818045,9
2024-09-18 15:03:23.700000,413.8474414951362,9
2024-09-18 15:03:23.700000,413.896966165216,98
2024-09-18 15:03:23.810000,413.8783312133157,101
2024-09-18 15:03:23.847000,413.8687408868689,995
2024-09-18 15:03:23.850000,413.9624062501064,996
2024-09-18 15:03:23.898000,413.9534039378957,103
2024-09-18 15:03:24.028000,413.9041526245675,1001
2024-09-18 15:03:24.055000,413.87903189675785,97
2024-09-18 15:03:24.077000,413.8780525520677,6
2024-09-18 15:03:24.086000,413.8823040247676,99
2024-09-18 15:03:24.106000,413.867805545004,14
2024-09-18 15:03:24.120000,413.8784819712649,996
2024-09-18 15:03:24.565000,413.8959566681632,98
2024-09-18 15:03:24.874000,413.894012546017,105
2024-09-18 15:03:24.887000,413.8496206673356,8
2024-09-18 15:03:24.955000,413.88482065777663,996
2024-09-18 15:03:24.975000,413.8791862354476,1002
2024-09-18 15:03:25.180000,413.9153114298092,101
2024-09-18 15:03:25.207000,413.8990741797909,999
2024-09-18 15:03:25.288000,413.9524077138189,10
2024-09-18 15:03:25.317000,413.9602000498895,101
2024-09-18 15:03:25.349000,413.9578973967746,8
2024-09-18 15:03:25.364000,413.9264641097239,96
2024-09-18 15:03:25.377000,413.8837407705375,10
2024-09-18 15:03:25.387000,413.9583352047737,997
2024-09-18 15:03:25.518000,413.93596788496166,105
2024-09-18 15:03:25.585000,413.9617765752549,96
2024-09-18 15:03:25.650000,413.9112590160275,95
2024-09-18 15:03:25.682000,413.92120359266033,10
2024-09-18 15:03:25.696000,413.884329762974,97
2024-09-18 15:03:25.715000,413.95877109996087,101
2024-09-18 15:03:25.718000,413.887844512366,996
2024-09-18 15:03:25.760000,413.8700656866233,101
2024-09-18 15:03:25.904000,413.8742360947058,7
2024-09-18 15:03:25.945000,413.95728671401713,15
2024-09-18 15:03:25.946000,413.8812749470485,997
2024-09-18 15:03:26.075000,413.9893667210199,1000
2024-09-18 15:03:26.175000,413.97405832066977,12
2024-09-18 15:03:26.184000,413.9868592232159,1004
2024-09-18 15:03:26.328000,413.9799822893648,1001
2024-09-18 15:03:26.362000,413.95795766462334,13
2024-09-18 15:03:26.399000,413.9693097073185,101
2024-09-18 15:03:26.436000,413.9573260474573,13
2024-09-18 15:03:26.452000,413.9929449087606,99
2024-09-18 15:03:26.573000,413.9683556612353,7
2024-09-18 15:03:26.633000,413.9831996165742,101
2024-09-18 15:03:26.770000,413.9437921638517,14
2024-09-18 15:03:26.866000,413.9831287771533,97
2024-09-18 15:03:26.869000,413.9563842983538,999
2024-09-18 15:03:26.891000,413.9634941644012,13
2024-09-18 15:03:26.964000,413.9676803784801,6
2024-09-18 15:03:27.044000,413.96183337433183,99
2024-09-18 15:03:27.069000,413.9676279907198,98
2024-09-18 15:03:27.069000,413.9636945887538,999
2024-09-18 15:03:27.104000,413.9386976926094,995
2024-09-18 15:03:27.192000,413.9643776121664,14
2024-09-18 15:03:27.259000,413.9677147900858,103
2024-09-18 15:03:27.344000,413.9685662464744,15
2024-09-18 15:03:27.457000,413.96570842736895,996
2024-09-18 15:03:27.489000,413.9562837679746,1001
2024-09-18 15:03:27.632000,413.9744370314092,13
2024-09-18 15:03:27.703000,413.9638871475776,10
2024-09-18 15:03:27.835000,413.9627600433604,10
2024-09-18 15:03:27.852000,413.96054562307376,13
2024-09-18 15:03:27.874000,413.9580522665876,98
2024-09-18 15:03:27.889000,413.97576966831423,104
2024-09-18 15:03:27.929000,413.9753451102278,996
2024-09-18 15:03:27.951000,413.97175980600815,9
2024-09-18 15:03:28.008000,413.9613561399392,1000
2024-09-18 15:03:28.097000,413.9611299070883,98
2024-09-18 15:03:28.153000,413.966330838372,9
2024-09-18 15:03:28.335000,413.9694022586412,995
2024-09-18 15:03:28.368000,413.9802937673058,9
2024-09-18 15:03:28.436000,413.9511152936256,998
2024-09-18 15:03:28.780000,413.99115109501565,1003
2024-09-18 15:03:29.196000,413.9976304566756,7
2024-09-18 15:03:29.227000,413.98601571093104,9
2024-09-18 15:03:29.232000,413.97427333882433,1005
2024-09-18 15:03:29.254000,413.9445540040356,7
2024-09-18 15:03:29.307000,413.9878960698181,8
2024-09-18 15:03:29.308000,414.0550908256705,97
2024-09-18 15:03:29.314000,413.9781455615772,15
2024-09-18 15:03:29.318000,413.9351317686595,97
2024-09-18 15:03:29.332000,414.0138647379985,1000
2024-09-18 15:03:29.367000,413.9756972172245,997
2024-09-18 15:03:29.384000,413.9610215242116,105
2024-09-18 15:03:29.521000,413.9391602246786,14
2024-09-18 15:03:29.539000,413.9884689955861,10
2024-09-18 15:03:29.575000,413.96373454972746,14
2024-09-18 15:03:29.587000,414.0057315976649,996
2024-09-18 15:03:29.612000,413.9411113860817,996
2024-09-18 15:03:29.680000,414.0379688877386,6
2024-09-18 15:03:29.710000,413.9593428730981,11
2024-09-18 15:03:29.727000,413.9719350848801,97
2024-09-18 15:03:29.746000,414.0397592481577,100
2024-09-18 15:03:29.848000,414.0688704071465,999
2024-09-18 15:03:29.954000,414.0507664083199,12
2024-09-18 15:03:30.159000,414.0987467670382,101
2024-09-18 15:03:30.200000,414.0840720672324,101
2024-09-18 15:03:30.219000,414.0782119851594,999
2024-09-18 15:03:30.251000,414.0507654916884,101
2024-09-18 15:03:30.507000,414.0613759633276,100
2024-09-18 15:03:30.613000,414.0496584022764,1001
2024-09-18 15:03:30.967000,414.09589877122806,7
2024-09-18 15:03:31.027000,414.0915448916277,98
2024-09-18 15:03:31.216000,414.0953271590679,999
2024-09-18 15:03:31.461000,414.0785218561036,12
2024-09-18 15:03:31.830000,414.0782081874182,95
2024-09-18 15:03:32.030000,414.1194927176612,1004
2024-09-18 15:03:32.093000,414.0785734245705,101
2024-09-18 15:03:32.098000,414.1086025935594,1003
2024-09-18 15:03:32.163000,414.0882631680631,10
2024-09-18 15:03:32.307000,414.1163575390108,100
2024-09-18 15:03:32.412000,414.08593518788535,8
2024-09-18 15:03:32.468000,414.11406419243536,97
2024-09-18 15:03:32.476000,414.0982269348426,11
2024-09-18 15:03:32.574000,414.0737843931437,96
2024-09-18 15:03:32.599000,414.0942107552127,1001
2024-09-18 15:03:32.609000,414.0824655576954,995
2024-09-18 15:03:32.618000,414.07548122894485,14
2024-09-18 15:03:32.634000,414.0921805730098,1004
2024-09-18 15:03:32.637000,414.0918619126742,99
2024-09-18 15:03:32.666000,414.0910059521934,1004
2024-09-18 15:03:32.716000,414.1000285081856,1001
2024-09-18 15:03:32.722000,414.1307814010007,1002
2024-09-18 15:03:32.730000,414.08695333361777,998
2024-09-18 15:03:32.748000,414.08469996604913,1001
2024-09-18 15:03:32.840000,414.0781324307047,97
2024-09-18 15:03:32.868000,414.0791283772868,998
2024-09-18 15:03:32.882000,414.1022155708637,1001
2024-09-18 15:03:32.968000,414.0807403081096,1004
2024-09-18 15:03:33.142000,414.12812565599967,7
2024-09-18 15:03:33.228000,414.14953991360255,999
2024-09-18 15:03:33.270000,414.08796770649866,1005
2024-09-18 15:03:33.479000,414.1230236242925,1004
2024-09-18 15:03:33.547000,414.0811298187976,99
2024-09-18 15:03:33.646000,414.1313881956195,7
2024-09-18 15:03:33.734000,414.1094370553521,999
2024-09-18 15:03:33.764000,414.0907982066392,14
2024-09-18 15:03:33.956000,407.6184547543065,14
2024-09-18 15:03:34.037000,414.1737383054909,1003
2024-09-18 15:03:34.050000,414.1828800422401,1003
2024-09-18 15:03:34.054000,414.1050045751056,102
2024-09-18 15:03:34.087000,414.1723575016384,13
2024-09-18 15:03:34.094000,414.1785989291768,7
2024-09-18 15:03:34.108000,414.1715168750613,98
2024-09-18 15:03:34.188000,414.186099556316,96
2024-09-18 15:03:34.193000,414.15171921896285,96
2024-09-18 15:03:34.194000,414.1179437454887,97
2024-09-18 15:03:34.197000,414.147394414745,1000
2024-09-18 15:03:34.292000,414.1450012702596,12
2024-09-18 15:03:34.325000,414.1263637662055,14
2024-09-18 15:03:34.420000,414.2019752502105,11
2024-09-18 15:03:34.447000,414.145257885683,10
2024-09-18 15:03:34.453000,414.1164799391999,5
2024-09-18 15:03:34.478000,414.20390721986513,101
2024-09-18 15:03:34.521000,414.1529476804829,101
2024-09-18 15:03:34.524000,414.1884830326824,10
2024-09-18 15:03:34.547000,414.18775093978326,13
2024-09-18 15:03:34.564000,414.0960315235912,103
2024-09-18 15:03:34.566000,414.16687151675615,996
2024-09-18 15:03:34.594000,414.1710189802021,11
2024-09-18 15:03:34.657000,414.1479328120138,996
2024-09-18 15:03:34.822000,414.1689417434088,95
2024-09-18 15:03:34.823000,414.11397803632326,1005
2024-09-18 15:03:34.923000,414.1183788026205,100
2024-09-18 15:03:34.946000,414.2029209349779,1000
2024-09-18 15:03:34.965000,414.11929576159633,12
2024-09-18 15:03:35.009000,414.1599884376868,95
2024-09-18 15:03:35.055000,414.1729554798424,96
2024-09-18 15:03:35.066000,414.1265216909777,1004
2024-09-18 15:03:35.154000,414.1727685805129,15
2024-09-18 15:03:35.230000,414.1398888507076,102
2024-09-18 15:03:35.251000,414.1702164970336,97
2024-09-18 15:03:35.325000,414.1032378580338,99
2024-09-18 15:03:35.331000,414.1767393730341,1000
2024-09-18 15:03:35.335000,414.0990934098974,7
2024-09-18 15:03:35.519000,414.0981521816616,99
2024-09-18 15:03:35.571000,414.1614981566441,996
2024-09-18 15:03:35.672000,414.1860389291615,96
2024-09-18 15:03:35.676000,414.14431973383495,10
2024-09-18 15:03:35.679000,414.1589455171661,995
2024-09-18 15:03:35.721000,414.1841966582252,999
2024-09-18 15:03:35.783000,414.1663585064408,1001
2024-09-18 15:03:35.897000,414.1755501805542,5
2024-09-18 15:03:35.928000,414.0996829334312,996
2024-09-18 15:03:35.964000,414.1543858450663,15
2024-09-18 15:03:36.172000,414.1738004328965,998
2024-09-18 15:03:36.213000,414.16494766752174,13
2024-09-18 15:03:36.291000,414.14472949047496,1004
2024-09-18 15:03:36.295000,414.1400065716583,996
2024-09-18 15:03:36.359000,414.1714305438719,1005
2024-09-18 15:03:36.362000,414.1507249528501,11
2024-09-18 15:03:36.362000,414.1642497755877,96
2024-09-18 15:03:36.515000,414.12249092405386,13
2024-09-18 15:03:36.515000,414.1750737171731,100
2024-09-18 15:03:36.517000,414.1784088255076,1002
2024-09-18 15:03:36.565000,414.126774835703,1000
2024-09-18 15:03:36.612000,414.14141074069727,1003
2024-09-18 15:03:36.617000,414.1461772120184,11
2024-09-18 15:03:36.704000,414.16108046193887,998
2024-09-18 15:03:36.719000,414.18752411597217,7
2024-09-18 15:03:36.841000,414.16061366001054,99
2024-09-18 15:03:36.868000,414.0960791997707,95
2024-09-18 15:03:36.947000,414.1741287016792,15
2024-09-18 15:03:37.012000,414.1304701263938,8
2024-09-18 15:03:37.025000,414.1384864351394,1004
2024-09-18 15:03:37.098000,414.110828537966,1001
2024-09-18 15:03:37.109000,414.1061372085928,1002
2024-09-18 15:03:37.112000,414.10727897616,996
2024-09-18 15:03:37.192000,414.12314876276014,95
2024-09-18 15:03:37.196000,414.129732233296,1000
2024-09-18 15:03:37.222000,414.1446202030039,105
2024-09-18 15:03:37.224000,414.1232864092848,998
2024-09-18 15:03:37.278000,414.1127773766289,14
2024-09-18 15:03:37.279000,414.1328283453194,6
2024-09-18 15:03:37.338000,414.0991259290063,1003
2024-09-18 15:03:37.358000,414.1055492260684,997
2024-09-18 15:03:37.386000,414.1136682816763,104
2024-09-18 15:03:37.429000,414.12096408459433,5
2024-09-18 15:03:37.439000,414.1109150517755,13
2024-09-18 15:03:37.574000,414.1075117630451,15
2024-09-18 15:03:37.636000,414.11258725012783,997
2024-09-18 15:03:37.817000,414.114814697363,998
2024-09-18 15:03:37.832000,414.1238506814025,14
2024-09-18 15:03:37.928000,414.1261128696485,13
2024-09-18 15:03:37.966000,414.1019281734238,95
2024-09-18 15:03:38.168000,414.0839786157457,97
2024-09-18 15:03:38.224000,414.1023173904055,999
2024-09-18 15:03:38.583000,414.10638248564845,95
2024-09-18 15:03:38.678000,414.1066005106114,14
2024-09-18 15:03:39.027000,414.0977152882333,98
2024-09-18 15:03:39.039000,414.0936526165387,1005
2024-09-18 15:03:39.081000,414.0930439636079,995
2024-09-18 15:03:39.106000,414.115969373304,104
2024-09-18 15:03:39.121000,414.0975832901249,12
2024-09-18 15:03:39.139000,414.0710707305533,99
2024-09-18 15:03:39.164000,414.09855481503,1004
2024-09-18 15:03:39.294000,414.1041920231913,9
2024-09-18 15:03:39.328000,414.1223261964244,8
2024-09-18 15:03:39.344000,414.13810430008,1002
2024-09-18 15:03:39.401000,414.1236099793398,97
2024-09-18 15:03:39.464000,414.1093502704392,1001
2024-09-18 15:03:39.568000,414.0926754289285,100
2024-09-18 15:03:39.588000,414.0635025500906,96
2024-09-18 15:03:39.691000,414.1246023524173,11
2024-09-18 15:03:39.712000,414.1075428990758,6
2024-09-18 15:03:39.761000,414.1120909533746,8
2024-09-18 15:03:39.833000,414.10628176139386,8
2024-09-18 15:03:39.850000,414.0686958612414,14
2024-09-18 15:03:39.864000,414.10634536157465,15
2024-09-18 15:03:39.864000,414.09968032197054,103
2024-09-18 15:03:39.868000,414.0985228914456,1002
2024-09-18 15:03:39.881000,414.0894750817848,14
2024-09-18 15:03:39.896000,414.0924942610614,11
2024-09-18 15:03:39.966000,414.0971338455919,1000
2024-09-18 15:03:40.291000,414.13787741907385,1000
2024-09-18 15:03:40.417000,414.1386629215231,13
2024-09-18 15:03:40.435000,414.1524900565079,998
2024-09-18 15:03:40.487000,414.1272822192556,97
2024-09-18 15:03:40.501000,414.13528547107177,101
2024-09-18 15:03:40.565000,414.15349356959183,11
2024-09-18 15:03:40.665000,414.13678246129575,1003
2024-09-18 15:03:40.796000,414.13265845043065,105
2024-09-18 15:03:40.886000,414.12358159276624,1005
2024-09-18 15:03:42.046000,414.052754021172,96
2024-09-18 15:03:42.065000,414.0687973026426,1002
2024-09-18 15:03:42.219000,414.1489463381893,9
2024-09-18 15:03:42.391000,414.1435831530878,999
2024-09-18 15:03:42.430000,414.0898356630612,96
2024-09-18 15:03:42.484000,414.0616047736078,14
2024-09-18 15:03:42.502000,414.06472232654335,996
2024-09-18 15:03:42.509000,414.117130539565,95
2024-09-18 15:03:42.518000,414.08071860131145,95
2024-09-18 15:03:42.524000,414.0800098446788,1002
2024-09-18 15:03:42.691000,414.0370684837642,8
2024-09-18 15:03:42.692000,414.07861136366455,12
2024-09-18 15:03:42.697000,414.05594951058,102
2024-09-18 15:03:42.805000,414.0595310478568,100
2024-09-18 15:03:42.812000,414.1089779784719,12
2024-09-18 15:03:42.813000,414.1301691739453,1003
2024-09-18 15:03:42.890000,414.132130908228,998
2024-09-18 15:03:42.905000,414.0457621322876,102
2024-09-18 15:03:42.926000,414.13632070937024,997
2024-09-18 15:03:42.946000,414.1239588154713,98
2024-09-18 15:03:42.949000,414.0704117300224,103
2024-09-18 15:03:43.065000,414.0770283159291,97
2024-09-18 15:03:43.179000,414.0703344487864,9
2024-09-18 15:03:43.369000,414.0692046106733,9
2024-09-18 15:03:44.021000,414.08436190358793,103
2024-09-18 15:03:44.088000,414.0730090831047,103
2024-09-18 15:03:44.166000,414.0633392631904,1000
2024-09-18 15:03:44.180000,414.1008466948138,997
2024-09-18 15:03:44.209000,414.1060651006849,1000
2024-09-18 15:03:44.281000,414.0854034447443,10
2024-09-18 15:03:44.323000,414.131071535633,1003
2024-09-18 15:03:44.372000,414.12618914192376,12
2024-09-18 15:03:44.403000,414.0952763452751,12
2024-09-18 15:03:44.416000,414.1459083171224,1003
2024-09-18 15:03:44.468000,414.1428109516805,999
2024-09-18 15:03:44.514000,414.12929034719855,98
2024-09-18 15:03:44.593000,414.1056630268375,1003
2024-09-18 15:03:44.608000,414.0813102753283,96
2024-09-18 15:03:44.612000,414.1382741122682,1000
2024-09-18 15:03:44.651000,414.12495321274696,100
2024-09-18 15:03:44.725000,414.1007638714335,1004
2024-09-18 15:03:44.738000,414.0843545650404,10
2024-09-18 15:03:44.783000,414.05552243821376,11
2024-09-18 15:03:44.857000,414.12069003460414,5
2024-09-18 15:03:44.924000,414.0615813756638,7
2024-09-18 15:03:44.931000,414.1118104046837,5
2024-09-18 15:03:44.969000,414.101086682569,997
2024-09-18 15:03:45.094000,414.1677158444921,11
2024-09-18 15:03:45.182000,414.1529791570456,11
2024-09-18 15:03:45.205000,414.17996050967656,995
2024-09-18 15:03:45.273000,414.14959904928406,15
2024-09-18 15:03:45.281000,414.1478430995905,995
2024-09-18 15:03:45.285000,414.1832641636857,99
2024-09-18 15:03:45.306000,414.1797853709501,5
2024-09-18 15:03:45.452000,414.17727593138375,1005
2024-09-18 15:03:45.568000,414.1615336883947,996
2024-09-18 15:03:45.623000,414.1402970096653,1004
2024-09-18 15:03:45.630000,414.1504058649495,15
2024-09-18 15:03:45.712000,414.1352760160458,104
2024-09-18 15:03:45.758000,414.1764420858757,998
2024-09-18 15:03:45.790000,414.1559034436322,5
2024-09-18 15:03:45.835000,414.190964617458,995
2024-09-18 15:03:46.087000,414.2216882145135,105
2024-09-18 15:03:46.096000,414.2066962902564,95
2024-09-18 15:03:46.199000,414.16326997199707,99
2024-09-18 15:03:46.292000,414.192680902033,996
2024-09-18 15:03:46.297000,414.1991590922348,97
2024-09-18 15:03:46.367000,414.1784235904765,7
2024-09-18 15:03:46.379000,414.19470569978927,6
2024-09-18 15:03:46.405000,414.2134166641429,104
2024-09-18 15:03:46.410000,414.20656275331663,1005
2024-09-18 15:03:46.639000,414.2007951092354,105
2024-09-18 15:03:46.697000,414.20918672134417,7
2024-09-18 15:03:46.767000,414.1861696067565,13
2024-09-18 15:03:46.789000,414.2193477300667,10
2024-09-18 15:03:46.846000,414.22090448055735,95
2024-09-18 15:03:46.882000,414.1848547786996,12
2024-09-18 15:03:46.980000,414.1749501874669,103
2024-09-18 15:03:47.045000,414.1671472450343,996
2024-09-18 15:03:47.070000,414.1743843663714,102
2024-09-18 15:03:47.088000,414.1601673500235,995
2024-09-18 15:03:47.088000,414.1799722065503,1004
2024-09-18 15:03:47.088000,414.16351402289285,9
2024-09-18 15:03:47.154000,414.1635556468733,997
2024-09-18 15:03:47.163000,414.1660720387222,15
2024-09-18 15:03:47.165000,414.16862717146535,995
2024-09-18 15:03:47.177000,414.1685449453175,995
2024-09-18 15:03:47.180000,414.15781682772297,1001
2024-09-18 15:03:47.235000,414.1767504823069,999
2024-09-18 15:03:47.243000,414.1485969536479,10
2024-09-18 15:03:47.264000,414.1718815590105,1003
2024-09-18 15:03:47.289000,414.1828144763626,10
2024-09-18 15:03:47.436000,414.17601788799567,10
2024-09-18 15:03:47.454000,414.1984979073355,98
2024-09-18 15:03:47.467000,414.1473572997644,14
2024-09-18 15:03:47.533000,414.180858335889,11
2024-09-18 15:03:47.542000,414.1886669832438,1003
2024-09-18 15:03:47.636000,414.17893910765247,1004
2024-09-18 15:03:47.701000,414.1502618884949,8
2024-09-18 15:03:47.755000,414.1551584385904,98
2024-09-18 15:03:47.797000,414.1476006301424,13
2024-09-18 15:03:47.810000,414.20096017427255,103
2024-09-18 15:03:47.817000,414.1815390555882,10
2024-09-18 15:03:47.838000,414.1463400765181,998
2024-09-18 15:03:47.902000,414.1923049033808,11
2024-09-18 15:03:48.093000,414.2038353975245,8
2024-09-18 15:03:48.095000,414.2288535071984,7
2024-09-18 15:03:48.148000,414.1733791869486,1002
2024-09-18 15:03:48.302000,414.18996469566775,997
2024-09-18 15:03:48.398000,414.1759320589792,997
2024-09-18 15:03:48.420000,414.22125621099127,12
2024-09-18 15:03:48.538000,414.22034463819006,105
2024-09-18 15:03:48.668000,414.2147402284691,101
2024-09-18 15:03:48.690000,414.21129947712194,999
2024-09-18 15:03:48.699000,414.2161339928069,6
2024-09-18 15:03:49.132000,414.19690115238313,997
2024-09-18 15:03:49.199000,414.1831659365457,999
2024-09-18 15:03:49.231000,414.18287146051233,997
2024-09-18 15:03:49.240000,414.1901798776627,12
2024-09-18 15:03:49.323000,414.1977397860181,995
2024-09-18 15:03:49.327000,414.1947025522319,995
2024-09-18 15:03:49.330000,414.190071932271,15
2024-09-18 15:03:49.385000,414.18892220248216,103
2024-09-18 15:03:49.401000,414.1897463222928,13
2024-09-18 15:03:49.407000,414.20350943019474,6
2024-09-18 15:03:49.474000,414.1820919850062,996
2024-09-18 15:03:49.480000,414.183205092275,105
2024-09-18 15:03:49.482000,414.1920616364919,1003
2024-09-18 15:03:49.557000,414.1989538262869,1003
2024-09-18 15:03:49.615000,414.1940516558093,1003
2024-09-18 15:03:49.737000,414.2318038003706,9
2024-09-18 15:03:49.778000,414.2022826219158,105
2024-09-18 15:03:49.848000,414.1941195209281,103
2024-09-18 15:03:49.953000,414.2056149689199,1000
2024-09-18 15:03:50.020000,414.1773513816589,102
2024-09-18 15:03:50.055000,414.16073601738975,102
2024-09-18 15:03:50.090000,414.13548398574153,6
2024-09-18 15:03:50.110000,414.1878318123654,5
2024-09-18 15:03:50.124000,414.1376569697295,1001
2024-09-18 15:03:50.212000,414.17382850019686,999
2024-09-18 15:03:50.346000,414.15265993200137,15
2024-09-18 15:03:50.351000,414.17060894466846,15
2024-09-18 15:03:50.356000,414.1869505894955,1004
2024-09-18 15:03:50.748000,414.1546042124379,103
2024-09-18 15:03:50.829000,414.1755733622408,105
2024-09-18 15:03:50.836000,414.1963302876126,105
2024-09-18 15:03:50.958000,414.1427572033015,100
2024-09-18 15:03:50.998000,414.1585678052904,104
2024-09-18 15:03:51.017000,414.16419704348215,102
2024-09-18 15:03:51.046000,414.157022880692,1005
2024-09-18 15:03:51.125000,414.1552192501909,1004
2024-09-18 15:03:51.175000,414.16818548776695,999
2024-09-18 15:03:51.299000,414.15866096055686,105
2024-09-18 15:03:51.363000,414.1771524225833,100
2024-09-18 15:03:51.370000,414.1441754886319,7
2024-09-18 15:03:51.444000,407.0958134417249,996
2024-09-18 15:03:51.491000,414.16313888867984,1003
2024-09-18 15:03:51.587000,414.1318963003252,102
2024-09-18 15:03:51.594000,414.1656015893158,104
2024-09-18 15:03:51.698000,414.1557801187956,104
2024-09-18 15:03:51.832000,414.1549694517548,1001
2024-09-18 15:03:51.867000,414.176943575814,996
2024-09-18 15:03:51.905000,414.1545161519284,99
2024-09-18 15:03:51.931000,414.17233026444353,9
2024-09-18 15:03:51.960000,414.15181903608885,1000
2024-09-18 15:03:52.213000,414.1811667602612,1004
2024-09-18 15:03:52.227000,414.1693192301469,998
2024-09-18 15:03:52.511000,414.15216968497833,1003
2024-09-18 15:03:52.859000,414.1642493374538,101
2024-09-18 15:03:53.043000,414.1657602654914,97
2024-09-18 15:03:53.152000,414.16897784098194,100
2024-09-18 15:03:53.181000,414.1689139001626,997
2024-09-18 15:03:53.276000,414.1788334491434,9
2024-09-18 15:03:53.281000,414.1673706496144,100
2024-09-18 15:03:53.304000,414.1561671834209,96
2024-09-18 15:03:53.311000,414.15733942133687,1003
2024-09-18 15:03:53.347000,414.153572774184,105
2024-09-18 15:03:53.444000,414.1556192873353,996
2024-09-18 15:03:53.447000,414.1583520329714,13
2024-09-18 15:03:53.456000,414.1676812612946,100
2024-09-18 15:03:53.488000,414.1620873454027,997
2024-09-18 15:03:53.545000,414.18726720906886,7
2024-09-18 15:03:53.628000,414.1514742769526,100
2024-09-18 15:03:53.755000,414.1698630652122,102
2024-09-18 15:03:53.775000,414.1629285869723,13
2024-09-18 15:03:53.802000,414.1895312287448,6
2024-09-18 15:03:53.817000,414.17311843217885,6
2024-09-18 15:03:53.879000,414.1766836956811,95
2024-09-18 15:03:53.920000,414.1846910021503,103
2024-09-18 15:03:53.985000,414.1715181379575,1000
2024-09-18 15:03:53.985000,414.1616521044886,7
2024-09-18 15:03:53.986000,414.1630724004932,14
2024-09-18 15:03:54.018000,414.20110841793024,99
2024-09-18 15:03:54.047000,414.1894784954773,13
2024-09-18 15:03:54.144000,414.2069551932623,10
2024-09-18 15:03:54.148000,414.1858686692973,8
2024-09-18 15:03:54.149000,414.1940422784307,999
2024-09-18 15:03:54.175000,414.2197150111336,1003
2024-09-18 15:03:54.185000,414.1953340704097,14
2024-09-18 15:03:54.268000,414.2011067475221,9
2024-09-18 15:03:54.269000,414.1848234826618,1004
2024-09-18 15:03:54.345000,414.17745021344297,96
2024-09-18 15:03:54.362000,414.1883843842422,97
2024-09-18 15:03:54.369000,414.1922926701114,101
2024-09-18 15:03:54.399000,414.169945386972,8
2024-09-18 15:03:54.422000,414.197892109892,99
2024-09-18 15:03:54.565000,414.1969172578462,98
2024-09-18 15:03:54.589000,414.1864805040952,999
2024-09-18 15:03:54.608000,414.1806938333336,95
2024-09-18 15:03:54.625000,414.1999251795496,1005
2024-09-18 15:03:54.692000,414.20620760741787,995
2024-09-18 15:03:54.715000,414.2052845530102,1000
2024-09-18 15:03:54.791000,414.2275020681815,997
2024-09-18 15:03:54.799000,414.19070249914176,1005
2024-09-18 15:03:54.864000,414.20114689362566,12
2024-09-18 15:03:54.936000,414.2204650842767,1002
2024-09-18 15:03:54.998000,414.20533031996,10
2024-09-18 15:03:55.192000,414.1518376992668,7
2024-09-18 15:03:55.331000,414.12994690652914,97
2024-09-18 15:03:55.369000,414.1359601679407,13
2024-09-18 15:03:55.395000,414.1372787962162,98
2024-09-18 15:03:55.443000,414.1423624909577,100
2024-09-18 15:03:55.479000,414.126525318172,1001
2024-09-18 15:03:55.533000,414.1649972380492,97
2024-09-18 15:03:55.663000,414.1428868321244,999
2024-09-18 15:03:55.810000,414.1384037265104,105
2024-09-18 15:03:55.869000,414.1736881582773,95
2024-09-18 15:03:55.895000,414.1314258791787,999
2024-09-18 15:03:55.905000,414.1228266967992,103
2024-09-18 15:03:56.010000,414.0821361468168,104
2024-09-18 15:03:56.019000,414.0566381382693,104
2024-09-18 15:03:56.056000,414.079289842124,97
2024-09-18 15:03:56.085000,414.07359752571193,102
2024-09-18 15:03:56.105000,414.0948059584083,1001
2024-09-18 15:03:56.113000,414.1223504939886,7
2024-09-18 15:03:56.148000,414.0876487893231,996
2024-09-18 15:03:56.168000,414.067062135066,96
2024-09-18 15:03:56.218000,414.05591809051685,15
2024-09-18 15:03:56.262000,414.0671721021045,97
2024-09-18 15:03:56.281000,414.0126438483519,1003
2024-09-18 15:03:56.530000,414.01750696897386,8
2024-09-18 15:03:56.651000,414.00430825575296,102
2024-09-18 15:03:56.651000,414.0691825444807,97
2024-09-18 15:03:56.779000,414.0816850107992,9
2024-09-18 15:03:56.824000,414.1100421184832,1005
2024-09-18 15:03:56.833000,414.0166303482175,9
2024-09-18 15:03:56.835000,414.0391012621419,7
2024-09-18 15:03:56.847000,414.04920856835054,99
2024-09-18 15:03:56.942000,414.1044333805753,1004
2024-09-18 15:03:56.961000,414.0116041034663,1001
2024-09-18 15:03:56.972000,414.11865575239017,98
2024-09-18 15:03:57.084000,413.9156803838831,8
2024-09-18 15:03:57.100000,413.9379130179319,6
2024-09-18 15:03:57.111000,413.930586122407,105
2024-09-18 15:03:57.164000,413.927849542828,15
2024-09-18 15:03:57.195000,413.9991077386563,1005
2024-09-18 15:03:57.203000,414.0076177165583,6
2024-09-18 15:03:57.209000,413.9177465368466,13
2024-09-18 15:03:57.233000,413.9777256334184,996
2024-09-18 15:03:57.237000,413.9044736995666,8
2024-09-18 15:03:57.319000,414.0146889487255,98
2024-09-18 15:03:57.320000,413.9667080533778,1003
2024-09-18 15:03:57.351000,413.9918187540737,14
2024-09-18 15:03:57.378000,413.9940731101773,97
2024-09-18 15:03:57.392000,414.0146430879345,1000
2024-09-18 15:03:57.576000,413.95766344739405,99
2024-09-18 15:03:57.655000,413.91429898855125,9
2024-09-18 15:03:57.675000,413.9071837144666,6
2024-09-18 15:03:57.686000,413.98500729178255,1003
2024-09-18 15:03:57.713000,414.0041683614852,9
2024-09-18 15:03:57.752000,413.9442805912008,103
2024-09-18 15:03:57.788000,414.0079305532739,997
2024-09-18 15:03:57.795000,413.9516210783311,1004
2024-09-18 15:03:57.817000,413.9967851183228,105
2024-09-18 15:03:57.858000,413.96064203444,105
2024-09-18 15:03:57.930000,413.9119387929766,103
2024-09-18 15:03:57.958000,414.0190813759114,6
2024-09-18 15:03:58.098000,414.0291850563031,15
2024-09-18 15:03:58.314000,414.01600570287945,105
2024-09-18 15:03:58.479000,407.094141669688,15
2024-09-18 15:03:58.544000,414.0228101435361,13
2024-09-18 15:03:58.594000,414.0309585194366,105
2024-09-18 15:03:58.752000,414.0251245997399,1003
2024-09-18 15:03:58.865000,414.028619963181,14
2024-09-18 15:03:59.304000,414.03641045087033,1001
2024-09-18 15:03:59.312000,414.0344437913053,103
2024-09-18 15:03:59.339000,414.0383755081136,9
2024-09-18 15:03:59.366000,414.0514749046785,1000
2024-09-18 15:03:59.419000,414.0504175305753,997
2024-09-18 15:03:59.599000,414.04249134941927,102
2024-09-18 15:03:59.606000,414.04812749359786,105
2024-09-18 15:03:59.855000,414.0570854224869,11
2024-09-18 15:03:59.948000,414.0548947295849,1003
2024-09-18 15:03:59.997000,414.0441192118226,99
