Timestamp,Price,Size
2024-09-20 12:58:00.039000,427.5361663491138,1001
2024-09-20 12:58:00.078000,427.5544696481822,7
2024-09-20 12:58:00.080000,427.5444215789038,97
2024-09-20 12:58:00.150000,427.5000881671005,5
2024-09-20 12:58:00.294000,427.5132180646178,6
2024-09-20 12:58:00.544000,427.5137503644627,99
2024-09-20 12:58:00.569000,427.50645615775056,998
2024-09-20 12:58:00.615000,427.51701937629474,1005
2024-09-20 12:58:00.681000,427.4972304064676,95
2024-09-20 12:58:00.741000,427.4993017596885,1002
2024-09-20 12:58:00.821000,427.5169331532888,996
2024-09-20 12:58:00.935000,427.4906102325685,99
2024-09-20 12:58:01.119000,427.55938262695474,8
2024-09-20 12:58:01.339000,427.5455992572683,6
2024-09-20 12:58:01.502000,427.55330228917177,14
2024-09-20 12:58:01.541000,427.5937091337455,105
2024-09-20 12:58:01.559000,427.5756647742158,103
2024-09-20 12:58:01.589000,427.5643327429912,12
2024-09-20 12:58:01.737000,427.5901825043072,8
2024-09-20 12:58:02.006000,427.5697730295068,9
2024-09-20 12:58:02.064000,427.6121573379326,1004
2024-09-20 12:58:02.139000,427.61637478726686,6
2024-09-20 12:58:02.223000,427.5935092139585,96
2024-09-20 12:58:02.253000,427.6155763753137,10
2024-09-20 12:58:02.298000,427.6105934459699,99
2024-09-20 12:58:02.304000,427.6202930878848,15
2024-09-20 12:58:02.350000,427.5905674028855,13
2024-09-20 12:58:02.354000,427.5734078833742,998
2024-09-20 12:58:02.495000,427.5937255501085,9
2024-09-20 12:58:02.527000,427.6070290225913,99
2024-09-20 12:58:02.529000,427.60156851077153,9
2024-09-20 12:58:02.566000,427.5745273742227,996
2024-09-20 12:58:02.671000,427.6128183015685,101
2024-09-20 12:58:02.680000,427.6009849972123,102
2024-09-20 12:58:02.910000,427.6074859441041,1001
2024-09-20 12:58:02.958000,427.5448964647288,11
2024-09-20 12:58:02.966000,427.5998348912329,96
2024-09-20 12:58:03.046000,427.55331663943366,9
2024-09-20 12:58:03.067000,427.54135008218896,98
2024-09-20 12:58:03.107000,427.58423232357023,996
2024-09-20 12:58:03.173000,427.587460454342,1005
2024-09-20 12:58:03.375000,427.5342038824998,1004
2024-09-20 12:58:03.523000,427.566002864526,14
2024-09-20 12:58:03.531000,427.58819456749467,996
2024-09-20 12:58:03.534000,427.5399030772444,9
2024-09-20 12:58:03.586000,427.5908618969976,102
2024-09-20 12:58:03.848000,427.5385754989433,13
2024-09-20 12:58:03.885000,427.5427965704531,95
2024-09-20 12:58:03.885000,427.5948681571711,99
2024-09-20 12:58:03.987000,427.5505248971044,1005
2024-09-20 12:58:04.139000,427.622122316872,7
2024-09-20 12:58:04.222000,427.5136975699754,1001
2024-09-20 12:58:04.293000,427.64359577460107,102
2024-09-20 12:58:04.304000,427.6418634077384,1000
2024-09-20 12:58:04.373000,427.6024145501863,105
2024-09-20 12:58:04.383000,427.51268244994674,95
2024-09-20 12:58:04.449000,427.5598347632274,1003
2024-09-20 12:58:04.479000,427.5245801406941,1003
2024-09-20 12:58:04.501000,427.5123697207143,99
2024-09-20 12:58:04.514000,427.5332686191605,104
2024-09-20 12:58:04.584000,427.6352787740861,97
2024-09-20 12:58:04.647000,427.5785167690156,96
2024-09-20 12:58:04.705000,427.6009645498127,13
2024-09-20 12:58:04.720000,427.6099519037935,99
2024-09-20 12:58:04.752000,427.60579024243407,102
2024-09-20 12:58:04.754000,427.6346600798968,1004
2024-09-20 12:58:04.763000,427.5951505503311,105
2024-09-20 12:58:04.775000,427.6085256165914,1002
2024-09-20 12:58:04.802000,427.5440648956994,102
2024-09-20 12:58:04.805000,427.5779112624959,5
2024-09-20 12:58:04.842000,427.5970160205069,1004
2024-09-20 12:58:04.844000,427.54972869693296,10
2024-09-20 12:58:04.844000,427.5589015823082,12
2024-09-20 12:58:04.860000,427.63739605489593,1005
2024-09-20 12:58:04.884000,427.59441675832574,99
2024-09-20 12:58:04.958000,427.53064794456174,102
2024-09-20 12:58:04.974000,427.5483636596984,96
2024-09-20 12:58:06.079000,427.5424653012871,5
2024-09-20 12:58:06.089000,427.5557282391388,99
2024-09-20 12:58:06.215000,427.5389167079835,102
2024-09-20 12:58:06.248000,427.5199056020446,98
2024-09-20 12:58:06.287000,427.5569706886303,8
2024-09-20 12:58:06.303000,427.526082574885,99
2024-09-20 12:58:06.378000,427.5536064341534,1002
2024-09-20 12:58:06.402000,427.5575325898538,99
2024-09-20 12:58:06.473000,427.5493078264593,102
2024-09-20 12:58:07.021000,427.56908825787406,1000
2024-09-20 12:58:07.056000,427.5198882571399,1002
2024-09-20 12:58:07.120000,427.5528047459004,996
2024-09-20 12:58:07.170000,427.53002978643485,1003
2024-09-20 12:58:07.216000,427.51012353954593,102
2024-09-20 12:58:07.325000,427.5128007252423,14
2024-09-20 12:58:07.488000,427.5440668145766,15
2024-09-20 12:58:07.503000,427.5125005404648,9
2024-09-20 12:58:07.621000,427.547351160243,14
2024-09-20 12:58:07.664000,427.53021399823854,995
2024-09-20 12:58:07.765000,427.553212353911,13
2024-09-20 12:58:07.816000,427.52721981587865,8
2024-09-20 12:58:07.873000,427.5370656127503,96
2024-09-20 12:58:07.930000,427.5456058983443,998
2024-09-20 12:58:07.999000,427.5103735293095,8
2024-09-20 12:58:08.047000,427.516786764676,999
2024-09-20 12:58:08.096000,427.55313409344666,1000
2024-09-20 12:58:08.232000,427.5144041071238,99
2024-09-20 12:58:08.326000,427.524414504569,96
2024-09-20 12:58:08.422000,427.547264855875,99
2024-09-20 12:58:08.638000,427.50793656445177,6
2024-09-20 12:58:08.821000,427.5367221594601,1004
2024-09-20 12:58:08.906000,427.5192582237662,997
2024-09-20 12:58:08.993000,427.5436965904546,9
2024-09-20 12:58:09.039000,427.5153625169693,100
2024-09-20 12:58:09.376000,427.487712965317,1004
2024-09-20 12:58:09.381000,427.4951076104465,98
2024-09-20 12:58:09.385000,427.5214572009653,96
2024-09-20 12:58:09.793000,427.4983398413546,95
2024-09-20 12:58:10.030000,427.3423228761689,9
2024-09-20 12:58:10.075000,427.36541550069177,97
2024-09-20 12:58:10.129000,427.3306207770888,999
2024-09-20 12:58:10.181000,427.3522138172899,1003
2024-09-20 12:58:10.225000,427.3549489904668,995
2024-09-20 12:58:10.269000,427.50193421354686,100
2024-09-20 12:58:10.274000,427.3567117242568,9
2024-09-20 12:58:10.321000,427.3239858279693,99
2024-09-20 12:58:10.389000,427.3122516961448,6
2024-09-20 12:58:10.413000,427.3261270317984,5
2024-09-20 12:58:10.420000,427.3891801061582,99
2024-09-20 12:58:10.466000,427.35108207326175,96
2024-09-20 12:58:10.520000,427.43069070517487,995
2024-09-20 12:58:10.553000,427.462920751135,999
2024-09-20 12:58:10.596000,427.3398193155214,995
2024-09-20 12:58:10.598000,427.3434509592519,101
2024-09-20 12:58:10.608000,427.40800510008313,95
2024-09-20 12:58:10.634000,427.3673990564356,1003
2024-09-20 12:58:10.635000,427.36772727355736,98
2024-09-20 12:58:10.691000,427.4421893232683,100
2024-09-20 12:58:10.738000,427.3589978183291,998
2024-09-20 12:58:10.743000,427.3547240210304,103
2024-09-20 12:58:10.752000,427.48741395774704,1005
2024-09-20 12:58:10.764000,427.3389592478146,998
2024-09-20 12:58:10.815000,427.33029405158703,1001
2024-09-20 12:58:10.849000,427.4513761303307,100
2024-09-20 12:58:10.859000,427.3267090722955,998
2024-09-20 12:58:10.866000,427.518897334966,999
2024-09-20 12:58:10.951000,427.31916690807583,11
2024-09-20 12:58:10.993000,427.3306316580934,100
2024-09-20 12:58:11.019000,427.34790894815495,98
2024-09-20 12:58:11.195000,427.3469417692985,103
2024-09-20 12:58:11.328000,427.3583227312898,7
2024-09-20 12:58:11.565000,427.3543337673088,98
2024-09-20 12:58:11.630000,427.3545268424087,95
2024-09-20 12:58:11.718000,427.3501505996877,14
2024-09-20 12:58:11.812000,427.34971343826624,5
2024-09-20 12:58:12.070000,427.3637191640208,105
2024-09-20 12:58:12.099000,427.387554135481,15
2024-09-20 12:58:12.121000,427.39667764749663,995
2024-09-20 12:58:12.155000,427.36510570895217,103
2024-09-20 12:58:12.178000,427.36976770602985,100
2024-09-20 12:58:12.320000,427.3705540714889,102
2024-09-20 12:58:12.327000,427.3653113761454,7
2024-09-20 12:58:12.343000,427.3768986916703,105
2024-09-20 12:58:12.373000,427.3882501623982,1001
2024-09-20 12:58:12.419000,427.3603910211791,996
2024-09-20 12:58:12.432000,427.4020494418799,104
2024-09-20 12:58:12.505000,427.3645799658785,6
2024-09-20 12:58:12.567000,427.3660048979058,1002
2024-09-20 12:58:12.580000,427.3891094464825,1003
2024-09-20 12:58:12.661000,427.3797404220703,998
2024-09-20 12:58:12.752000,427.411301765823,14
2024-09-20 12:58:12.819000,427.3880385754046,10
2024-09-20 12:58:12.834000,427.3811266407617,14
2024-09-20 12:58:12.879000,427.38219193320543,95
2024-09-20 12:58:12.882000,427.3978110345909,95
2024-09-20 12:58:12.935000,427.3473287751578,13
2024-09-20 12:58:12.977000,427.3758090219072,998
2024-09-20 12:58:13.006000,427.4109189096927,102
2024-09-20 12:58:13.099000,427.4046667919004,97
2024-09-20 12:58:13.118000,427.4038564667721,104
2024-09-20 12:58:13.131000,427.4686524116648,6
2024-09-20 12:58:13.197000,427.45239041216985,103
2024-09-20 12:58:13.215000,427.4436812617362,104
2024-09-20 12:58:13.338000,427.40961784128336,1005
2024-09-20 12:58:13.339000,427.397544649014,1005
2024-09-20 12:58:13.447000,427.3937496027364,6
2024-09-20 12:58:13.448000,427.466501695362,1002
2024-09-20 12:58:13.490000,427.4194389531363,999
2024-09-20 12:58:13.498000,427.3918402606629,96
2024-09-20 12:58:13.543000,427.38339487870695,6
2024-09-20 12:58:13.573000,427.40875771340814,98
2024-09-20 12:58:13.734000,427.3971796315507,11
2024-09-20 12:58:13.772000,427.4165585076065,95
2024-09-20 12:58:13.908000,427.43287958797833,98
2024-09-20 12:58:13.957000,427.4717250850711,97
2024-09-20 12:58:14.008000,427.4453096477913,13
2024-09-20 12:58:14.049000,427.4238398211451,997
2024-09-20 12:58:14.257000,427.4241538588397,13
2024-09-20 12:58:14.263000,427.4408386232685,13
2024-09-20 12:58:14.282000,427.44273996678726,13
2024-09-20 12:58:14.452000,427.43991400328974,996
2024-09-20 12:58:14.454000,427.4603183707,999
2024-09-20 12:58:14.532000,427.48841455385474,102
2024-09-20 12:58:14.646000,427.451020509832,102
2024-09-20 12:58:14.735000,427.4668324366681,103
2024-09-20 12:58:14.782000,427.4570804980091,98
2024-09-20 12:58:14.795000,427.45023939119386,6
2024-09-20 12:58:14.860000,427.4487554187809,99
2024-09-20 12:58:14.923000,427.4844250274591,1001
2024-09-20 12:58:14.968000,427.4325306010733,99
2024-09-20 12:58:15.002000,427.4464722404779,99
2024-09-20 12:58:15.029000,427.4814343523131,995
2024-09-20 12:58:15.056000,427.4470820852024,1000
2024-09-20 12:58:15.057000,427.45082953697073,102
2024-09-20 12:58:15.179000,427.4809863423131,14
2024-09-20 12:58:15.264000,427.4290433578398,14
2024-09-20 12:58:15.384000,427.4702918692246,98
2024-09-20 12:58:15.390000,427.4474849411656,995
2024-09-20 12:58:15.430000,427.4559840126065,1002
2024-09-20 12:58:15.447000,427.4436301176374,102
2024-09-20 12:58:15.461000,427.4415137462021,100
2024-09-20 12:58:15.467000,427.4356044544695,1000
2024-09-20 12:58:15.521000,427.4643542391763,10
2024-09-20 12:58:15.591000,427.4388068559192,1002
2024-09-20 12:58:15.742000,427.4327023453486,998
2024-09-20 12:58:15.778000,427.4285569783622,1003
2024-09-20 12:58:15.782000,427.4548054285596,96
2024-09-20 12:58:15.827000,427.4230225549549,98
2024-09-20 12:58:15.891000,427.4283408024359,1000
2024-09-20 12:58:15.945000,427.47627323209,5
2024-09-20 12:58:15.994000,427.4393654616885,97
2024-09-20 12:58:16.088000,427.4921523608309,103
2024-09-20 12:58:16.256000,427.4766476471803,98
2024-09-20 12:58:16.358000,427.5023554069084,103
2024-09-20 12:58:16.516000,427.4949191301473,102
2024-09-20 12:58:16.630000,427.4851367504575,99
2024-09-20 12:58:16.644000,427.5069160309032,102
2024-09-20 12:58:16.916000,427.4844328219578,999
2024-09-20 12:58:16.975000,427.4805143088316,1001
2024-09-20 12:58:17.028000,427.46535817538734,6
2024-09-20 12:58:17.074000,427.4649749917992,15
2024-09-20 12:58:17.969000,427.4354578754901,97
2024-09-20 12:58:18.015000,427.36902808339966,10
2024-09-20 12:58:18.025000,427.3555798065222,997
2024-09-20 12:58:18.077000,427.4435402028641,5
2024-09-20 12:58:18.077000,427.4244904155052,10
2024-09-20 12:58:18.130000,427.4175544119456,99
2024-09-20 12:58:18.161000,427.436500825433,103
2024-09-20 12:58:18.161000,427.43866021795486,14
2024-09-20 12:58:18.225000,427.4246312490733,998
2024-09-20 12:58:18.262000,427.3264788103645,10
2024-09-20 12:58:18.268000,427.38822577806985,13
2024-09-20 12:58:18.287000,427.3491025670619,97
2024-09-20 12:58:18.295000,427.3002203159755,95
2024-09-20 12:58:18.342000,427.2623243979484,98
2024-09-20 12:58:18.364000,427.34104355666034,8
2024-09-20 12:58:18.379000,427.4193189345572,12
2024-09-20 12:58:18.621000,427.34854520836586,103
2024-09-20 12:58:18.630000,427.4369444902609,1005
2024-09-20 12:58:18.636000,427.2766336527434,15
2024-09-20 12:58:18.652000,427.34390491070224,15
2024-09-20 12:58:18.698000,427.34652454973207,10
2024-09-20 12:58:18.733000,427.3195917851895,101
2024-09-20 12:58:18.839000,427.4318539935685,97
2024-09-20 12:58:18.861000,427.273585177636,102
2024-09-20 12:58:18.863000,427.4058250168159,105
2024-09-20 12:58:18.902000,427.345945890328,6
2024-09-20 12:58:18.936000,427.4282497419816,7
2024-09-20 12:58:18.937000,427.31246386202514,999
2024-09-20 12:58:18.955000,427.3244729542799,6
2024-09-20 12:58:18.969000,427.4068827035066,1001
2024-09-20 12:58:19.020000,427.3252403591693,6
2024-09-20 12:58:19.159000,427.34255185136686,1000
2024-09-20 12:58:19.207000,427.3236695153168,998
2024-09-20 12:58:19.370000,427.2889253821242,95
2024-09-20 12:58:19.453000,427.3370815044858,5
2024-09-20 12:58:19.572000,427.32619429562914,7
2024-09-20 12:58:19.598000,427.2917252313133,999
2024-09-20 12:58:19.737000,427.29954290906335,6
2024-09-20 12:58:19.800000,427.2966328585751,1001
2024-09-20 12:58:19.858000,427.32989235188256,999
2024-09-20 12:58:19.958000,427.3217464587359,103
2024-09-20 12:58:20.010000,427.3615518531977,999
2024-09-20 12:58:20.023000,427.317971978422,102
2024-09-20 12:58:20.037000,427.3810330701314,95
2024-09-20 12:58:20.087000,427.3047494859662,103
2024-09-20 12:58:20.093000,427.3191940791119,1004
2024-09-20 12:58:20.105000,427.3520264056384,9
2024-09-20 12:58:20.150000,427.3197045700556,996
2024-09-20 12:58:20.212000,427.3683220742894,9
2024-09-20 12:58:20.307000,427.2742327173816,9
2024-09-20 12:58:20.322000,427.3279730975061,9
2024-09-20 12:58:20.392000,427.2853889982223,95
2024-09-20 12:58:20.405000,427.3281257233796,105
2024-09-20 12:58:20.419000,427.296686857141,999
2024-09-20 12:58:20.420000,427.2792201618495,1005
2024-09-20 12:58:20.438000,427.3228422628912,1002
2024-09-20 12:58:20.466000,427.3082947650878,13
2024-09-20 12:58:20.661000,427.3771225984408,100
2024-09-20 12:58:20.719000,427.3817491215852,9
2024-09-20 12:58:20.769000,427.2955715503137,12
2024-09-20 12:58:20.842000,427.3463967556469,997
2024-09-20 12:58:21.073000,427.3296505340776,13
2024-09-20 12:58:21.129000,427.3005432219108,102
2024-09-20 12:58:21.150000,427.2956298229047,998
2024-09-20 12:58:21.182000,427.2918064029348,1004
2024-09-20 12:58:21.209000,427.3140162548632,999
2024-09-20 12:58:21.216000,427.28498247341935,95
2024-09-20 12:58:21.227000,427.31185882875184,14
2024-09-20 12:58:21.454000,427.3257835813907,95
2024-09-20 12:58:21.571000,427.2899179500861,105
2024-09-20 12:58:21.602000,427.3123307639021,13
2024-09-20 12:58:21.687000,427.3046694398535,9
2024-09-20 12:58:21.741000,427.30372885899095,6
2024-09-20 12:58:21.743000,427.32191235827895,5
2024-09-20 12:58:21.823000,427.29349922759536,14
2024-09-20 12:58:21.945000,427.3389814576729,999
2024-09-20 12:58:22.007000,427.3124916355293,1002
2024-09-20 12:58:22.024000,427.3015805023743,1004
2024-09-20 12:58:22.030000,427.275518069301,13
2024-09-20 12:58:22.103000,427.251707832142,14
2024-09-20 12:58:22.153000,427.291583491952,13
2024-09-20 12:58:22.180000,427.3001277987966,103
2024-09-20 12:58:22.291000,427.2596096542572,97
2024-09-20 12:58:22.351000,427.29938154818416,996
2024-09-20 12:58:22.368000,427.2718615109684,1004
2024-09-20 12:58:22.425000,427.3130328720885,1002
2024-09-20 12:58:22.441000,427.2960001295219,998
2024-09-20 12:58:22.447000,427.2664666366534,1001
2024-09-20 12:58:22.450000,427.3151453107676,998
2024-09-20 12:58:22.461000,427.28874743458783,15
2024-09-20 12:58:22.496000,427.25664999044494,997
2024-09-20 12:58:22.573000,427.2312961028345,998
2024-09-20 12:58:22.587000,427.2626520375966,1003
2024-09-20 12:58:22.596000,427.2987233581739,12
2024-09-20 12:58:22.609000,427.2262770419445,1002
2024-09-20 12:58:22.689000,427.2796506478969,103
2024-09-20 12:58:22.734000,427.26667846866064,103
2024-09-20 12:58:22.840000,427.30259830758473,995
2024-09-20 12:58:22.858000,427.2983091434903,104
2024-09-20 12:58:23.014000,427.2859742726195,1000
2024-09-20 12:58:23.136000,427.3238138293719,999
2024-09-20 12:58:23.245000,427.3957008775138,1000
2024-09-20 12:58:23.258000,427.3437780229821,11
2024-09-20 12:58:23.281000,427.3418768729599,15
2024-09-20 12:58:23.301000,427.350528094929,105
2024-09-20 12:58:23.306000,427.3986175274677,1002
2024-09-20 12:58:23.341000,427.3640721587921,999
2024-09-20 12:58:23.445000,427.29014470641687,101
2024-09-20 12:58:23.447000,427.28536691739504,15
2024-09-20 12:58:23.464000,427.3931441653216,8
2024-09-20 12:58:23.483000,427.3406069047667,105
2024-09-20 12:58:23.498000,427.3664473421854,103
2024-09-20 12:58:23.520000,427.3837094853469,9
2024-09-20 12:58:23.532000,427.2685680998756,96
2024-09-20 12:58:23.615000,427.36897692748,97
2024-09-20 12:58:23.636000,427.36329116941306,6
2024-09-20 12:58:23.657000,427.3624588601061,1004
2024-09-20 12:58:23.659000,427.3026100811176,8
2024-09-20 12:58:23.659000,427.37498238659646,1005
2024-09-20 12:58:23.672000,427.2580531016797,97
2024-09-20 12:58:23.678000,427.3805249041986,1001
2024-09-20 12:58:23.906000,427.2753522232648,103
2024-09-20 12:58:23.921000,427.3364599333298,998
2024-09-20 12:58:23.933000,427.2871558917488,11
2024-09-20 12:58:23.940000,427.2906362716266,7
2024-09-20 12:58:23.983000,427.344756549758,7
2024-09-20 12:58:23.985000,427.3170067955349,14
2024-09-20 12:58:24.056000,427.2712657190131,1002
2024-09-20 12:58:24.080000,427.2577414911999,1004
2024-09-20 12:58:24.115000,427.2631411749092,105
2024-09-20 12:58:24.187000,427.2509441575175,102
2024-09-20 12:58:24.194000,427.3302314771319,103
2024-09-20 12:58:24.390000,427.31299770873215,5
2024-09-20 12:58:24.395000,427.3446629271351,95
2024-09-20 12:58:24.593000,427.2660191676544,1002
2024-09-20 12:58:24.598000,427.23096309079057,1000
2024-09-20 12:58:24.642000,427.2482127725941,98
2024-09-20 12:58:24.662000,427.2622356361993,1000
2024-09-20 12:58:24.790000,427.3201238544259,98
2024-09-20 12:58:24.847000,427.2960310461895,15
2024-09-20 12:58:24.923000,427.2637121066316,1002
2024-09-20 12:58:24.927000,427.27819235853343,9
2024-09-20 12:58:24.929000,427.29545314579474,1003
2024-09-20 12:58:25.122000,427.26009209392055,997
2024-09-20 12:58:25.208000,427.2628557204992,95
2024-09-20 12:58:25.221000,427.2789338430261,999
2024-09-20 12:58:25.275000,427.2631147070019,11
2024-09-20 12:58:25.284000,427.3072443429385,996
2024-09-20 12:58:25.313000,427.2863134271927,15
2024-09-20 12:58:25.366000,427.3056610195612,1000
2024-09-20 12:58:25.431000,427.2492377875121,1001
2024-09-20 12:58:25.437000,427.3047268395308,8
2024-09-20 12:58:25.544000,427.25321892174304,97
2024-09-20 12:58:25.578000,427.2892870803128,998
2024-09-20 12:58:25.604000,427.2575420887201,995
2024-09-20 12:58:25.726000,427.2602702012669,1003
2024-09-20 12:58:25.970000,427.27896495611714,9
2024-09-20 12:58:26.083000,427.3378006532725,1000
2024-09-20 12:58:26.143000,427.3522312354013,96
2024-09-20 12:58:26.172000,427.3125543034112,11
2024-09-20 12:58:26.188000,427.353662732944,1001
2024-09-20 12:58:26.222000,427.34776872311136,5
2024-09-20 12:58:26.285000,427.3416768071707,1003
2024-09-20 12:58:26.357000,427.3570342054419,1003
2024-09-20 12:58:26.376000,427.3354906251642,10
2024-09-20 12:58:26.649000,427.3156724219552,97
2024-09-20 12:58:26.705000,427.3562337423693,9
2024-09-20 12:58:26.730000,427.30940095365287,1005
2024-09-20 12:58:26.836000,427.3664045630085,98
2024-09-20 12:58:27.005000,427.34860560876535,14
2024-09-20 12:58:27.008000,427.34012593397534,100
2024-09-20 12:58:27.070000,427.3461086867244,96
2024-09-20 12:58:27.168000,427.31654869396414,1001
2024-09-20 12:58:27.200000,427.3331901349752,1000
2024-09-20 12:58:27.316000,427.3237623390836,103
2024-09-20 12:58:27.329000,427.3462032859829,998
2024-09-20 12:58:27.349000,427.34888457348114,7
2024-09-20 12:58:27.420000,427.3627791677053,9
2024-09-20 12:58:27.422000,427.3242369338644,11
2024-09-20 12:58:27.582000,427.338119024961,10
2024-09-20 12:58:27.742000,427.3564220582609,1001
2024-09-20 12:58:27.770000,427.331475707684,995
2024-09-20 12:58:27.913000,427.316565507611,10
2024-09-20 12:58:28.036000,427.39451004881874,997
2024-09-20 12:58:28.123000,427.3370464172248,995
2024-09-20 12:58:28.160000,427.3487845030047,102
2024-09-20 12:58:28.202000,427.3445248875792,6
2024-09-20 12:58:28.217000,427.3998854542583,996
2024-09-20 12:58:28.236000,427.39694806987393,105
2024-09-20 12:58:28.238000,427.3432522903702,1003
2024-09-20 12:58:28.252000,427.3923646108087,95
2024-09-20 12:58:28.442000,427.3304421930951,96
2024-09-20 12:58:28.463000,427.3776577740561,1004
2024-09-20 12:58:28.468000,427.3428448834967,7
2024-09-20 12:58:28.506000,427.3940657847269,13
2024-09-20 12:58:28.512000,427.38005923810704,1001
2024-09-20 12:58:28.559000,427.40846174971296,101
2024-09-20 12:58:28.592000,427.34176854122586,1000
2024-09-20 12:58:28.607000,427.3956735377556,998
2024-09-20 12:58:28.649000,427.3473139622577,105
2024-09-20 12:58:28.678000,427.38514350785255,10
2024-09-20 12:58:28.895000,427.33686017831866,100
2024-09-20 12:58:28.907000,427.3579248040102,100
2024-09-20 12:58:28.930000,427.3507430336506,103
2024-09-20 12:58:28.961000,427.3444243670599,1003
2024-09-20 12:58:28.963000,427.335961967237,996
2024-09-20 12:58:28.985000,427.345695395597,101
2024-09-20 12:58:29.006000,427.4217808774094,105
2024-09-20 12:58:29.011000,427.41838916000114,998
2024-09-20 12:58:29.119000,427.4013206184503,15
2024-09-20 12:58:29.217000,427.4191801243126,996
2024-09-20 12:58:29.321000,427.4145215005709,1005
2024-09-20 12:58:29.379000,427.4375759492722,12
2024-09-20 12:58:29.684000,427.45086469738976,10
2024-09-20 12:58:29.692000,427.4117480780578,8
2024-09-20 12:58:29.815000,427.4209455640342,15
2024-09-20 12:58:29.925000,427.4269949471399,998
2024-09-20 12:58:29.936000,427.4372175485646,103
2024-09-20 12:58:29.952000,427.4094791377135,996
2024-09-20 12:58:29.983000,427.41718692811855,15
2024-09-20 12:58:30.280000,427.4592601766512,998
2024-09-20 12:58:30.438000,427.469185716119,1000
2024-09-20 12:58:30.513000,427.48990325783205,101
2024-09-20 12:58:30.613000,427.49326374033257,98
2024-09-20 12:58:30.781000,427.4896055385746,13
2024-09-20 12:58:30.836000,427.4811040640327,998
2024-09-20 12:58:30.962000,427.4508695735682,95
2024-09-20 12:58:31.040000,427.4350792203848,999
2024-09-20 12:58:31.247000,427.4190437942469,99
2024-09-20 12:58:31.406000,427.4737817287159,96
2024-09-20 12:58:31.435000,427.4481894893349,7
2024-09-20 12:58:31.567000,427.4344028843127,15
2024-09-20 12:58:31.593000,427.4530619520005,14
2024-09-20 12:58:31.619000,427.4423282200341,102
2024-09-20 12:58:31.675000,427.45075235541714,1005
2024-09-20 12:58:31.707000,427.44216901596593,100
2024-09-20 12:58:31.742000,427.4559658523207,96
2024-09-20 12:58:31.791000,427.4695826279419,97
2024-09-20 12:58:31.826000,427.46054712155785,999
2024-09-20 12:58:31.860000,427.4587445900988,103
2024-09-20 12:58:32.214000,427.5044227719347,98
2024-09-20 12:58:32.219000,427.40471195871527,96
2024-09-20 12:58:32.239000,427.4799414026865,1001
2024-09-20 12:58:32.293000,427.4824404315394,105
2024-09-20 12:58:32.360000,427.4695965242443,105
2024-09-20 12:58:32.392000,427.4878747072023,999
2024-09-20 12:58:32.407000,427.4311458208304,1001
2024-09-20 12:58:32.408000,427.4234317807009,105
2024-09-20 12:58:32.453000,427.4943265807663,1003
2024-09-20 12:58:32.510000,427.4464787382831,999
2024-09-20 12:58:32.616000,427.4665277137075,95
2024-09-20 12:58:32.616000,427.4684440833897,96
2024-09-20 12:58:32.621000,427.4949874693984,95
2024-09-20 12:58:32.640000,427.4871539969674,8
2024-09-20 12:58:32.748000,427.4394458835503,5
2024-09-20 12:58:32.810000,427.4722083959247,1004
2024-09-20 12:58:32.814000,427.50179660309607,995
2024-09-20 12:58:32.900000,427.4922408533281,100
2024-09-20 12:58:32.918000,427.4853161528636,999
2024-09-20 12:58:32.955000,427.4512374870254,999
2024-09-20 12:58:33.016000,427.3989571307015,103
2024-09-20 12:58:33.071000,427.3737115596993,996
2024-09-20 12:58:33.219000,427.3678638771173,102
2024-09-20 12:58:33.297000,427.4316336168087,104
2024-09-20 12:58:33.315000,427.4525202926655,5
2024-09-20 12:58:33.343000,427.4512448967946,1004
2024-09-20 12:58:33.367000,427.4592336521438,102
2024-09-20 12:58:33.412000,427.3631229430775,1005
2024-09-20 12:58:33.440000,427.4646165642621,101
2024-09-20 12:58:33.478000,427.3978672735944,101
2024-09-20 12:58:33.495000,427.4057200710984,101
2024-09-20 12:58:33.687000,427.3870017709575,101
2024-09-20 12:58:33.711000,427.38100997019023,100
2024-09-20 12:58:33.757000,427.4596708151688,1001
2024-09-20 12:58:33.772000,427.3912828661883,15
2024-09-20 12:58:33.833000,427.3876817232279,100
2024-09-20 12:58:33.858000,427.446230440534,96
2024-09-20 12:58:33.861000,427.3756671899967,97
2024-09-20 12:58:33.931000,427.41464639419775,10
2024-09-20 12:58:33.940000,427.3930347451219,13
2024-09-20 12:58:34.192000,427.3781780902261,97
2024-09-20 12:58:34.211000,427.3297574779998,13
2024-09-20 12:58:34.414000,427.3712662573516,11
2024-09-20 12:58:34.743000,427.3537653887777,105
2024-09-20 12:58:34.766000,427.2964026671754,95
2024-09-20 12:58:34.773000,427.3292840854814,1000
2024-09-20 12:58:35.066000,427.3110468265446,1005
2024-09-20 12:58:35.076000,427.2764365016631,996
2024-09-20 12:58:35.079000,427.37589029390045,8
2024-09-20 12:58:35.138000,427.3013014611135,996
2024-09-20 12:58:35.300000,427.3543821795215,998
2024-09-20 12:58:35.310000,427.3700226839856,995
2024-09-20 12:58:35.394000,427.3047907379244,998
2024-09-20 12:58:35.454000,427.3175579344924,103
2024-09-20 12:58:35.585000,427.3135386708054,104
2024-09-20 12:58:35.598000,427.3084556967545,95
2024-09-20 12:58:35.668000,427.3454588342103,1000
2024-09-20 12:58:35.674000,427.3617556102151,1003
2024-09-20 12:58:35.682000,427.3375022254416,14
2024-09-20 12:58:35.810000,427.3553900678344,9
2024-09-20 12:58:35.870000,427.2920683078791,7
2024-09-20 12:58:35.925000,427.3021778982563,95
2024-09-20 12:58:35.954000,427.2896091077389,95
2024-09-20 12:58:35.969000,427.3597843761469,96
2024-09-20 12:58:35.989000,427.3222293456265,1005
2024-09-20 12:58:36.065000,427.3737232913554,15
2024-09-20 12:58:36.172000,427.32846907860704,1002
2024-09-20 12:58:36.185000,427.3895263354408,1005
2024-09-20 12:58:36.199000,427.3654654626302,999
2024-09-20 12:58:36.245000,427.3563999754153,102
2024-09-20 12:58:36.350000,427.38653353697975,10
2024-09-20 12:58:36.408000,427.3300409789239,100
2024-09-20 12:58:36.423000,427.34987772078415,997
2024-09-20 12:58:36.586000,427.3920031294457,1000
2024-09-20 12:58:36.608000,427.3595246110151,102
2024-09-20 12:58:36.674000,427.3858311147423,1001
2024-09-20 12:58:36.704000,427.377347507305,104
2024-09-20 12:58:36.710000,427.3905694970004,7
2024-09-20 12:58:36.761000,427.3258410895254,1004
2024-09-20 12:58:36.879000,427.37526354372767,99
2024-09-20 12:58:36.972000,427.3715253773465,102
2024-09-20 12:58:36.978000,427.396463359032,100
2024-09-20 12:58:36.994000,427.3984201167058,102
2024-09-20 12:58:37.019000,427.44062132894976,95
2024-09-20 12:58:37.148000,427.4747590463144,99
2024-09-20 12:58:37.173000,427.44438405077045,13
2024-09-20 12:58:37.194000,427.4573930293396,102
2024-09-20 12:58:37.237000,427.4387961397634,995
2024-09-20 12:58:37.268000,427.457821231096,98
2024-09-20 12:58:37.276000,427.4449635700785,99
2024-09-20 12:58:37.283000,427.4579333331906,98
2024-09-20 12:58:37.332000,427.45756624339873,998
2024-09-20 12:58:37.354000,427.4418621285684,96
2024-09-20 12:58:37.431000,427.4214234173058,98
2024-09-20 12:58:37.504000,427.4542538142698,1001
2024-09-20 12:58:37.550000,427.44120781414085,1003
2024-09-20 12:58:37.573000,427.4309205026973,1001
2024-09-20 12:58:37.581000,427.4548077656771,998
2024-09-20 12:58:37.597000,427.43988484469975,13
2024-09-20 12:58:37.613000,427.3626939245485,99
2024-09-20 12:58:37.614000,427.36419241371567,11
2024-09-20 12:58:37.621000,427.432759087457,1002
2024-09-20 12:58:37.662000,427.425126873997,998
2024-09-20 12:58:37.663000,427.41394502931934,998
2024-09-20 12:58:37.669000,427.42607894713416,997
2024-09-20 12:58:37.774000,427.4355159466237,1005
2024-09-20 12:58:37.801000,427.4012924505914,998
2024-09-20 12:58:37.811000,427.3683959362885,102
2024-09-20 12:58:37.828000,427.3603035657617,5
2024-09-20 12:58:37.871000,427.441518436895,95
2024-09-20 12:58:37.920000,427.3953126063277,102
2024-09-20 12:58:38.028000,427.4922152930561,997
2024-09-20 12:58:38.039000,427.4497344467444,98
2024-09-20 12:58:38.048000,427.46388906831953,97
2024-09-20 12:58:38.055000,427.4971758083834,1003
2024-09-20 12:58:38.097000,427.4050744791925,95
2024-09-20 12:58:38.180000,427.41097386819456,7
2024-09-20 12:58:38.268000,427.4666767766271,6
2024-09-20 12:58:38.281000,427.4053115589129,997
2024-09-20 12:58:38.335000,427.49842784399794,999
2024-09-20 12:58:38.336000,427.3966897386413,95
2024-09-20 12:58:38.350000,427.4915198141699,102
2024-09-20 12:58:38.529000,427.4658480026852,10
2024-09-20 12:58:38.537000,427.4553155526527,10
2024-09-20 12:58:38.603000,427.4928324655657,98
2024-09-20 12:58:38.669000,427.4253062637872,8
2024-09-20 12:58:38.689000,427.4698950795339,13
2024-09-20 12:58:38.724000,427.4744122592441,995
2024-09-20 12:58:38.764000,427.4877102236384,996
2024-09-20 12:58:38.852000,427.4359997944344,1004
2024-09-20 12:58:38.959000,427.4973034735758,12
2024-09-20 12:58:38.960000,427.4957166365699,1004
2024-09-20 12:58:39.012000,427.44512861355366,10
2024-09-20 12:58:39.032000,427.38183259465416,96
2024-09-20 12:58:39.285000,427.4449447721534,995
2024-09-20 12:58:39.354000,427.431920184292,11
2024-09-20 12:58:39.404000,427.4354140853857,95
2024-09-20 12:58:39.578000,427.4015188107123,101
2024-09-20 12:58:39.684000,427.4377023729809,102
2024-09-20 12:58:39.779000,427.4064807135864,8
2024-09-20 12:58:39.799000,427.45504777662416,996
2024-09-20 12:58:39.857000,427.450382489661,99
2024-09-20 12:58:39.888000,427.4454056574201,1003
2024-09-20 12:58:39.904000,427.43075498155497,95
2024-09-20 12:58:40.044000,427.4748972551663,11
2024-09-20 12:58:40.064000,427.4856324160629,996
2024-09-20 12:58:40.602000,427.45563771945694,99
2024-09-20 12:58:40.608000,427.4552033205852,996
2024-09-20 12:58:40.805000,427.4812640992532,1002
2024-09-20 12:58:41.004000,427.4572537019859,101
2024-09-20 12:58:41.244000,427.4353950581,97
2024-09-20 12:58:41.249000,427.4388415409725,10
2024-09-20 12:58:41.313000,427.4693861752477,15
2024-09-20 12:58:41.378000,427.4454712977075,999
2024-09-20 12:58:41.416000,427.4667536606931,9
2024-09-20 12:58:41.501000,427.4757261209687,14
2024-09-20 12:58:41.527000,427.46572833324666,96
2024-09-20 12:58:41.653000,427.4473443269493,1002
2024-09-20 12:58:41.693000,427.4520857936279,995
2024-09-20 12:58:41.773000,427.4633358102474,1001
2024-09-20 12:58:41.928000,427.4712050942332,12
2024-09-20 12:58:42.069000,427.5159688823205,8
2024-09-20 12:58:42.106000,427.4535355799391,6
2024-09-20 12:58:42.109000,427.48882085707766,8
2024-09-20 12:58:42.142000,427.4678105372655,10
2024-09-20 12:58:42.208000,427.5378811416446,10
2024-09-20 12:58:42.227000,427.5259376199325,99
2024-09-20 12:58:42.232000,427.47762193492434,100
2024-09-20 12:58:42.242000,427.4641830371017,98
2024-09-20 12:58:42.254000,427.5100851190939,98
2024-09-20 12:58:42.255000,427.5029374436977,104
2024-09-20 12:58:42.279000,427.5473599685454,1005
2024-09-20 12:58:42.286000,427.506813451783,995
2024-09-20 12:58:42.371000,427.4899172934224,995
2024-09-20 12:58:42.397000,427.4940526577307,5
2024-09-20 12:58:42.403000,427.5187497476109,999
2024-09-20 12:58:42.456000,427.5435390233445,1001
2024-09-20 12:58:42.464000,427.5112374822056,1001
2024-09-20 12:58:42.500000,427.5047360145255,6
2024-09-20 12:58:42.524000,427.5155404559262,14
2024-09-20 12:58:42.649000,427.5078645045875,1000
2024-09-20 12:58:42.745000,427.4531640657377,103
2024-09-20 12:58:42.785000,427.5571225114253,997
2024-09-20 12:58:42.873000,427.5071206480815,104
2024-09-20 12:58:42.907000,427.5456924424831,8
2024-09-20 12:58:42.997000,427.4974052237481,104
2024-09-20 12:58:43.087000,427.5492479790572,98
2024-09-20 12:58:43.159000,427.5763126699424,1004
2024-09-20 12:58:43.249000,427.5657856970317,101
2024-09-20 12:58:43.295000,427.5566633426284,103
2024-09-20 12:58:43.338000,427.5328439078472,1000
2024-09-20 12:58:43.366000,427.5505498682058,5
2024-09-20 12:58:43.582000,427.562631336116,1000
2024-09-20 12:58:43.597000,427.5557792748705,8
2024-09-20 12:58:43.620000,427.5739399932833,103
2024-09-20 12:58:43.719000,427.5522077843438,997
2024-09-20 12:58:43.869000,427.5629620896843,99
2024-09-20 12:58:44.035000,427.5599664326404,8
2024-09-20 12:58:44.081000,427.5597499513573,1000
2024-09-20 12:58:44.229000,427.5421889815349,101
2024-09-20 12:58:44.231000,427.5615876759613,95
2024-09-20 12:58:44.244000,427.53002111846047,98
2024-09-20 12:58:44.331000,427.5646664086405,98
2024-09-20 12:58:44.351000,427.5418673787346,104
2024-09-20 12:58:44.356000,427.5500569550356,15
2024-09-20 12:58:44.366000,427.541363475576,1002
2024-09-20 12:58:44.442000,427.52106179157016,14
2024-09-20 12:58:44.464000,427.5396579772861,13
2024-09-20 12:58:44.492000,427.5282795864665,999
2024-09-20 12:58:44.516000,427.5425317882492,105
2024-09-20 12:58:44.546000,427.5565648233653,10
2024-09-20 12:58:44.666000,427.5455455704599,14
2024-09-20 12:58:44.695000,427.5340743026455,1003
2024-09-20 12:58:44.728000,427.5430621195322,1004
2024-09-20 12:58:44.848000,427.57598690254616,7
2024-09-20 12:58:44.852000,427.5411433673849,998
2024-09-20 12:58:44.959000,427.56763354543153,1001
2024-09-20 12:58:44.959000,427.54316925727977,103
2024-09-20 12:58:45.059000,427.5318236408894,1001
2024-09-20 12:58:45.191000,427.5284993443589,7
2024-09-20 12:58:45.400000,427.5325876505103,996
2024-09-20 12:58:45.430000,427.5294994133891,1003
2024-09-20 12:58:45.433000,427.5338429388132,100
2024-09-20 12:58:45.731000,427.53606247857135,15
2024-09-20 12:58:46.002000,427.4801784723014,1001
2024-09-20 12:58:46.089000,427.44539358644914,9
2024-09-20 12:58:46.195000,427.4945749988733,998
2024-09-20 12:58:46.275000,427.4674928026637,13
2024-09-20 12:58:46.357000,427.4861818630488,1003
2024-09-20 12:58:46.405000,427.4632988583592,5
2024-09-20 12:58:46.561000,427.49434675228616,995
2024-09-20 12:58:46.576000,427.4990527770531,10
2024-09-20 12:58:46.577000,427.453887778184,11
2024-09-20 12:58:46.599000,427.4232411432696,1000
2024-09-20 12:58:46.602000,427.4566985095778,99
2024-09-20 12:58:46.705000,427.518050849478,101
2024-09-20 12:58:46.712000,427.51569820841365,7
2024-09-20 12:58:46.772000,427.46755754860703,13
2024-09-20 12:58:46.825000,427.47740473367867,14
2024-09-20 12:58:46.848000,427.4654831079768,99
2024-09-20 12:58:46.950000,427.4569615695779,998
2024-09-20 12:58:46.968000,427.4579764861112,1003
2024-09-20 12:58:46.972000,427.45716210302464,997
2024-09-20 12:58:47.635000,427.3875984320048,100
2024-09-20 12:58:47.954000,427.392681832889,1000
2024-09-20 12:58:48.093000,427.3967912842639,95
2024-09-20 12:58:48.985000,427.3948995394252,997
2024-09-20 12:58:49.444000,427.41276831330725,997
2024-09-20 12:58:49.903000,427.4040568390937,995
2024-09-20 12:58:50.036000,427.3508621135181,96
2024-09-20 12:58:50.131000,427.406547364583,5
2024-09-20 12:58:50.327000,427.3495168952102,8
2024-09-20 12:58:50.410000,427.41770115431615,10
2024-09-20 12:58:50.506000,427.41796809746177,99
2024-09-20 12:58:50.511000,427.4058248813824,1004
2024-09-20 12:58:50.580000,427.4016239631752,997
2024-09-20 12:58:50.598000,427.3857009797314,15
2024-09-20 12:58:50.613000,427.363586441784,105
2024-09-20 12:58:50.734000,427.3536700082482,1003
2024-09-20 12:58:50.767000,427.3627008970377,1005
2024-09-20 12:58:50.795000,427.40103377859066,99
2024-09-20 12:58:50.858000,427.4106582342158,99
2024-09-20 12:58:50.880000,427.41054266354007,96
2024-09-20 12:58:51.093000,427.3520715044266,1002
2024-09-20 12:58:51.182000,427.3330067013,995
2024-09-20 12:58:51.199000,427.356522752226,104
2024-09-20 12:58:51.222000,427.321663046022,1000
2024-09-20 12:58:51.247000,427.2994331262032,14
2024-09-20 12:58:51.307000,427.3647064127583,100
2024-09-20 12:58:51.322000,427.3380891327405,99
2024-09-20 12:58:51.390000,427.36452985953326,1001
2024-09-20 12:58:51.671000,427.32858926357983,97
2024-09-20 12:58:51.756000,427.36344039387495,96
2024-09-20 12:58:51.778000,427.333703108869,1000
2024-09-20 12:58:51.835000,427.3546127178955,999
2024-09-20 12:58:51.855000,427.3591790584306,5
2024-09-20 12:58:51.956000,427.3571933984843,1005
2024-09-20 12:58:52.061000,427.3771491686894,11
2024-09-20 12:58:52.287000,427.3654141286735,15
2024-09-20 12:58:52.293000,427.37724495053135,996
2024-09-20 12:58:52.369000,427.3905380898837,95
2024-09-20 12:58:52.399000,427.3718130353768,13
2024-09-20 12:58:52.590000,427.3695314253262,999
2024-09-20 12:58:52.620000,427.374911704718,105
2024-09-20 12:58:52.720000,427.3667626210139,6
2024-09-20 12:58:52.755000,427.3740378885146,1003
2024-09-20 12:58:52.771000,427.3691259436446,7
2024-09-20 12:58:52.892000,427.3677872119901,995
2024-09-20 12:58:52.944000,427.3955641669342,95
2024-09-20 12:58:53.054000,427.42538393001934,1005
2024-09-20 12:58:53.092000,427.3925107710604,1002
2024-09-20 12:58:53.305000,427.37697164818,9
2024-09-20 12:58:53.507000,427.433424101547,14
2024-09-20 12:58:53.583000,427.3775395997485,1001
2024-09-20 12:58:53.643000,427.4045437493616,7
2024-09-20 12:58:53.688000,427.365036349186,97
2024-09-20 12:58:53.721000,427.4303296196952,1004
2024-09-20 12:58:53.742000,427.39349332691023,8
2024-09-20 12:58:53.756000,427.37863784416817,999
2024-09-20 12:58:53.820000,427.3661406238342,105
2024-09-20 12:58:53.958000,427.4132060839544,11
2024-09-20 12:58:53.960000,427.3771427790286,103
2024-09-20 12:58:53.989000,427.41962407200623,100
2024-09-20 12:58:54.746000,427.4276876569421,102
2024-09-20 12:58:55.299000,427.44213513378753,105
2024-09-20 12:58:55.491000,427.4362228040262,97
2024-09-20 12:58:55.495000,427.42611140119817,996
2024-09-20 12:58:55.602000,427.4169437282869,995
2024-09-20 12:58:55.988000,427.4245759977413,13
2024-09-20 12:58:56.093000,427.3714320600688,7
2024-09-20 12:58:56.170000,427.3898130568321,105
2024-09-20 12:58:56.172000,427.3620668645437,100
2024-09-20 12:58:56.174000,427.3116844591818,996
2024-09-20 12:58:56.305000,427.37064574546247,12
2024-09-20 12:58:56.375000,427.2838247523975,102
2024-09-20 12:58:56.423000,427.2470860900795,100
2024-09-20 12:58:56.462000,427.3428253344279,98
2024-09-20 12:58:56.554000,427.27090762012295,103
2024-09-20 12:58:56.684000,427.4164392688538,998
2024-09-20 12:58:56.702000,427.3921537201422,1001
2024-09-20 12:58:56.798000,427.32613837355,99
2024-09-20 12:58:56.924000,427.3858043390796,104
2024-09-20 12:58:56.929000,427.39600447917735,1004
2024-09-20 12:58:56.988000,427.3110585280006,99
2024-09-20 12:58:56.988000,427.32607703546427,95
2024-09-20 12:58:57.208000,427.2521131452361,997
2024-09-20 12:58:57.216000,427.2597374021885,103
2024-09-20 12:58:57.367000,427.2557270206411,98
2024-09-20 12:58:57.753000,427.2457314852065,102
2024-09-20 12:58:58.127000,427.1837679078489,12
2024-09-20 12:58:58.156000,427.2176200382792,100
2024-09-20 12:58:58.326000,427.2186784224885,13
2024-09-20 12:58:58.358000,427.19273426718166,1001
2024-09-20 12:58:58.411000,427.1598590230908,13
2024-09-20 12:58:58.564000,427.2362045270056,1004
2024-09-20 12:58:58.620000,427.18094939994927,100
2024-09-20 12:58:58.624000,427.1681036691626,96
2024-09-20 12:58:58.670000,427.2239576675721,101
2024-09-20 12:58:58.713000,427.1772914254316,1003
2024-09-20 12:58:58.737000,427.2418108349317,10
2024-09-20 12:58:58.773000,427.2132745379376,1004
2024-09-20 12:58:58.868000,427.2422577963569,98
2024-09-20 12:58:58.888000,427.2000939368981,1002
2024-09-20 12:58:58.895000,427.1603437063009,97
2024-09-20 12:58:58.919000,427.1914773956178,97
2024-09-20 12:58:58.920000,427.2024915121384,104
2024-09-20 12:58:58.927000,427.1866659309194,103
2024-09-20 12:58:58.931000,427.1895962362106,101
2024-09-20 12:58:58.940000,427.1966511659507,6
2024-09-20 12:58:58.980000,427.2116239558329,12
2024-09-20 12:58:59.032000,427.1437564587429,11
2024-09-20 12:58:59.117000,427.1844314349953,5
2024-09-20 12:58:59.137000,427.1651553541756,102
2024-09-20 12:58:59.144000,427.1956412807657,1000
2024-09-20 12:58:59.189000,427.1829437435487,1002
2024-09-20 12:58:59.219000,427.1731141583924,9
2024-09-20 12:58:59.265000,427.2359863180715,6
2024-09-20 12:58:59.316000,427.1558351249483,10
2024-09-20 12:58:59.321000,427.1976893493962,10
2024-09-20 12:58:59.358000,427.1821383542111,104
2024-09-20 12:58:59.392000,427.1760968989695,998
2024-09-20 12:58:59.398000,427.1742103063432,104
2024-09-20 12:58:59.429000,427.1635873034655,12
2024-09-20 12:58:59.458000,427.1627725107377,102
2024-09-20 12:58:59.510000,427.1857950452101,5
2024-09-20 12:58:59.512000,427.18512439616063,14
2024-09-20 12:58:59.539000,427.16860077937554,96
2024-09-20 12:58:59.588000,427.1644392815545,102
2024-09-20 12:58:59.663000,427.1611093373771,995
2024-09-20 12:58:59.711000,427.1709280701559,1004
2024-09-20 12:58:59.979000,427.18863801886505,10
