Timestamp,Price,Size
2024-09-20 12:22:00.161000,429.1362395275999,100
2024-09-20 12:22:00.329000,429.1450999812,1003
2024-09-20 12:22:00.467000,429.1507162022085,104
2024-09-20 12:22:00.600000,429.15891107167926,102
2024-09-20 12:22:00.799000,429.137740511162,104
2024-09-20 12:22:01.063000,429.1284308503388,7
2024-09-20 12:22:01.112000,429.11702205665154,13
2024-09-20 12:22:01.245000,429.1260431780777,997
2024-09-20 12:22:01.260000,429.1137562046412,5
2024-09-20 12:22:01.267000,429.11617305268015,11
2024-09-20 12:22:01.330000,429.1430463432771,7
2024-09-20 12:22:01.345000,429.134115640549,996
2024-09-20 12:22:01.345000,429.1099340980222,14
2024-09-20 12:22:01.385000,429.1555616019113,1001
2024-09-20 12:22:01.402000,429.1145967770607,95
2024-09-20 12:22:01.472000,429.1248463054524,96
2024-09-20 12:22:01.475000,429.14252220444143,13
2024-09-20 12:22:01.478000,429.1190616982813,1001
2024-09-20 12:22:01.523000,429.1265222852376,14
2024-09-20 12:22:01.542000,429.1208843857813,100
2024-09-20 12:22:01.586000,429.13718389422127,5
2024-09-20 12:22:01.605000,429.13371680545936,103
2024-09-20 12:22:01.666000,429.1183745790373,97
2024-09-20 12:22:01.669000,429.1640620745449,5
2024-09-20 12:22:01.732000,429.10929096379846,12
2024-09-20 12:22:01.768000,429.1380274241621,8
2024-09-20 12:22:01.769000,429.1107390975416,102
2024-09-20 12:22:01.847000,429.113562646832,102
2024-09-20 12:22:01.851000,429.17884178674376,997
2024-09-20 12:22:01.896000,429.1273566645299,15
2024-09-20 12:22:01.897000,429.1112161805957,5
2024-09-20 12:22:01.924000,429.1285154096872,1003
2024-09-20 12:22:01.960000,429.1148877599384,97
2024-09-20 12:22:01.984000,429.12421726551446,996
2024-09-20 12:22:02.115000,429.13249630645976,995
2024-09-20 12:22:02.125000,429.1380703512855,999
2024-09-20 12:22:02.215000,429.1765197915484,95
2024-09-20 12:22:02.224000,429.1931176252905,999
2024-09-20 12:22:02.329000,429.1577124223767,102
2024-09-20 12:22:02.333000,429.16189163878926,104
2024-09-20 12:22:02.470000,429.1696850572661,103
2024-09-20 12:22:02.506000,429.1867368038115,95
2024-09-20 12:22:02.640000,429.17767073268345,1001
2024-09-20 12:22:02.646000,429.180427377036,104
2024-09-20 12:22:02.686000,429.1461465386404,1002
2024-09-20 12:22:02.716000,429.175311796677,101
2024-09-20 12:22:02.730000,429.1915119273583,6
2024-09-20 12:22:02.786000,429.1959892002596,6
2024-09-20 12:22:02.798000,429.1559599923042,9
2024-09-20 12:22:02.854000,429.2101647557639,102
2024-09-20 12:22:02.866000,429.1763635664429,6
2024-09-20 12:22:02.918000,429.18949715727655,1001
2024-09-20 12:22:02.919000,429.18558046747006,102
2024-09-20 12:22:02.958000,429.1556091507133,1005
2024-09-20 12:22:03.011000,429.2264650152303,6
2024-09-20 12:22:03.017000,429.2945240902588,12
2024-09-20 12:22:03.030000,429.25723637791856,15
2024-09-20 12:22:03.069000,429.2778005600104,101
2024-09-20 12:22:03.279000,429.24986198399625,6
2024-09-20 12:22:03.372000,429.2586352822452,13
2024-09-20 12:22:03.372000,429.2858087855055,103
2024-09-20 12:22:03.446000,429.2527797042032,12
2024-09-20 12:22:03.467000,429.2685430318839,996
2024-09-20 12:22:03.489000,429.2539367074031,1004
2024-09-20 12:22:03.524000,429.2579447507344,1002
2024-09-20 12:22:03.542000,429.2753669937314,14
2024-09-20 12:22:03.611000,429.2465101813261,15
2024-09-20 12:22:03.617000,429.2263608290328,6
2024-09-20 12:22:03.626000,429.2372505878096,1005
2024-09-20 12:22:03.716000,429.2852625136591,103
2024-09-20 12:22:03.757000,429.2833679404823,102
2024-09-20 12:22:03.779000,429.2732864626374,95
2024-09-20 12:22:03.790000,429.2810159163829,98
2024-09-20 12:22:03.816000,429.24344533179016,98
2024-09-20 12:22:03.847000,429.295145474666,102
2024-09-20 12:22:03.862000,429.2931613656096,13
2024-09-20 12:22:03.864000,429.2816271791684,1004
2024-09-20 12:22:03.877000,429.27365027519033,998
2024-09-20 12:22:03.892000,429.2409930659005,996
2024-09-20 12:22:03.894000,429.2869291873781,995
2024-09-20 12:22:03.910000,429.2832679861201,95
2024-09-20 12:22:03.913000,429.2208341518412,99
2024-09-20 12:22:03.944000,429.2818384188603,10
2024-09-20 12:22:03.987000,429.27469069363656,996
2024-09-20 12:22:04.100000,429.2043684893147,96
2024-09-20 12:22:04.202000,429.14228395197534,13
2024-09-20 12:22:04.291000,429.1182442689525,98
2024-09-20 12:22:04.306000,429.2011133321839,98
2024-09-20 12:22:04.365000,429.1873717514384,98
2024-09-20 12:22:04.374000,429.2239382782313,9
2024-09-20 12:22:04.494000,429.11796215107785,6
2024-09-20 12:22:04.557000,429.2248117578352,9
2024-09-20 12:22:04.588000,429.22212110414745,995
2024-09-20 12:22:04.596000,429.1526580284129,13
2024-09-20 12:22:04.601000,429.1416300863146,9
2024-09-20 12:22:04.604000,429.14535947182185,15
2024-09-20 12:22:04.616000,429.14749135715954,11
2024-09-20 12:22:04.645000,429.1313522127237,95
2024-09-20 12:22:04.646000,429.23215790839816,95
2024-09-20 12:22:04.661000,429.20965491821954,98
2024-09-20 12:22:04.694000,429.11419298308925,6
2024-09-20 12:22:04.697000,429.1087145182549,96
2024-09-20 12:22:04.735000,429.1422276811604,96
2024-09-20 12:22:04.758000,429.2233652167413,9
2024-09-20 12:22:04.812000,429.1462986745319,7
2024-09-20 12:22:04.900000,429.1155991704247,102
2024-09-20 12:22:04.905000,429.1377620679888,15
2024-09-20 12:22:04.925000,429.2191684990029,98
2024-09-20 12:22:04.937000,429.131590250904,1000
2024-09-20 12:22:04.938000,429.1687947416339,7
2024-09-20 12:22:05.006000,429.157895889449,996
2024-09-20 12:22:05.022000,429.17164346698974,99
2024-09-20 12:22:05.025000,429.1764803444173,995
2024-09-20 12:22:05.153000,429.124384966397,105
2024-09-20 12:22:05.245000,429.1673651365552,103
2024-09-20 12:22:05.271000,429.19095055541936,105
2024-09-20 12:22:05.383000,429.122717327412,97
2024-09-20 12:22:05.436000,429.13627329319735,998
2024-09-20 12:22:05.492000,429.11943610393575,1005
2024-09-20 12:22:05.494000,429.1634034816231,104
2024-09-20 12:22:05.512000,429.1557462549933,11
2024-09-20 12:22:05.516000,429.1759436506761,8
2024-09-20 12:22:05.630000,429.1655189486545,5
2024-09-20 12:22:05.647000,429.134043564244,15
2024-09-20 12:22:05.684000,429.1888923851678,1002
2024-09-20 12:22:05.839000,429.1686600048474,10
2024-09-20 12:22:05.844000,429.14367747585095,995
2024-09-20 12:22:05.866000,429.1306974887424,996
2024-09-20 12:22:05.880000,429.1343702867207,995
2024-09-20 12:22:05.900000,429.1350832463509,1002
2024-09-20 12:22:05.916000,429.1603684231512,95
2024-09-20 12:22:05.927000,429.13911082695023,105
2024-09-20 12:22:05.942000,429.147888334926,7
2024-09-20 12:22:05.982000,429.1314915639517,95
2024-09-20 12:22:06.106000,429.1322693380041,13
2024-09-20 12:22:06.265000,429.14478143944376,1005
2024-09-20 12:22:06.496000,429.1124744340398,1002
2024-09-20 12:22:06.575000,429.110854483485,998
2024-09-20 12:22:06.626000,429.13843948871744,1000
2024-09-20 12:22:07.015000,429.16451058013104,101
2024-09-20 12:22:07.022000,429.1393550691884,998
2024-09-20 12:22:07.132000,429.1728283142177,1001
2024-09-20 12:22:07.140000,429.17814979412896,102
2024-09-20 12:22:07.405000,429.1679554060585,98
2024-09-20 12:22:07.629000,429.1783680930345,8
2024-09-20 12:22:07.653000,429.1587989168259,97
2024-09-20 12:22:07.691000,429.17755488330687,7
2024-09-20 12:22:07.717000,429.1798410958359,1000
2024-09-20 12:22:07.844000,429.1554918968444,5
2024-09-20 12:22:07.913000,429.15221222199705,1000
2024-09-20 12:22:07.914000,429.15980457831023,7
2024-09-20 12:22:07.969000,429.1748768428213,100
2024-09-20 12:22:07.973000,429.1389162667435,95
2024-09-20 12:22:08.045000,429.1128816473136,1005
2024-09-20 12:22:08.087000,429.212298330754,11
2024-09-20 12:22:08.097000,429.2205499604301,5
2024-09-20 12:22:08.121000,429.1589751156904,13
2024-09-20 12:22:08.144000,429.2078456369945,14
2024-09-20 12:22:08.154000,429.1834361535346,12
2024-09-20 12:22:08.226000,429.1629137291918,997
2024-09-20 12:22:08.285000,429.1271325457632,95
2024-09-20 12:22:08.379000,429.211247814113,1005
2024-09-20 12:22:08.411000,429.1579094805359,9
2024-09-20 12:22:08.449000,429.2278360363387,10
2024-09-20 12:22:08.549000,429.2128396822317,15
2024-09-20 12:22:08.594000,429.1914565691153,14
2024-09-20 12:22:08.625000,429.22253509461495,998
2024-09-20 12:22:08.638000,429.1457019123751,102
2024-09-20 12:22:08.663000,429.19195891969633,1002
2024-09-20 12:22:08.664000,429.1710911321864,9
2024-09-20 12:22:08.780000,429.1402519398877,10
2024-09-20 12:22:08.842000,429.21013107531286,98
2024-09-20 12:22:08.865000,429.1738699871526,99
2024-09-20 12:22:08.924000,429.1776806052701,10
2024-09-20 12:22:08.967000,429.1926461157428,98
2024-09-20 12:22:09.020000,429.0960864738117,997
2024-09-20 12:22:09.109000,429.11317361017217,101
2024-09-20 12:22:09.120000,429.12592459262754,996
2024-09-20 12:22:09.183000,429.0761925246146,1002
2024-09-20 12:22:09.202000,429.1015727742913,997
2024-09-20 12:22:09.274000,429.0984313879316,12
2024-09-20 12:22:09.276000,429.09466500362,12
2024-09-20 12:22:09.310000,429.09319552067006,5
2024-09-20 12:22:09.311000,429.0960944412149,9
2024-09-20 12:22:09.380000,429.1480407056042,96
2024-09-20 12:22:09.483000,429.0793361884984,103
2024-09-20 12:22:09.569000,429.0873644784392,13
2024-09-20 12:22:09.571000,429.1331187007957,999
2024-09-20 12:22:09.595000,429.1092137374207,96
2024-09-20 12:22:09.661000,429.1019670449053,99
2024-09-20 12:22:09.780000,429.1423086955575,104
2024-09-20 12:22:09.811000,429.0965404264179,1001
2024-09-20 12:22:09.846000,429.0706643005152,104
2024-09-20 12:22:09.913000,429.1162976928926,9
2024-09-20 12:22:09.923000,429.1074388729601,5
2024-09-20 12:22:09.982000,429.1485920236136,13
2024-09-20 12:22:10.045000,429.13466827936463,996
2024-09-20 12:22:10.185000,429.1270395991715,95
2024-09-20 12:22:10.186000,429.1420509370623,998
2024-09-20 12:22:10.194000,429.1369736175679,104
2024-09-20 12:22:10.227000,429.12421044743206,998
2024-09-20 12:22:10.232000,429.13326014133577,999
2024-09-20 12:22:10.343000,429.0869769232223,14
2024-09-20 12:22:10.360000,429.14486613009154,97
2024-09-20 12:22:10.371000,429.1164747273166,1001
2024-09-20 12:22:10.382000,429.1289761184241,8
2024-09-20 12:22:10.389000,429.1154773473946,1005
2024-09-20 12:22:10.411000,429.1038491545612,100
2024-09-20 12:22:10.452000,429.1354456780665,15
2024-09-20 12:22:10.525000,429.1329656731137,98
2024-09-20 12:22:10.568000,429.1241867559343,97
2024-09-20 12:22:10.587000,429.160439063848,101
2024-09-20 12:22:10.653000,429.1303998505832,999
2024-09-20 12:22:10.706000,429.08413824671686,105
2024-09-20 12:22:10.746000,429.1303101674703,7
2024-09-20 12:22:10.748000,429.1043585875059,999
2024-09-20 12:22:10.760000,429.1127327717202,97
2024-09-20 12:22:10.776000,429.1147784414481,11
2024-09-20 12:22:10.807000,429.128127068206,996
2024-09-20 12:22:10.845000,429.13925242452,1005
2024-09-20 12:22:10.878000,429.1032286945134,1001
2024-09-20 12:22:10.906000,429.1245577394941,996
2024-09-20 12:22:10.970000,429.1018085245215,6
2024-09-20 12:22:10.982000,429.147675387917,99
2024-09-20 12:22:11.005000,429.1007936205412,95
2024-09-20 12:22:11.012000,429.1024802759888,11
2024-09-20 12:22:11.185000,429.1175794929701,1000
2024-09-20 12:22:11.292000,429.1349977168487,103
2024-09-20 12:22:11.324000,429.1041010238097,105
2024-09-20 12:22:11.519000,429.0979325651782,95
2024-09-20 12:22:11.611000,429.119406162064,1001
2024-09-20 12:22:11.631000,429.1087293321388,101
2024-09-20 12:22:11.712000,429.1242152374481,104
2024-09-20 12:22:11.858000,429.09409469839017,100
2024-09-20 12:22:11.866000,429.0861661661424,105
2024-09-20 12:22:12.344000,429.09135977274485,7
2024-09-20 12:22:12.372000,429.0888461625123,1002
2024-09-20 12:22:12.874000,429.0730670171912,1003
2024-09-20 12:22:12.896000,429.0935827408079,10
2024-09-20 12:22:12.900000,429.0704400428013,9
2024-09-20 12:22:13.103000,429.02711898153166,1000
2024-09-20 12:22:13.225000,429.0295049840521,5
2024-09-20 12:22:13.299000,429.0256399375684,9
2024-09-20 12:22:13.309000,429.0443070048333,5
2024-09-20 12:22:13.477000,429.03618503578303,996
2024-09-20 12:22:13.482000,429.02782974729087,8
2024-09-20 12:22:13.601000,429.027843641012,8
2024-09-20 12:22:13.619000,429.04201409013376,14
2024-09-20 12:22:13.756000,429.0283650367727,99
2024-09-20 12:22:13.767000,429.0700445235211,8
2024-09-20 12:22:13.787000,429.0618287499148,10
2024-09-20 12:22:13.853000,429.0320712636751,1000
2024-09-20 12:22:14.081000,428.9770854136998,101
2024-09-20 12:22:14.140000,429.0236396046813,996
2024-09-20 12:22:14.225000,428.99181037966775,9
2024-09-20 12:22:14.313000,428.9732066283229,1000
2024-09-20 12:22:14.415000,428.9829152316663,998
2024-09-20 12:22:14.453000,428.9705629505823,99
2024-09-20 12:22:14.505000,429.01109264733446,1004
2024-09-20 12:22:14.510000,429.0071487318416,1001
2024-09-20 12:22:14.690000,429.0303141000587,8
2024-09-20 12:22:14.705000,428.9797697049896,100
2024-09-20 12:22:14.747000,428.9562287918224,7
2024-09-20 12:22:14.768000,428.9590883577133,99
2024-09-20 12:22:14.779000,428.9437297332125,95
2024-09-20 12:22:14.793000,428.9620875078528,13
2024-09-20 12:22:14.822000,428.9772173038238,100
2024-09-20 12:22:14.884000,428.97108834253584,1001
2024-09-20 12:22:14.916000,428.9723103880918,102
2024-09-20 12:22:14.948000,429.0123660689815,12
2024-09-20 12:22:14.952000,428.9857590253808,11
2024-09-20 12:22:14.971000,428.98732575485866,6
2024-09-20 12:22:15.150000,429.0038337450784,12
2024-09-20 12:22:15.643000,428.9856941326456,104
2024-09-20 12:22:15.667000,429.0040499684716,104
2024-09-20 12:22:15.805000,429.017350974346,15
2024-09-20 12:22:15.867000,428.9751848410937,998
2024-09-20 12:22:16.042000,428.9566010795669,99
2024-09-20 12:22:16.427000,428.9512690669978,998
2024-09-20 12:22:16.635000,428.9530367118239,13
2024-09-20 12:22:16.827000,428.9651649821076,98
2024-09-20 12:22:17.004000,429.0044903263805,101
2024-09-20 12:22:17.130000,429.0209970850443,8
2024-09-20 12:22:17.135000,429.0198273614264,103
2024-09-20 12:22:17.141000,429.0205677677652,5
2024-09-20 12:22:17.188000,429.02594958056807,13
2024-09-20 12:22:17.266000,429.0225219157351,96
2024-09-20 12:22:17.267000,429.0330450105173,96
2024-09-20 12:22:17.310000,429.01771047439865,99
2024-09-20 12:22:17.316000,428.9802626103821,1001
2024-09-20 12:22:17.347000,428.9819944696047,1000
2024-09-20 12:22:17.632000,429.0043958097748,7
2024-09-20 12:22:17.820000,428.9747994582634,101
2024-09-20 12:22:17.966000,429.0070550922241,996
2024-09-20 12:22:18.499000,429.0223025140999,7
2024-09-20 12:22:18.926000,429.02023500891033,1002
2024-09-20 12:22:19.002000,429.0057263983039,995
2024-09-20 12:22:19.003000,429.012891967493,5
2024-09-20 12:22:19.004000,429.02315653243255,103
2024-09-20 12:22:19.066000,429.02242526800137,97
2024-09-20 12:22:19.090000,429.01512028753086,14
2024-09-20 12:22:19.146000,429.024703683733,6
2024-09-20 12:22:19.192000,428.9649849544999,98
2024-09-20 12:22:19.209000,428.9855479186928,13
2024-09-20 12:22:19.233000,429.01298652219367,103
2024-09-20 12:22:19.252000,429.0306489926928,101
2024-09-20 12:22:19.259000,429.0190017179782,1000
2024-09-20 12:22:19.284000,429.03610114693794,101
2024-09-20 12:22:19.308000,429.0206335017368,13
2024-09-20 12:22:19.380000,429.0389161939256,12
2024-09-20 12:22:19.412000,429.0272012982013,1004
2024-09-20 12:22:19.427000,429.02317085966695,997
2024-09-20 12:22:19.435000,428.98687028586426,995
2024-09-20 12:22:19.495000,429.0004678163921,1001
2024-09-20 12:22:19.499000,429.0403514045946,101
2024-09-20 12:22:19.547000,428.9891777889836,14
2024-09-20 12:22:19.642000,429.0312870171334,100
2024-09-20 12:22:19.646000,429.0362896569244,99
2024-09-20 12:22:19.651000,429.01836746967246,100
2024-09-20 12:22:19.783000,429.0195591102568,99
2024-09-20 12:22:19.783000,429.0204520862563,998
2024-09-20 12:22:19.849000,428.9967926440609,11
2024-09-20 12:22:19.874000,429.0279713567704,1001
2024-09-20 12:22:19.933000,428.9845681118614,104
2024-09-20 12:22:19.936000,429.00777934234816,104
2024-09-20 12:22:19.979000,429.0416602631211,6
2024-09-20 12:22:20.124000,429.0234705688375,999
2024-09-20 12:22:20.237000,429.0134861555504,1001
2024-09-20 12:22:20.260000,429.0430759998856,9
2024-09-20 12:22:20.431000,429.065496403936,11
2024-09-20 12:22:20.570000,429.0783012581749,1005
2024-09-20 12:22:20.769000,429.1088274804944,1003
2024-09-20 12:22:20.808000,429.0154599595134,95
2024-09-20 12:22:20.837000,429.092784565725,1001
2024-09-20 12:22:20.870000,429.056165083712,995
2024-09-20 12:22:20.999000,429.0799702481887,102
2024-09-20 12:22:21.054000,429.0615671117227,104
2024-09-20 12:22:21.064000,429.0993887115402,997
2024-09-20 12:22:21.137000,429.09108920418777,11
2024-09-20 12:22:21.214000,429.06487249806,997
2024-09-20 12:22:21.254000,429.0936925075679,100
2024-09-20 12:22:21.268000,429.0631539334627,10
2024-09-20 12:22:21.291000,429.1170554140268,96
2024-09-20 12:22:21.383000,429.08015987771006,13
2024-09-20 12:22:21.535000,429.0589160783382,1005
2024-09-20 12:22:21.800000,429.1019861940429,15
2024-09-20 12:22:21.906000,429.10775936379656,97
2024-09-20 12:22:22.457000,429.06265359568897,1005
2024-09-20 12:22:22.737000,429.091105703927,97
2024-09-20 12:22:23.152000,429.1092668543996,1004
2024-09-20 12:22:23.230000,429.102355353868,998
2024-09-20 12:22:23.360000,429.1124961858543,105
2024-09-20 12:22:23.365000,429.095416367046,5
2024-09-20 12:22:23.624000,429.1152134679721,105
2024-09-20 12:22:23.797000,429.086257110076,5
2024-09-20 12:22:23.886000,429.1166554343235,97
2024-09-20 12:22:23.907000,429.1108545950842,95
2024-09-20 12:22:23.927000,429.1006349166125,104
2024-09-20 12:22:23.929000,429.0987835107991,1000
2024-09-20 12:22:23.963000,429.11730869453,96
2024-09-20 12:22:24.154000,429.1679105389464,14
2024-09-20 12:22:24.182000,429.1407551629595,13
2024-09-20 12:22:24.274000,429.1574086354431,14
2024-09-20 12:22:24.298000,429.12851310460695,13
2024-09-20 12:22:24.333000,429.1515705572753,97
2024-09-20 12:22:24.412000,429.118345337451,12
2024-09-20 12:22:24.441000,429.12117085799537,996
2024-09-20 12:22:24.468000,429.1501282191599,97
2024-09-20 12:22:24.500000,429.1465047129171,10
2024-09-20 12:22:24.506000,429.11525781939855,1000
2024-09-20 12:22:24.586000,429.1357467534753,1004
2024-09-20 12:22:24.754000,429.1392183024737,1005
2024-09-20 12:22:24.763000,429.1392224384021,1001
2024-09-20 12:22:24.771000,429.14879281709887,95
2024-09-20 12:22:24.823000,429.1128380730405,100
2024-09-20 12:22:24.885000,429.139873351829,9
2024-09-20 12:22:24.887000,429.1365599259989,97
2024-09-20 12:22:24.912000,429.1497923288882,96
2024-09-20 12:22:24.915000,429.1139744732319,7
2024-09-20 12:22:24.968000,429.1335427317906,105
2024-09-20 12:22:24.968000,429.1423194936775,97
2024-09-20 12:22:25.007000,429.1426075004901,15
2024-09-20 12:22:25.027000,429.208923496571,100
2024-09-20 12:22:25.079000,429.1744530973389,9
2024-09-20 12:22:25.124000,429.15366889586863,6
2024-09-20 12:22:25.240000,429.2152209632639,15
2024-09-20 12:22:25.307000,429.1983882363844,102
2024-09-20 12:22:25.365000,429.2256319355352,1005
2024-09-20 12:22:25.415000,429.2025049579264,999
2024-09-20 12:22:25.467000,429.1465847312008,5
2024-09-20 12:22:25.472000,429.1886915410542,104
2024-09-20 12:22:25.508000,429.1899162650199,1000
2024-09-20 12:22:25.518000,429.1940800153709,95
2024-09-20 12:22:25.617000,429.1750346255325,1003
2024-09-20 12:22:25.648000,429.1993566481832,97
2024-09-20 12:22:25.677000,429.2181005160266,5
2024-09-20 12:22:25.704000,429.197679164348,999
2024-09-20 12:22:25.722000,429.1604846797371,98
2024-09-20 12:22:25.771000,429.21306258551135,95
2024-09-20 12:22:25.826000,429.1960045719976,1000
2024-09-20 12:22:25.870000,429.19792590182215,103
2024-09-20 12:22:26.007000,429.2544649447405,97
2024-09-20 12:22:26.010000,429.274234632132,996
2024-09-20 12:22:26.118000,429.30721057776753,105
2024-09-20 12:22:26.151000,429.2245583373535,7
2024-09-20 12:22:26.219000,429.2988613145969,9
2024-09-20 12:22:26.318000,429.2941144788555,1005
2024-09-20 12:22:26.320000,429.2757528291788,7
2024-09-20 12:22:26.330000,429.2155881081108,10
2024-09-20 12:22:26.336000,429.23789006722905,12
2024-09-20 12:22:26.376000,429.24143187092255,995
2024-09-20 12:22:26.387000,429.2738219641079,1000
2024-09-20 12:22:26.388000,429.2581545327288,14
2024-09-20 12:22:26.464000,429.2266258987961,8
2024-09-20 12:22:26.531000,429.2234602813292,14
2024-09-20 12:22:26.739000,429.2390333549189,102
2024-09-20 12:22:26.756000,429.245447879645,999
2024-09-20 12:22:26.829000,429.2708722958324,100
2024-09-20 12:22:26.899000,429.2511956024813,104
2024-09-20 12:22:26.947000,429.3071249126033,1002
2024-09-20 12:22:26.972000,429.2832743558554,7
2024-09-20 12:22:27.017000,429.2203386362023,95
2024-09-20 12:22:27.034000,429.2030923530325,1003
2024-09-20 12:22:27.051000,429.1856872102052,1002
2024-09-20 12:22:27.062000,429.2217796650991,104
2024-09-20 12:22:27.106000,429.2464065133005,98
2024-09-20 12:22:27.114000,429.2032314720022,1000
2024-09-20 12:22:27.135000,429.2052417927643,1004
2024-09-20 12:22:27.144000,429.2131614807574,6
2024-09-20 12:22:27.196000,429.2506957516136,101
2024-09-20 12:22:27.217000,429.2281027159253,1003
2024-09-20 12:22:27.230000,429.1822006659801,15
2024-09-20 12:22:27.297000,429.2384959759015,102
2024-09-20 12:22:27.424000,429.2323014679673,995
2024-09-20 12:22:27.469000,429.2186509120608,1002
2024-09-20 12:22:27.568000,429.1942914553036,103
2024-09-20 12:22:27.606000,429.2209287251236,1005
2024-09-20 12:22:27.629000,429.2515734342301,9
2024-09-20 12:22:27.690000,429.1949979114819,1000
2024-09-20 12:22:27.695000,429.2405786217927,997
2024-09-20 12:22:27.830000,429.2034740724157,104
2024-09-20 12:22:27.837000,429.25407240945566,996
2024-09-20 12:22:27.870000,429.1977749817183,996
2024-09-20 12:22:27.916000,429.23425363475394,13
2024-09-20 12:22:27.941000,429.1807743599798,97
2024-09-20 12:22:27.959000,429.2298620309895,9
2024-09-20 12:22:28.087000,429.1907085054037,10
2024-09-20 12:22:28.101000,429.2128420327421,998
2024-09-20 12:22:28.117000,429.2238791918253,9
2024-09-20 12:22:28.127000,429.2330551432277,7
2024-09-20 12:22:28.135000,429.2153638831167,102
2024-09-20 12:22:28.141000,429.2068778934161,1005
2024-09-20 12:22:28.224000,429.2123836763782,6
2024-09-20 12:22:28.277000,429.24383015043566,99
2024-09-20 12:22:28.304000,429.2210249595173,101
2024-09-20 12:22:28.378000,429.225043858264,13
2024-09-20 12:22:28.431000,429.2368554172132,11
2024-09-20 12:22:28.445000,429.21799772807344,9
2024-09-20 12:22:28.463000,429.2041397903588,999
2024-09-20 12:22:28.521000,429.22171648385074,100
2024-09-20 12:22:28.700000,429.2052109673257,999
2024-09-20 12:22:28.717000,429.2182185517949,99
2024-09-20 12:22:28.726000,429.2151020148874,1000
2024-09-20 12:22:28.757000,429.2297513097329,7
2024-09-20 12:22:28.822000,429.2304964273943,13
2024-09-20 12:22:28.890000,429.2173780056677,998
2024-09-20 12:22:28.898000,429.2159224364538,6
2024-09-20 12:22:29.009000,429.2080193936506,11
2024-09-20 12:22:29.062000,429.19900680303385,12
2024-09-20 12:22:29.151000,429.1946713186503,999
2024-09-20 12:22:29.174000,429.1639287586868,105
2024-09-20 12:22:29.208000,429.1537423965874,98
2024-09-20 12:22:29.243000,429.1698711744883,97
2024-09-20 12:22:29.265000,429.2036450581769,996
2024-09-20 12:22:29.439000,429.14844195650056,13
2024-09-20 12:22:29.502000,429.18496464854593,95
2024-09-20 12:22:29.530000,429.1963313188985,100
2024-09-20 12:22:29.531000,429.2120023603,105
2024-09-20 12:22:29.594000,429.1625971668029,1003
2024-09-20 12:22:29.607000,429.2221253128702,996
2024-09-20 12:22:29.670000,429.19977494862286,102
2024-09-20 12:22:29.720000,429.1522685818001,999
2024-09-20 12:22:29.759000,429.1612565871085,1003
2024-09-20 12:22:29.812000,429.1579720739823,102
2024-09-20 12:22:29.862000,429.1619441946986,9
2024-09-20 12:22:29.901000,429.1899745263648,11
2024-09-20 12:22:29.917000,429.1917112087588,10
2024-09-20 12:22:29.979000,429.2042889422671,1002
2024-09-20 12:22:30.021000,429.14528348587487,9
2024-09-20 12:22:30.149000,429.1793296139985,999
2024-09-20 12:22:30.295000,429.23107070377984,6
2024-09-20 12:22:30.376000,429.17390783328415,15
2024-09-20 12:22:30.532000,429.1716548635583,1004
2024-09-20 12:22:30.567000,429.2118547625964,13
2024-09-20 12:22:30.575000,429.1710049864594,10
2024-09-20 12:22:30.590000,429.2016027097686,10
2024-09-20 12:22:30.656000,429.2056907215031,997
2024-09-20 12:22:30.769000,429.1895343415295,98
2024-09-20 12:22:30.784000,429.1624690914045,95
2024-09-20 12:22:30.830000,429.1740356536213,105
2024-09-20 12:22:30.884000,429.1566296276117,15
2024-09-20 12:22:30.906000,429.186498547488,14
2024-09-20 12:22:30.929000,429.1610813985344,14
2024-09-20 12:22:30.945000,429.1617407382123,102
2024-09-20 12:22:30.946000,429.1661914925592,105
2024-09-20 12:22:31.004000,429.22334119771074,1002
2024-09-20 12:22:31.016000,429.2037137709264,99
2024-09-20 12:22:31.110000,429.22006146146646,1001
2024-09-20 12:22:31.145000,429.2475551519608,100
2024-09-20 12:22:31.146000,429.223680998545,95
2024-09-20 12:22:31.153000,429.2005693249448,10
2024-09-20 12:22:31.333000,429.2140992850188,1002
2024-09-20 12:22:31.367000,429.1971954565933,1002
2024-09-20 12:22:31.421000,429.2767035039628,8
2024-09-20 12:22:31.432000,429.23490168668087,96
2024-09-20 12:22:31.502000,429.2478265019388,95
2024-09-20 12:22:31.519000,429.20024795509113,996
2024-09-20 12:22:31.520000,429.2148677789672,996
2024-09-20 12:22:31.527000,429.18671441758113,996
2024-09-20 12:22:31.575000,429.2002162579482,995
2024-09-20 12:22:31.581000,429.1669711329486,997
2024-09-20 12:22:31.588000,429.2587818085009,997
2024-09-20 12:22:31.608000,429.2218476605511,15
2024-09-20 12:22:31.674000,429.2172366885701,997
2024-09-20 12:22:31.753000,429.19405823915497,1003
2024-09-20 12:22:31.787000,429.2228246459773,105
2024-09-20 12:22:31.840000,429.1403084951455,1004
2024-09-20 12:22:31.879000,429.1769472915314,11
2024-09-20 12:22:31.885000,429.2014209138137,15
2024-09-20 12:22:31.951000,429.1935431446827,1003
2024-09-20 12:22:31.968000,429.2053922012774,102
2024-09-20 12:22:31.970000,429.19491475351714,998
2024-09-20 12:22:32.012000,429.241685999665,7
2024-09-20 12:22:32.014000,429.23610817700734,10
2024-09-20 12:22:32.034000,429.2182242797653,5
2024-09-20 12:22:32.095000,429.2727976091181,99
2024-09-20 12:22:32.107000,429.1862373137297,5
2024-09-20 12:22:32.174000,429.2284964381896,1000
2024-09-20 12:22:32.203000,429.2616803616109,97
2024-09-20 12:22:32.263000,429.2335474222385,97
2024-09-20 12:22:32.282000,429.1911294571265,998
2024-09-20 12:22:32.366000,429.2841354816859,996
2024-09-20 12:22:32.440000,429.1763258429274,1000
2024-09-20 12:22:32.466000,429.2250362813224,998
2024-09-20 12:22:32.539000,429.2344385240249,14
2024-09-20 12:22:32.543000,429.2532896655723,1004
2024-09-20 12:22:32.557000,429.2214849166793,99
2024-09-20 12:22:32.591000,429.2543497312956,14
2024-09-20 12:22:32.617000,429.2359801673456,103
2024-09-20 12:22:32.678000,429.19895421565104,11
2024-09-20 12:22:32.758000,429.26367329084326,101
2024-09-20 12:22:32.768000,429.2559598444453,104
2024-09-20 12:22:32.772000,429.24637454509366,102
2024-09-20 12:22:32.823000,429.2528997313585,11
2024-09-20 12:22:32.945000,429.2839698274589,103
2024-09-20 12:22:32.967000,429.2622148758799,96
2024-09-20 12:22:32.991000,429.18185837437534,9
2024-09-20 12:22:33.199000,429.2348218548646,12
2024-09-20 12:22:33.223000,429.24530493739616,96
2024-09-20 12:22:33.587000,429.2279736955501,103
2024-09-20 12:22:33.878000,429.226362772121,12
2024-09-20 12:22:34.092000,429.2469691188928,1002
2024-09-20 12:22:34.233000,429.2449787876872,105
2024-09-20 12:22:34.499000,429.2473344117565,1003
2024-09-20 12:22:34.511000,429.2395453170222,5
2024-09-20 12:22:34.519000,429.2487261512622,5
2024-09-20 12:22:34.547000,429.2512363969318,6
2024-09-20 12:22:34.562000,429.2476333640088,8
2024-09-20 12:22:34.608000,429.2569864975416,10
2024-09-20 12:22:34.935000,429.24267124874166,5
2024-09-20 12:22:34.941000,429.2464501006618,10
2024-09-20 12:22:34.960000,429.24634466412425,105
2024-09-20 12:22:34.986000,429.2598440612144,105
2024-09-20 12:22:35,429.1967887266164,15
2024-09-20 12:22:35.004000,429.2237672560644,7
2024-09-20 12:22:35.036000,429.24497547585366,1003
2024-09-20 12:22:35.074000,429.19590608260506,100
2024-09-20 12:22:35.227000,429.23370956449713,104
2024-09-20 12:22:35.305000,429.21787839814897,1005
2024-09-20 12:22:35.313000,429.2080736921568,8
2024-09-20 12:22:35.324000,429.22464271175073,998
2024-09-20 12:22:35.380000,429.20385924839314,96
2024-09-20 12:22:35.421000,429.2227222299139,995
2024-09-20 12:22:35.453000,429.2227675335154,101
2024-09-20 12:22:35.473000,429.24965922828,998
2024-09-20 12:22:35.531000,429.23441710284783,9
2024-09-20 12:22:35.542000,429.2358320628977,10
2024-09-20 12:22:35.592000,429.22290558152935,10
2024-09-20 12:22:35.610000,429.232819994143,996
2024-09-20 12:22:35.652000,429.2000220719109,996
2024-09-20 12:22:35.681000,429.224492536918,7
2024-09-20 12:22:35.706000,429.2278722021175,1002
2024-09-20 12:22:35.763000,429.2270283111278,100
2024-09-20 12:22:35.810000,429.24788641572616,1001
2024-09-20 12:22:36.138000,429.1244732115464,13
2024-09-20 12:22:36.173000,429.20577600060017,1004
2024-09-20 12:22:36.203000,429.2240927828484,8
2024-09-20 12:22:36.250000,429.14760621302366,7
2024-09-20 12:22:36.326000,429.1097495614181,1001
2024-09-20 12:22:36.353000,429.1101538748045,12
2024-09-20 12:22:36.388000,429.1766231173807,100
2024-09-20 12:22:36.395000,429.1134473327984,999
2024-09-20 12:22:36.457000,429.19712909721,12
2024-09-20 12:22:36.502000,429.10657615605663,996
2024-09-20 12:22:36.521000,429.1488306385413,1001
2024-09-20 12:22:36.573000,429.13371023063286,98
2024-09-20 12:22:36.578000,429.1190629307666,99
2024-09-20 12:22:36.613000,429.1221591533909,104
2024-09-20 12:22:36.657000,429.1628985804549,12
2024-09-20 12:22:36.660000,429.1433129071416,95
2024-09-20 12:22:36.668000,429.2017014484924,8
2024-09-20 12:22:36.682000,429.1715680409568,102
2024-09-20 12:22:36.712000,429.1208648479958,996
2024-09-20 12:22:36.764000,429.1391382714695,1001
2024-09-20 12:22:36.782000,429.1619164176487,996
2024-09-20 12:22:36.831000,429.1858176950763,105
2024-09-20 12:22:36.853000,429.1166109178157,12
2024-09-20 12:22:36.893000,429.2040946530975,12
2024-09-20 12:22:36.894000,429.1350632302405,12
2024-09-20 12:22:36.895000,429.12945417946224,1004
2024-09-20 12:22:37.036000,429.0021032630646,1005
2024-09-20 12:22:37.104000,429.05891153711656,1005
2024-09-20 12:22:37.292000,429.1021967908735,104
2024-09-20 12:22:37.431000,429.0183276889926,100
2024-09-20 12:22:37.514000,429.0180239119564,998
2024-09-20 12:22:37.583000,429.05882707881455,103
2024-09-20 12:22:37.591000,429.08881089893146,10
2024-09-20 12:22:37.663000,429.02831018419926,103
2024-09-20 12:22:37.685000,429.0002107536149,9
2024-09-20 12:22:37.925000,429.0526656367589,1005
2024-09-20 12:22:38.006000,429.0140543613472,105
2024-09-20 12:22:38.064000,429.0087658271018,8
2024-09-20 12:22:38.140000,429.0224860516645,5
2024-09-20 12:22:38.217000,429.0064130503397,99
2024-09-20 12:22:38.341000,428.9980323325137,5
2024-09-20 12:22:38.386000,429.00858143855,101
2024-09-20 12:22:38.418000,428.99288711942575,1000
2024-09-20 12:22:38.506000,429.01347994495546,7
2024-09-20 12:22:38.631000,429.01902793558486,96
2024-09-20 12:22:38.689000,429.0347418106965,100
2024-09-20 12:22:38.690000,429.00890845752656,9
2024-09-20 12:22:38.697000,429.0130949406681,8
2024-09-20 12:22:38.729000,429.0242586269894,98
2024-09-20 12:22:38.889000,429.01523996224745,100
2024-09-20 12:22:38.962000,429.029316894432,100
2024-09-20 12:22:39.030000,429.1189327940835,1005
2024-09-20 12:22:39.055000,429.0854129864669,996
2024-09-20 12:22:39.085000,429.04347517022137,996
2024-09-20 12:22:39.097000,429.1018210119236,15
2024-09-20 12:22:39.120000,429.0083074047444,1000
2024-09-20 12:22:39.203000,429.03831147876895,13
2024-09-20 12:22:39.239000,429.0249631657436,100
2024-09-20 12:22:39.319000,429.0270093496183,15
2024-09-20 12:22:39.337000,429.0073924680236,105
2024-09-20 12:22:39.369000,429.0384600988377,14
2024-09-20 12:22:39.447000,429.0347960134959,103
2024-09-20 12:22:39.459000,429.11375837601344,1004
2024-09-20 12:22:39.467000,429.0706585456486,10
2024-09-20 12:22:39.611000,429.0717274357058,98
2024-09-20 12:22:39.615000,429.0472732383944,14
2024-09-20 12:22:39.620000,429.1027235340747,13
2024-09-20 12:22:39.638000,429.0390977759264,1001
2024-09-20 12:22:39.703000,429.1049173301809,15
2024-09-20 12:22:39.718000,429.05680970020745,1003
2024-09-20 12:22:39.780000,429.1060847968575,997
2024-09-20 12:22:39.847000,429.0037728637256,105
2024-09-20 12:22:39.910000,429.0286377458711,1000
2024-09-20 12:22:39.918000,429.0102604357481,105
2024-09-20 12:22:39.948000,429.1109440939157,13
2024-09-20 12:22:39.983000,429.0164739148485,97
2024-09-20 12:22:39.997000,429.0591657621098,997
2024-09-20 12:22:40.010000,429.0587817282054,12
2024-09-20 12:22:40.019000,429.0252706567969,102
2024-09-20 12:22:40.025000,429.1057406672777,7
2024-09-20 12:22:40.122000,429.1037957278272,995
2024-09-20 12:22:40.137000,429.0412138621607,97
2024-09-20 12:22:40.153000,429.05581602228426,103
2024-09-20 12:22:40.172000,429.0798111348832,100
2024-09-20 12:22:40.246000,429.14244153025606,9
2024-09-20 12:22:40.257000,429.14319585434856,99
2024-09-20 12:22:40.266000,429.09919130557125,99
2024-09-20 12:22:40.267000,429.09137139602353,10
2024-09-20 12:22:40.373000,429.0977001742207,999
2024-09-20 12:22:40.387000,429.12154566829565,998
2024-09-20 12:22:40.410000,429.0226287955111,100
2024-09-20 12:22:40.513000,429.1493432904587,998
2024-09-20 12:22:40.526000,429.1579963761838,102
2024-09-20 12:22:40.528000,429.0351483743915,100
2024-09-20 12:22:40.569000,429.1080759398153,1000
2024-09-20 12:22:40.571000,429.13583042850223,7
2024-09-20 12:22:40.577000,429.0431342158473,1005
2024-09-20 12:22:40.635000,429.1032994836157,13
2024-09-20 12:22:40.729000,429.07865202289145,8
2024-09-20 12:22:40.746000,429.1351736655274,6
2024-09-20 12:22:40.763000,429.1089975604119,97
2024-09-20 12:22:40.882000,429.0195755221479,1003
2024-09-20 12:22:40.901000,429.1597631743255,105
2024-09-20 12:22:40.903000,429.0142644572513,7
2024-09-20 12:22:41.035000,429.0952590564448,9
2024-09-20 12:22:41.074000,429.1015057596587,103
2024-09-20 12:22:41.188000,429.0831816707106,104
2024-09-20 12:22:41.210000,429.0935733192954,96
2024-09-20 12:22:41.281000,429.1174807439941,997
2024-09-20 12:22:41.416000,429.10003410694617,1005
2024-09-20 12:22:41.748000,429.10576324836586,997
2024-09-20 12:22:41.855000,429.1011795571643,1004
2024-09-20 12:22:41.857000,429.0706587934664,97
2024-09-20 12:22:42.205000,429.1172163986201,11
2024-09-20 12:22:42.216000,429.12382937176767,102
2024-09-20 12:22:42.298000,429.07626818475467,14
2024-09-20 12:22:42.376000,429.09915126011566,105
2024-09-20 12:22:42.544000,429.06169946869466,8
2024-09-20 12:22:42.645000,429.0767620531471,102
2024-09-20 12:22:42.698000,429.08470424958966,14
2024-09-20 12:22:42.750000,429.1075207109837,1003
2024-09-20 12:22:42.925000,429.1231249241127,100
2024-09-20 12:22:42.930000,429.07485151445655,9
2024-09-20 12:22:42.986000,429.0951766813629,96
2024-09-20 12:22:43.042000,429.1012579522901,1000
2024-09-20 12:22:43.556000,429.1067437782312,996
2024-09-20 12:22:43.888000,429.098583770901,14
2024-09-20 12:22:43.914000,429.1132992289435,7
2024-09-20 12:22:43.931000,429.10130021768686,997
2024-09-20 12:22:44.054000,429.1025747098504,97
2024-09-20 12:22:44.383000,429.1056471520138,11
2024-09-20 12:22:44.563000,429.1066747655351,1001
2024-09-20 12:22:44.853000,429.0875860537123,105
2024-09-20 12:22:45.055000,429.1103679619739,103
2024-09-20 12:22:45.130000,429.07868199854784,102
2024-09-20 12:22:45.295000,429.0882225940736,99
2024-09-20 12:22:45.333000,429.1682408063908,103
2024-09-20 12:22:45.415000,429.1159405076801,101
2024-09-20 12:22:45.435000,429.16625844951744,6
2024-09-20 12:22:45.444000,429.1097405450236,999
2024-09-20 12:22:45.600000,429.170664216215,98
2024-09-20 12:22:45.610000,429.0979727001907,6
2024-09-20 12:22:45.616000,429.1234855274893,7
2024-09-20 12:22:45.623000,429.1061900173401,996
2024-09-20 12:22:45.665000,429.1640517613113,1005
2024-09-20 12:22:45.688000,429.1181551485223,104
2024-09-20 12:22:45.711000,429.15880680406417,97
2024-09-20 12:22:45.711000,429.1367068353195,1002
2024-09-20 12:22:45.725000,429.1891871510524,995
2024-09-20 12:22:45.756000,429.1268747588916,1000
2024-09-20 12:22:45.801000,429.15178595651855,1004
2024-09-20 12:22:45.847000,429.1086729788408,15
2024-09-20 12:22:45.910000,429.11808706109406,12
2024-09-20 12:22:45.928000,429.0890828735941,10
2024-09-20 12:22:47.100000,429.05803740422726,997
2024-09-20 12:22:47.184000,429.1267007366069,1005
2024-09-20 12:22:47.243000,429.1537934398042,6
2024-09-20 12:22:47.252000,429.0465402131044,103
2024-09-20 12:22:47.253000,429.13662074813016,10
2024-09-20 12:22:47.332000,429.1302123351435,7
2024-09-20 12:22:47.459000,429.15663565596486,5
2024-09-20 12:22:47.503000,429.11380109677833,997
2024-09-20 12:22:47.530000,429.1620666381368,14
2024-09-20 12:22:47.585000,429.1452154019783,97
2024-09-20 12:22:47.662000,429.0595112836618,96
2024-09-20 12:22:47.732000,429.10393904626096,1003
2024-09-20 12:22:47.782000,429.1613023756656,999
2024-09-20 12:22:47.791000,429.01773997592,14
2024-09-20 12:22:47.847000,429.0818169022816,6
2024-09-20 12:22:47.860000,429.0196393468162,999
2024-09-20 12:22:47.876000,429.04294061281325,1000
2024-09-20 12:22:47.994000,429.06987946085513,8
2024-09-20 12:22:48.070000,429.0699217037991,15
2024-09-20 12:22:48.100000,429.02511261042224,7
2024-09-20 12:22:48.104000,429.0183213596264,104
2024-09-20 12:22:48.188000,429.08937454361535,9
2024-09-20 12:22:48.295000,429.0504510248453,998
2024-09-20 12:22:48.329000,429.0719418737888,7
2024-09-20 12:22:48.370000,429.0961595513753,1005
2024-09-20 12:22:48.487000,429.0182952696978,997
2024-09-20 12:22:48.488000,429.0236230648535,8
2024-09-20 12:22:48.611000,429.0246487657416,14
2024-09-20 12:22:48.627000,429.0848187511377,96
2024-09-20 12:22:48.633000,429.0340530283055,996
2024-09-20 12:22:48.662000,429.0654723252495,97
2024-09-20 12:22:48.683000,429.04352831786485,14
2024-09-20 12:22:48.706000,429.1129573900495,1003
2024-09-20 12:22:48.788000,429.1107727695782,95
2024-09-20 12:22:48.833000,429.069007799176,15
2024-09-20 12:22:48.878000,429.020001605998,1005
2024-09-20 12:22:48.932000,429.0473334498821,102
2024-09-20 12:22:48.944000,429.036139565626,1004
2024-09-20 12:22:48.963000,429.0756381853624,1002
2024-09-20 12:22:48.995000,429.0308444619471,7
2024-09-20 12:22:49,429.0735985953424,104
2024-09-20 12:22:49.143000,429.1033531409967,10
2024-09-20 12:22:49.282000,429.0820755058693,1005
2024-09-20 12:22:49.358000,429.0891165549327,8
2024-09-20 12:22:49.430000,429.07662106427375,14
2024-09-20 12:22:49.447000,429.0997636422821,998
2024-09-20 12:22:49.473000,429.0628495683578,1004
2024-09-20 12:22:49.490000,429.0992953415272,97
2024-09-20 12:22:49.506000,429.0933619863858,99
2024-09-20 12:22:49.562000,429.099178855308,95
2024-09-20 12:22:49.628000,429.0800450107658,100
2024-09-20 12:22:49.651000,429.0908001806697,999
2024-09-20 12:22:49.814000,429.080645872864,1002
2024-09-20 12:22:49.828000,429.0797240528559,96
2024-09-20 12:22:49.927000,429.0872992145526,5
2024-09-20 12:22:49.944000,429.08612263313785,995
2024-09-20 12:22:49.982000,429.1093053917955,997
2024-09-20 12:22:49.990000,429.0775114973343,6
2024-09-20 12:22:49.993000,429.0899698654509,101
2024-09-20 12:22:50.029000,429.0006084407108,997
2024-09-20 12:22:50.064000,429.04398204304096,9
2024-09-20 12:22:50.114000,429.0625703876893,15
2024-09-20 12:22:50.128000,429.0451035098382,97
2024-09-20 12:22:50.137000,429.01753052977847,7
2024-09-20 12:22:50.227000,429.079761153206,9
2024-09-20 12:22:50.292000,429.0047716966088,102
2024-09-20 12:22:50.379000,429.0294944381702,11
2024-09-20 12:22:50.436000,429.0223931149074,995
2024-09-20 12:22:50.441000,429.0125443789425,1002
2024-09-20 12:22:50.499000,429.016139226881,10
2024-09-20 12:22:50.619000,429.03186234747096,997
2024-09-20 12:22:50.626000,429.034776958198,15
2024-09-20 12:22:50.671000,429.0230669442959,1001
2024-09-20 12:22:50.689000,429.08442525718704,1005
2024-09-20 12:22:50.750000,429.0663086419471,11
2024-09-20 12:22:50.750000,429.0251437446193,1002
2024-09-20 12:22:50.793000,429.0533582721794,997
2024-09-20 12:22:50.801000,429.0052831864517,14
2024-09-20 12:22:50.880000,429.0648510202288,99
2024-09-20 12:22:50.897000,429.0716097421417,8
2024-09-20 12:22:50.904000,429.032011483155,1000
2024-09-20 12:22:50.908000,429.03581890260176,995
2024-09-20 12:22:50.916000,429.0274753318688,1004
2024-09-20 12:22:50.920000,429.0448443386719,104
2024-09-20 12:22:50.921000,429.0048513942722,12
2024-09-20 12:22:50.923000,429.0034431302543,999
2024-09-20 12:22:50.924000,429.0371374882994,997
2024-09-20 12:22:50.989000,429.0366979453875,9
2024-09-20 12:22:51.048000,429.0009857261709,11
2024-09-20 12:22:51.068000,429.0014710583671,99
2024-09-20 12:22:51.070000,428.9838782477963,1005
2024-09-20 12:22:51.157000,429.0199123781552,9
2024-09-20 12:22:51.405000,429.0444763640994,996
2024-09-20 12:22:51.561000,428.97706310526473,6
2024-09-20 12:22:51.572000,429.0322342131131,103
2024-09-20 12:22:51.577000,428.98915499134927,997
2024-09-20 12:22:51.657000,429.03296266292233,105
2024-09-20 12:22:51.712000,428.9835078955641,101
2024-09-20 12:22:51.752000,428.98848013641776,1002
2024-09-20 12:22:51.874000,428.98735576095874,7
2024-09-20 12:22:51.939000,429.0092962838961,99
2024-09-20 12:22:51.953000,428.97693839497447,1001
2024-09-20 12:22:52.002000,429.04258251304896,9
2024-09-20 12:22:52.022000,429.00348835570594,12
2024-09-20 12:22:52.032000,429.0286248853753,99
2024-09-20 12:22:52.136000,429.0095688427217,996
2024-09-20 12:22:52.141000,429.0423552865201,95
2024-09-20 12:22:52.375000,428.9811902636344,997
2024-09-20 12:22:52.434000,429.0314475087764,12
2024-09-20 12:22:52.481000,429.0344396271456,997
2024-09-20 12:22:52.486000,429.0486803322525,8
2024-09-20 12:22:52.525000,429.00248805309946,95
2024-09-20 12:22:52.556000,428.9865206186521,6
2024-09-20 12:22:52.635000,429.03711268668064,102
2024-09-20 12:22:52.669000,429.0167599356759,995
2024-09-20 12:22:52.807000,429.0491076740233,100
2024-09-20 12:22:52.879000,429.0306554641239,998
2024-09-20 12:22:53.030000,429.0552779496056,99
2024-09-20 12:22:53.039000,428.98521436218704,1003
2024-09-20 12:22:53.071000,429.0252252064152,14
2024-09-20 12:22:53.087000,429.0317732458488,997
2024-09-20 12:22:53.095000,428.9701821080173,15
2024-09-20 12:22:53.107000,429.00136310214486,11
2024-09-20 12:22:53.138000,429.0102967776375,98
2024-09-20 12:22:53.185000,429.0411510155077,101
2024-09-20 12:22:53.233000,428.9626255371713,1004
2024-09-20 12:22:53.314000,429.0349764123488,998
2024-09-20 12:22:53.320000,428.9925702162244,105
2024-09-20 12:22:53.335000,428.9964994856897,1000
2024-09-20 12:22:53.358000,429.009385517182,105
2024-09-20 12:22:53.365000,429.0407613865474,999
2024-09-20 12:22:53.377000,429.0149140759928,996
2024-09-20 12:22:53.520000,429.019197879943,998
2024-09-20 12:22:53.528000,429.0321131477195,11
2024-09-20 12:22:53.565000,429.0347534307837,99
2024-09-20 12:22:53.572000,428.9875598611306,96
2024-09-20 12:22:53.575000,428.9956996265639,102
2024-09-20 12:22:53.584000,429.0356001183472,13
2024-09-20 12:22:53.760000,428.9977927512099,96
2024-09-20 12:22:53.789000,428.9708658996663,1001
2024-09-20 12:22:53.876000,428.982772452768,5
2024-09-20 12:22:53.877000,429.0090642804501,998
2024-09-20 12:22:53.877000,428.9621373061133,105
2024-09-20 12:22:53.920000,429.03817224032775,100
2024-09-20 12:22:53.997000,428.9669193478911,14
2024-09-20 12:22:54.088000,429.0175855265837,997
2024-09-20 12:22:54.454000,429.0214663678865,95
2024-09-20 12:22:54.458000,429.030379699155,98
2024-09-20 12:22:54.481000,429.0316362699463,9
2024-09-20 12:22:54.488000,429.0181884379342,6
2024-09-20 12:22:54.518000,429.03102964219846,101
2024-09-20 12:22:54.622000,429.0275662225988,1001
2024-09-20 12:22:54.803000,429.0223444017936,1003
2024-09-20 12:22:54.934000,429.0207347303172,1005
2024-09-20 12:22:55.056000,429.0497941091613,13
2024-09-20 12:22:55.119000,429.05607313116496,10
2024-09-20 12:22:55.171000,429.075297662329,11
2024-09-20 12:22:55.185000,429.07809850383165,11
2024-09-20 12:22:55.196000,429.0413556609056,10
2024-09-20 12:22:55.215000,429.0591063962528,99
2024-09-20 12:22:55.219000,429.0574387509221,100
2024-09-20 12:22:55.328000,429.0458415180594,96
2024-09-20 12:22:55.341000,429.0602078053053,102
2024-09-20 12:22:55.351000,429.0683961372512,96
2024-09-20 12:22:55.518000,429.07745399962016,7
2024-09-20 12:22:55.528000,429.0614599755203,96
2024-09-20 12:22:55.539000,429.09459161989633,5
2024-09-20 12:22:55.590000,429.07169206979313,1001
2024-09-20 12:22:55.602000,429.0572874155026,1004
2024-09-20 12:22:55.671000,429.0814691834302,8
2024-09-20 12:22:55.722000,429.07366142368807,7
2024-09-20 12:22:55.790000,429.0847866284572,997
2024-09-20 12:22:55.806000,429.0654265938556,6
2024-09-20 12:22:55.863000,429.0807163571241,14
2024-09-20 12:22:55.870000,429.0554373911663,1001
2024-09-20 12:22:55.906000,429.0552123545207,10
2024-09-20 12:22:55.970000,429.0773729450544,12
2024-09-20 12:22:56.027000,429.0741668985551,100
2024-09-20 12:22:56.067000,429.0713846122702,998
2024-09-20 12:22:56.067000,429.1017502677598,104
2024-09-20 12:22:56.080000,429.0891307294483,6
2024-09-20 12:22:56.097000,429.0767429117311,96
2024-09-20 12:22:56.106000,429.0884206982573,1001
2024-09-20 12:22:56.184000,429.0894332940402,15
2024-09-20 12:22:56.308000,429.0952460433667,997
2024-09-20 12:22:56.323000,429.06369538235737,7
2024-09-20 12:22:56.323000,429.06998789817146,997
2024-09-20 12:22:56.340000,429.11808669811904,105
2024-09-20 12:22:56.397000,429.0452882306879,1001
2024-09-20 12:22:56.416000,429.05514239005294,99
2024-09-20 12:22:56.476000,429.0629814800216,999
2024-09-20 12:22:56.486000,429.0910038373215,12
2024-09-20 12:22:56.587000,429.0803915918338,13
2024-09-20 12:22:56.612000,429.1117672697226,100
2024-09-20 12:22:56.717000,429.0464668793044,1005
2024-09-20 12:22:56.800000,429.0786827699628,11
2024-09-20 12:22:56.909000,429.1142193166985,997
2024-09-20 12:22:56.917000,429.1216540723531,6
2024-09-20 12:22:56.929000,429.0691261577277,99
2024-09-20 12:22:56.934000,429.04679893208487,100
2024-09-20 12:22:56.961000,429.1140213237096,99
2024-09-20 12:22:56.980000,429.0509080084936,103
2024-09-20 12:22:57.039000,429.08676902190257,98
2024-09-20 12:22:57.531000,429.083989563412,1001
2024-09-20 12:22:57.782000,429.0810448453189,105
2024-09-20 12:22:57.849000,429.0824557913928,98
2024-09-20 12:22:57.888000,429.0817509012073,96
2024-09-20 12:22:57.939000,429.08767453626086,996
2024-09-20 12:22:57.996000,429.109002316654,14
2024-09-20 12:22:58.086000,429.10493131932975,102
2024-09-20 12:22:59.061000,429.0101014436686,6
2024-09-20 12:22:59.167000,429.0339127339274,14
2024-09-20 12:22:59.250000,429.0257449602353,1004
2024-09-20 12:22:59.393000,429.1043565149655,1004
2024-09-20 12:22:59.444000,429.0967460658019,7
2024-09-20 12:22:59.528000,428.9942982352297,995
2024-09-20 12:22:59.529000,429.0549085494565,98
2024-09-20 12:22:59.532000,428.9792299991824,5
2024-09-20 12:22:59.557000,429.022322332892,9
2024-09-20 12:22:59.558000,428.97852439665405,996
2024-09-20 12:22:59.657000,429.07074236913166,998
2024-09-20 12:22:59.738000,429.0832519042279,15
2024-09-20 12:22:59.823000,429.02900392310494,102
2024-09-20 12:22:59.833000,429.00338007184246,998
2024-09-20 12:22:59.842000,428.9973166359688,7
2024-09-20 12:22:59.848000,429.1005078413075,97
2024-09-20 12:22:59.903000,428.9969264246263,6
2024-09-20 12:22:59.903000,429.08628380559406,995
2024-09-20 12:22:59.915000,429.0067742303156,999
2024-09-20 12:22:59.952000,429.0878022174374,1004
2024-09-20 12:22:59.954000,428.9878778543187,998
