Timestamp,Price,Size
2024-09-16 14:19:00.005000,414.70970354716303,13
2024-09-16 14:19:00.058000,414.68940972313993,105
2024-09-16 14:19:00.062000,414.6835129969244,97
2024-09-16 14:19:00.073000,414.7119577492489,1004
2024-09-16 14:19:00.081000,414.68046835187135,10
2024-09-16 14:19:00.118000,414.66391006731817,15
2024-09-16 14:19:00.162000,414.69630491471446,1004
2024-09-16 14:19:00.162000,414.697497059747,997
2024-09-16 14:19:00.200000,414.6738584140185,8
2024-09-16 14:19:00.353000,414.69265089183546,1002
2024-09-16 14:19:00.420000,414.6732396598063,1002
2024-09-16 14:19:00.531000,414.68876829827406,95
2024-09-16 14:19:00.557000,414.6787127720701,6
2024-09-16 14:19:00.643000,414.6909824800618,98
2024-09-16 14:19:00.662000,414.6938510917137,103
2024-09-16 14:19:00.664000,414.6836978450132,5
2024-09-16 14:19:00.678000,414.6858590628174,12
2024-09-16 14:19:00.763000,414.6661539208563,1003
2024-09-16 14:19:00.778000,414.6959268429765,99
2024-09-16 14:19:00.781000,414.69668181917103,7
2024-09-16 14:19:00.801000,414.6776296933298,996
2024-09-16 14:19:00.818000,414.6885388717213,996
2024-09-16 14:19:00.832000,414.68217199913374,15
2024-09-16 14:19:00.855000,414.7233909935385,13
2024-09-16 14:19:00.925000,414.73781292367335,7
2024-09-16 14:19:00.947000,414.6989214948569,98
2024-09-16 14:19:00.991000,414.70705600029146,104
2024-09-16 14:19:01.023000,414.64808062138775,11
2024-09-16 14:19:01.131000,414.6538925089756,997
2024-09-16 14:19:01.174000,414.6538511851211,102
2024-09-16 14:19:01.232000,414.6651572010719,998
2024-09-16 14:19:01.276000,414.6290117682956,97
2024-09-16 14:19:01.321000,414.6645027726358,14
2024-09-16 14:19:01.373000,414.6476269255446,7
2024-09-16 14:19:01.378000,414.67537549070175,6
2024-09-16 14:19:01.489000,414.6499314253752,100
2024-09-16 14:19:01.514000,414.6424224008695,9
2024-09-16 14:19:01.561000,414.6629859677258,1004
2024-09-16 14:19:01.623000,414.659517282051,998
2024-09-16 14:19:01.665000,414.6588917801625,105
2024-09-16 14:19:01.687000,414.67781707860513,105
2024-09-16 14:19:01.717000,414.6464110740593,102
2024-09-16 14:19:01.789000,414.6969650573259,13
2024-09-16 14:19:01.804000,414.6361936990322,12
2024-09-16 14:19:01.830000,414.647237522142,100
2024-09-16 14:19:01.840000,414.6788690293509,14
2024-09-16 14:19:01.884000,414.6702006445124,96
2024-09-16 14:19:01.927000,414.6467746681945,102
2024-09-16 14:19:01.932000,414.63978211265953,1001
2024-09-16 14:19:01.955000,414.6591927858537,1000
2024-09-16 14:19:01.964000,414.6371176382496,98
2024-09-16 14:19:01.996000,414.696453022365,1005
2024-09-16 14:19:02.041000,414.6100363967032,101
2024-09-16 14:19:02.116000,414.6169149039591,1002
2024-09-16 14:19:02.243000,414.6007745863149,7
2024-09-16 14:19:02.318000,414.62219683078587,7
2024-09-16 14:19:02.369000,414.6057411726943,103
2024-09-16 14:19:02.433000,414.6011659109445,98
2024-09-16 14:19:02.452000,414.6023479605498,98
2024-09-16 14:19:02.550000,414.6041791446469,12
2024-09-16 14:19:02.583000,414.6232981008296,104
2024-09-16 14:19:02.642000,414.6285116777759,101
2024-09-16 14:19:02.667000,414.6269962404386,1003
2024-09-16 14:19:02.759000,414.6152625507528,13
2024-09-16 14:19:02.763000,414.61989186867737,96
2024-09-16 14:19:02.799000,414.6047772340997,101
2024-09-16 14:19:02.821000,414.6345971318813,14
2024-09-16 14:19:02.894000,414.6170825171772,995
2024-09-16 14:19:02.951000,414.608441161966,1001
2024-09-16 14:19:02.992000,414.5903822170884,11
2024-09-16 14:19:04.086000,414.6113368087556,10
2024-09-16 14:19:04.140000,414.5940936825412,104
2024-09-16 14:19:04.142000,414.62419530473454,11
2024-09-16 14:19:04.221000,414.6000113409408,100
2024-09-16 14:19:04.228000,414.601389429291,997
2024-09-16 14:19:04.258000,414.6088349676739,995
2024-09-16 14:19:04.405000,414.6017222306736,1002
2024-09-16 14:19:04.493000,414.6147818342787,1005
2024-09-16 14:19:04.642000,414.5957890879292,102
2024-09-16 14:19:04.862000,414.6328396882988,9
2024-09-16 14:19:04.904000,414.5975388371431,104
2024-09-16 14:19:04.912000,414.5783367457702,13
2024-09-16 14:19:04.969000,414.62698544387786,7
2024-09-16 14:19:05.005000,414.5725771754455,998
2024-09-16 14:19:05.077000,414.5942276867617,102
2024-09-16 14:19:05.112000,414.5833419434823,100
2024-09-16 14:19:05.144000,414.5500527477566,9
2024-09-16 14:19:05.146000,414.6081324277133,998
2024-09-16 14:19:05.159000,414.5672933705832,9
2024-09-16 14:19:05.184000,414.5558968049162,995
2024-09-16 14:19:05.239000,414.5889250437655,7
2024-09-16 14:19:05.374000,414.5846563764848,95
2024-09-16 14:19:05.471000,414.55069609079226,103
2024-09-16 14:19:05.499000,414.5349289862133,101
2024-09-16 14:19:05.510000,414.53463796884745,995
2024-09-16 14:19:05.525000,414.53423734792807,99
2024-09-16 14:19:05.526000,414.5509455504719,100
2024-09-16 14:19:05.564000,414.5697884692536,97
2024-09-16 14:19:05.640000,414.550656953287,14
2024-09-16 14:19:05.748000,414.5860314012626,100
2024-09-16 14:19:05.776000,414.558511725574,996
2024-09-16 14:19:05.806000,414.5928903201512,1002
2024-09-16 14:19:05.828000,414.5708940453949,13
2024-09-16 14:19:05.852000,414.5458871760848,103
2024-09-16 14:19:05.862000,414.5479270492388,102
2024-09-16 14:19:05.885000,414.5932185409811,1001
2024-09-16 14:19:05.887000,414.5927821890955,100
2024-09-16 14:19:05.888000,414.589390738697,101
2024-09-16 14:19:05.899000,414.5526183676628,1004
2024-09-16 14:19:05.915000,414.5729201002593,105
2024-09-16 14:19:05.975000,414.5560230881083,97
2024-09-16 14:19:05.979000,414.6038312032611,1005
2024-09-16 14:19:06.022000,414.5294800085064,13
2024-09-16 14:19:06.036000,414.5128847391162,98
2024-09-16 14:19:06.047000,414.4705229430453,1005
2024-09-16 14:19:06.138000,414.48859147021545,101
2024-09-16 14:19:06.200000,414.4763505825051,104
2024-09-16 14:19:06.220000,414.5372660633335,98
2024-09-16 14:19:06.234000,414.4807964187284,102
2024-09-16 14:19:06.285000,414.4685357114888,995
2024-09-16 14:19:06.289000,414.52530763511743,12
2024-09-16 14:19:06.352000,414.4790645838266,100
2024-09-16 14:19:06.476000,414.4705623032416,996
2024-09-16 14:19:06.493000,414.46998431417177,5
2024-09-16 14:19:06.505000,414.5079088186319,9
2024-09-16 14:19:06.548000,414.54150686881496,99
2024-09-16 14:19:06.562000,414.5012253222319,6
2024-09-16 14:19:06.579000,414.50121536503815,99
2024-09-16 14:19:06.656000,414.51448847257313,997
2024-09-16 14:19:06.685000,414.486049080011,998
2024-09-16 14:19:06.695000,414.478360849124,1000
2024-09-16 14:19:06.789000,414.5457385949389,1001
2024-09-16 14:19:06.793000,414.4987180188671,11
2024-09-16 14:19:06.842000,414.4860152994527,100
2024-09-16 14:19:06.852000,414.4854391922297,12
2024-09-16 14:19:06.906000,414.47697732657474,1004
2024-09-16 14:19:06.947000,414.4967405151589,995
2024-09-16 14:19:06.969000,414.5266138599032,13
2024-09-16 14:19:07.109000,414.5854143269969,1002
2024-09-16 14:19:07.163000,414.5796106666477,7
2024-09-16 14:19:07.223000,414.5331136565006,102
2024-09-16 14:19:07.244000,414.5975267151159,15
2024-09-16 14:19:07.322000,414.6103101867007,11
2024-09-16 14:19:07.465000,414.5995244815186,13
2024-09-16 14:19:07.565000,414.5193372978599,998
2024-09-16 14:19:07.584000,414.5700893279046,1005
2024-09-16 14:19:07.619000,414.4933787972254,996
2024-09-16 14:19:07.634000,414.5363173889626,1005
2024-09-16 14:19:07.638000,414.5230055751611,12
2024-09-16 14:19:07.661000,414.5696962839788,98
2024-09-16 14:19:07.709000,414.4946172662513,14
2024-09-16 14:19:07.714000,414.5703705387144,103
2024-09-16 14:19:07.731000,414.5883576136507,1003
2024-09-16 14:19:07.764000,414.5882007726397,12
2024-09-16 14:19:07.797000,414.5090898328108,7
2024-09-16 14:19:07.830000,414.5654663078124,999
2024-09-16 14:19:07.878000,414.5200017803677,11
2024-09-16 14:19:07.957000,414.5654295080672,5
2024-09-16 14:19:08.070000,414.604941333464,1001
2024-09-16 14:19:08.084000,414.60227960998697,996
2024-09-16 14:19:08.120000,414.6419467883294,8
2024-09-16 14:19:08.193000,414.591567304733,1002
2024-09-16 14:19:08.267000,414.5825667350758,14
2024-09-16 14:19:08.276000,414.5903605929474,98
2024-09-16 14:19:08.304000,414.5677423316523,8
2024-09-16 14:19:08.333000,414.6610127960925,9
2024-09-16 14:19:08.372000,414.6503403564873,105
2024-09-16 14:19:08.474000,414.6641521223269,8
2024-09-16 14:19:08.495000,414.5937070044494,1004
2024-09-16 14:19:08.498000,414.668364483539,101
2024-09-16 14:19:08.529000,414.60452955687146,10
2024-09-16 14:19:08.605000,414.6333079007887,5
2024-09-16 14:19:08.625000,414.68864027919,1002
2024-09-16 14:19:08.642000,414.65509485323713,999
2024-09-16 14:19:08.645000,414.6813957326439,1003
2024-09-16 14:19:08.735000,414.6066204650164,998
2024-09-16 14:19:08.741000,414.65512432579067,105
2024-09-16 14:19:08.863000,414.6796765158513,15
2024-09-16 14:19:08.870000,414.6899074091637,997
2024-09-16 14:19:08.903000,414.67171191120553,97
2024-09-16 14:19:09.675000,414.6794710009851,104
2024-09-16 14:19:10.150000,414.68070063146143,999
2024-09-16 14:19:10.372000,414.6736183009287,9
2024-09-16 14:19:10.438000,414.6719332157985,12
2024-09-16 14:19:10.728000,414.6691352731152,98
2024-09-16 14:19:10.779000,414.6911850961178,999
2024-09-16 14:19:10.857000,414.6972740490541,999
2024-09-16 14:19:11.139000,414.6862481294745,996
2024-09-16 14:19:11.157000,414.6834669682011,98
2024-09-16 14:19:11.584000,414.6732239498381,100
2024-09-16 14:19:11.696000,414.6674769198225,6
2024-09-16 14:19:11.948000,414.6836937983788,98
2024-09-16 14:19:12.199000,414.65459907033056,8
2024-09-16 14:19:12.393000,414.65878766772335,105
2024-09-16 14:19:12.744000,414.6375682955451,1002
2024-09-16 14:19:13.019000,414.6498031688466,995
2024-09-16 14:19:13.107000,414.6760645383652,5
2024-09-16 14:19:13.142000,414.6509993608889,1000
2024-09-16 14:19:13.169000,414.7117070994716,6
2024-09-16 14:19:13.174000,414.6263858220241,1003
2024-09-16 14:19:13.200000,414.6644769055383,15
2024-09-16 14:19:13.216000,414.6590788835688,8
2024-09-16 14:19:13.251000,414.6315776813959,10
2024-09-16 14:19:13.275000,414.6726564459776,10
2024-09-16 14:19:13.326000,414.7002118033154,1004
2024-09-16 14:19:13.335000,414.6442277534842,100
2024-09-16 14:19:13.375000,414.6376720021038,998
2024-09-16 14:19:13.390000,414.6351060310117,10
2024-09-16 14:19:13.409000,414.6332728090056,996
2024-09-16 14:19:13.432000,414.69620820083486,6
2024-09-16 14:19:13.453000,414.6412788357651,995
2024-09-16 14:19:13.455000,414.69659404344736,103
2024-09-16 14:19:13.462000,414.6912005953808,97
2024-09-16 14:19:13.491000,414.6565216388588,99
2024-09-16 14:19:13.511000,414.67823883561874,99
2024-09-16 14:19:13.522000,414.6778393442276,103
2024-09-16 14:19:13.575000,414.6775816083176,1003
2024-09-16 14:19:13.701000,414.6429549124935,103
2024-09-16 14:19:13.712000,414.6945306261553,5
2024-09-16 14:19:13.784000,414.6156755661521,104
2024-09-16 14:19:13.942000,414.6355935121962,13
2024-09-16 14:19:13.997000,414.6204448460227,11
2024-09-16 14:19:14.198000,414.6474615604657,15
2024-09-16 14:19:14.292000,414.638086844432,99
2024-09-16 14:19:14.910000,414.64827153910943,996
2024-09-16 14:19:15.967000,414.6240176352999,101
2024-09-16 14:19:16.073000,414.6403563312746,997
2024-09-16 14:19:16.247000,414.6321513494792,13
2024-09-16 14:19:16.395000,414.64368886145945,8
2024-09-16 14:19:16.458000,414.62041702527614,12
2024-09-16 14:19:16.594000,414.6347159542109,1002
2024-09-16 14:19:16.691000,414.6476862503075,995
2024-09-16 14:19:16.718000,414.6379474893564,13
2024-09-16 14:19:16.879000,414.63561613207526,995
2024-09-16 14:19:16.969000,414.6507872611575,102
2024-09-16 14:19:17.032000,414.63087305840446,1004
2024-09-16 14:19:17.081000,414.6245964738331,102
2024-09-16 14:19:17.108000,414.6193064434248,103
2024-09-16 14:19:17.136000,414.6399535028888,101
2024-09-16 14:19:17.235000,414.627033795169,999
2024-09-16 14:19:17.276000,414.6112933364995,997
2024-09-16 14:19:17.325000,414.628759062435,5
2024-09-16 14:19:17.367000,414.6207313851006,1001
2024-09-16 14:19:17.537000,414.6464686012263,1003
2024-09-16 14:19:17.583000,414.6179579311191,1002
2024-09-16 14:19:17.602000,414.63686294708106,95
2024-09-16 14:19:17.651000,414.6263365384039,995
2024-09-16 14:19:17.675000,414.6386895092911,13
2024-09-16 14:19:17.676000,414.624490816174,13
2024-09-16 14:19:17.680000,414.635893037463,6
2024-09-16 14:19:17.703000,414.6241818882071,6
2024-09-16 14:19:17.710000,414.6279044269036,1002
2024-09-16 14:19:17.728000,414.60910750009054,105
2024-09-16 14:19:17.796000,414.647219901189,1002
2024-09-16 14:19:17.893000,414.6339165209782,12
2024-09-16 14:19:18.236000,414.61414479774606,6
2024-09-16 14:19:18.289000,414.6016473711041,1002
2024-09-16 14:19:18.733000,414.6311291194888,1004
2024-09-16 14:19:18.915000,414.6265983328776,102
2024-09-16 14:19:19.061000,414.6101386791536,101
2024-09-16 14:19:19.077000,414.56247231188166,11
2024-09-16 14:19:19.133000,414.5775496848325,13
2024-09-16 14:19:19.138000,414.6172531860906,97
2024-09-16 14:19:19.157000,414.5972053818666,8
2024-09-16 14:19:19.228000,414.6344000741423,96
2024-09-16 14:19:19.259000,414.6073084865095,12
2024-09-16 14:19:19.294000,414.63024986875615,15
2024-09-16 14:19:19.361000,414.5905579269897,1003
2024-09-16 14:19:19.381000,414.58120286907,15
2024-09-16 14:19:19.515000,414.6119806729585,1002
2024-09-16 14:19:19.604000,414.5844653940837,103
2024-09-16 14:19:19.606000,414.57107603401215,1000
2024-09-16 14:19:19.832000,414.593933383488,996
2024-09-16 14:19:19.942000,414.6126233454091,9
2024-09-16 14:19:20.220000,414.5558585514998,97
2024-09-16 14:19:20.279000,414.5434450948216,7
2024-09-16 14:19:20.369000,414.5536120251757,100
2024-09-16 14:19:20.456000,414.55880966227954,103
2024-09-16 14:19:20.468000,414.5349215714352,997
2024-09-16 14:19:20.660000,414.5706089362991,1002
2024-09-16 14:19:20.816000,414.57636700894943,1001
2024-09-16 14:19:20.846000,414.5422023247017,103
2024-09-16 14:19:20.863000,414.5578939717865,8
2024-09-16 14:19:21.041000,414.5142998777367,7
2024-09-16 14:19:21.054000,414.5691954080176,102
2024-09-16 14:19:21.136000,414.5354986100961,100
2024-09-16 14:19:21.209000,414.5625730014281,1000
2024-09-16 14:19:21.217000,414.5616594429623,5
2024-09-16 14:19:21.343000,414.5593883750982,9
2024-09-16 14:19:21.402000,414.5663479413618,99
2024-09-16 14:19:21.473000,414.5720106066999,12
2024-09-16 14:19:21.509000,414.5494192801958,99
2024-09-16 14:19:21.520000,414.56389719168095,101
2024-09-16 14:19:21.558000,414.551229177519,1002
2024-09-16 14:19:21.620000,414.5704492064056,99
2024-09-16 14:19:21.625000,414.5603482354305,1003
2024-09-16 14:19:21.683000,414.5753786499887,996
2024-09-16 14:19:21.772000,414.53678459745583,98
2024-09-16 14:19:21.789000,414.5541358351661,7
2024-09-16 14:19:21.807000,414.5692233408281,100
2024-09-16 14:19:21.895000,414.5558888809655,103
2024-09-16 14:19:21.899000,414.5472388608204,10
2024-09-16 14:19:21.960000,414.55832417607286,1004
2024-09-16 14:19:22.020000,414.4773617660914,1000
2024-09-16 14:19:22.022000,414.4783184582245,10
2024-09-16 14:19:22.038000,414.5032462738614,100
2024-09-16 14:19:22.044000,414.4969503535654,6
2024-09-16 14:19:22.046000,414.50200661697113,9
2024-09-16 14:19:22.215000,414.5057187031756,998
2024-09-16 14:19:22.250000,414.49775010975367,14
2024-09-16 14:19:22.316000,414.499480820081,102
2024-09-16 14:19:22.317000,414.51038685823306,8
2024-09-16 14:19:22.412000,414.5008102150527,99
2024-09-16 14:19:22.429000,414.4907430568154,104
2024-09-16 14:19:22.435000,414.46605481225765,11
2024-09-16 14:19:22.464000,414.4810243275825,11
2024-09-16 14:19:22.539000,414.4969457774393,14
2024-09-16 14:19:22.579000,414.4871726127312,1005
2024-09-16 14:19:22.600000,414.4975377455727,99
2024-09-16 14:19:22.763000,414.498961189295,1004
2024-09-16 14:19:22.767000,414.4825503264888,95
2024-09-16 14:19:22.947000,414.4734599406405,95
2024-09-16 14:19:23.043000,414.59095400572,7
2024-09-16 14:19:23.047000,414.4886829475959,103
2024-09-16 14:19:23.110000,414.59043688674745,995
2024-09-16 14:19:23.123000,414.50993702327816,1003
2024-09-16 14:19:23.139000,414.5844167985821,96
2024-09-16 14:19:23.175000,414.4923085471344,1005
2024-09-16 14:19:23.249000,414.507287571861,11
2024-09-16 14:19:23.259000,414.5855504069203,1002
2024-09-16 14:19:23.314000,414.550064102936,1001
2024-09-16 14:19:23.402000,414.5250384477546,99
2024-09-16 14:19:23.411000,414.5504549338655,7
2024-09-16 14:19:23.423000,414.5137798914623,95
2024-09-16 14:19:23.591000,414.47223729965424,1000
2024-09-16 14:19:23.611000,414.5649479483927,1002
2024-09-16 14:19:23.639000,414.535967550781,95
2024-09-16 14:19:23.650000,414.5786471413529,102
2024-09-16 14:19:23.667000,414.502258643458,996
2024-09-16 14:19:23.730000,414.5961239062448,96
2024-09-16 14:19:23.738000,414.5905721868971,105
2024-09-16 14:19:23.769000,414.5133147737348,1005
2024-09-16 14:19:23.791000,414.5610876843919,104
2024-09-16 14:19:23.807000,414.4919584025002,8
2024-09-16 14:19:23.864000,414.5871124647347,5
2024-09-16 14:19:23.927000,414.5784855622776,8
2024-09-16 14:19:23.952000,414.4968018377543,13
2024-09-16 14:19:23.952000,414.5594206687138,12
2024-09-16 14:19:24.137000,414.6148553745942,11
2024-09-16 14:19:24.295000,414.62056599662975,9
2024-09-16 14:19:24.363000,414.6142534825661,96
2024-09-16 14:19:24.414000,414.6102016296455,103
2024-09-16 14:19:24.421000,414.6151410143682,995
2024-09-16 14:19:24.435000,414.6457212478268,9
2024-09-16 14:19:24.475000,414.6181162159431,10
2024-09-16 14:19:24.481000,414.64322344132415,6
2024-09-16 14:19:24.632000,414.6059139848773,13
2024-09-16 14:19:24.668000,414.6204528679583,96
2024-09-16 14:19:24.685000,414.6349431254896,100
2024-09-16 14:19:24.821000,414.6077430895855,105
2024-09-16 14:19:24.961000,414.6162868662415,97
2024-09-16 14:19:24.993000,414.6097007126688,9
2024-09-16 14:19:25.146000,414.6275942391365,997
2024-09-16 14:19:25.198000,414.6342113020427,6
2024-09-16 14:19:25.200000,414.654567545689,95
2024-09-16 14:19:25.202000,414.6356962666604,101
2024-09-16 14:19:25.219000,414.6108113021716,100
2024-09-16 14:19:25.253000,414.6055153989422,99
2024-09-16 14:19:25.320000,414.6299050937159,8
2024-09-16 14:19:25.352000,414.6626457760708,102
2024-09-16 14:19:25.358000,414.6181882483799,97
2024-09-16 14:19:25.384000,414.6427116212443,103
2024-09-16 14:19:25.433000,414.6517142540346,11
2024-09-16 14:19:25.453000,414.629573680188,95
2024-09-16 14:19:25.524000,414.6675729432815,995
2024-09-16 14:19:25.527000,414.6679293040762,1005
2024-09-16 14:19:25.530000,414.62872232458415,11
2024-09-16 14:19:25.578000,414.6707832130297,1005
2024-09-16 14:19:25.594000,414.6407212815986,1004
2024-09-16 14:19:25.594000,414.6624787380004,102
2024-09-16 14:19:25.643000,414.6334731928696,5
2024-09-16 14:19:25.681000,414.6160649048123,99
2024-09-16 14:19:25.752000,414.6266847276995,104
2024-09-16 14:19:25.755000,414.6567009986749,15
2024-09-16 14:19:25.758000,414.61726402171126,999
2024-09-16 14:19:25.833000,414.6140095596826,101
2024-09-16 14:19:25.853000,414.64633537930376,7
2024-09-16 14:19:25.878000,414.6737305091565,99
2024-09-16 14:19:25.919000,414.6131851051997,999
2024-09-16 14:19:25.961000,414.6574246359526,99
2024-09-16 14:19:25.983000,414.6370900580987,99
2024-09-16 14:19:25.998000,414.62795063656216,995
2024-09-16 14:19:26.001000,414.6564206201176,7
2024-09-16 14:19:26.002000,414.6153162335318,96
2024-09-16 14:19:26.005000,414.62491115526615,101
2024-09-16 14:19:26.011000,414.5860234905118,1005
2024-09-16 14:19:26.018000,414.6327136242171,1003
2024-09-16 14:19:26.027000,414.6254089798154,1003
2024-09-16 14:19:26.112000,414.666601319972,998
2024-09-16 14:19:26.215000,414.6411437265525,102
2024-09-16 14:19:26.314000,414.60616007043535,1000
2024-09-16 14:19:26.336000,414.6147764081882,95
2024-09-16 14:19:26.419000,414.5916536241445,11
2024-09-16 14:19:26.426000,414.6417777658079,1003
2024-09-16 14:19:26.429000,414.6574698778477,100
2024-09-16 14:19:26.456000,414.6041702986569,1001
2024-09-16 14:19:26.537000,414.69721527705263,105
2024-09-16 14:19:26.666000,414.6307205926863,15
2024-09-16 14:19:26.679000,414.6148444483029,1000
2024-09-16 14:19:26.687000,414.65028396550025,96
2024-09-16 14:19:26.735000,414.6225528655523,105
2024-09-16 14:19:26.762000,414.6235654747948,97
2024-09-16 14:19:26.784000,414.61531132089937,996
2024-09-16 14:19:26.794000,414.6268964888456,5
2024-09-16 14:19:26.839000,414.6722586573824,103
2024-09-16 14:19:26.855000,414.6150209254066,1004
2024-09-16 14:19:26.889000,414.6264787095871,998
2024-09-16 14:19:26.892000,414.6468908443143,1000
2024-09-16 14:19:27.151000,414.6004410777883,1002
2024-09-16 14:19:27.222000,414.6025020823714,97
2024-09-16 14:19:27.412000,414.6123307660355,5
2024-09-16 14:19:27.440000,414.6341320267789,1005
2024-09-16 14:19:27.441000,414.6267880377175,96
2024-09-16 14:19:27.474000,414.5972919825545,999
2024-09-16 14:19:27.524000,414.64975608672654,102
2024-09-16 14:19:27.950000,414.623481538163,7
2024-09-16 14:19:28.235000,414.6134061533679,9
2024-09-16 14:19:28.511000,414.5853056074904,99
2024-09-16 14:19:28.522000,414.6060606827701,15
2024-09-16 14:19:28.569000,414.601417200248,99
2024-09-16 14:19:28.707000,414.58324502370766,6
2024-09-16 14:19:28.726000,414.6433562257,101
2024-09-16 14:19:28.794000,414.6209170287073,104
2024-09-16 14:19:28.928000,414.59347372229183,1004
2024-09-16 14:19:28.944000,414.6377235147247,998
2024-09-16 14:19:29.008000,414.5540034750711,101
2024-09-16 14:19:29.048000,414.5247655697481,104
2024-09-16 14:19:29.114000,414.4956210425045,1005
2024-09-16 14:19:29.199000,414.5478306733736,100
2024-09-16 14:19:29.234000,414.4856396033788,1004
2024-09-16 14:19:29.243000,414.5028935112807,100
2024-09-16 14:19:29.257000,414.5510795913206,10
2024-09-16 14:19:29.261000,414.4920708823902,100
2024-09-16 14:19:29.290000,414.5244997585378,1002
2024-09-16 14:19:29.326000,414.558525122393,998
2024-09-16 14:19:29.366000,414.49064913127376,7
2024-09-16 14:19:29.427000,414.4763020479778,1003
2024-09-16 14:19:29.455000,414.5685937463054,997
2024-09-16 14:19:29.545000,414.4802401625525,9
2024-09-16 14:19:29.661000,414.55138572336136,1004
2024-09-16 14:19:29.681000,414.5660649616827,9
2024-09-16 14:19:29.794000,414.5856427880793,1001
2024-09-16 14:19:29.799000,414.5612689956596,1005
2024-09-16 14:19:29.830000,414.4922665132872,8
2024-09-16 14:19:29.854000,414.4792562023746,9
2024-09-16 14:19:29.866000,414.5094072826871,15
2024-09-16 14:19:29.881000,414.4865972372883,5
2024-09-16 14:19:29.928000,414.5096420416006,105
2024-09-16 14:19:29.985000,414.5020601540727,99
2024-09-16 14:19:30.104000,414.5067265941617,11
2024-09-16 14:19:30.146000,414.48493113997074,1000
2024-09-16 14:19:30.218000,414.5224601819183,1005
2024-09-16 14:19:30.240000,414.5242277889904,9
2024-09-16 14:19:30.242000,414.5339877067196,7
2024-09-16 14:19:30.247000,414.4810708187448,997
2024-09-16 14:19:30.313000,414.5280096618886,102
2024-09-16 14:19:30.327000,414.5048312932168,1000
2024-09-16 14:19:30.379000,414.4898910973176,100
2024-09-16 14:19:30.462000,414.5073073149976,103
2024-09-16 14:19:30.534000,414.4746680544997,6
2024-09-16 14:19:30.572000,414.4986300489112,998
2024-09-16 14:19:30.602000,414.5296518364865,1005
2024-09-16 14:19:30.644000,414.4730705378057,1004
2024-09-16 14:19:30.672000,414.50074073206633,7
2024-09-16 14:19:30.680000,414.5298869799324,11
2024-09-16 14:19:30.701000,414.4827039652535,98
2024-09-16 14:19:30.799000,414.5076512695811,1004
2024-09-16 14:19:30.812000,414.5145473535743,103
2024-09-16 14:19:30.818000,414.4963368948461,998
2024-09-16 14:19:31.035000,414.52006251267966,1004
2024-09-16 14:19:31.051000,414.519695412721,8
2024-09-16 14:19:31.057000,414.5160099631202,995
2024-09-16 14:19:31.077000,414.4978668989836,1003
2024-09-16 14:19:31.095000,414.4925894488516,105
2024-09-16 14:19:31.134000,414.4855063717605,1004
2024-09-16 14:19:31.152000,414.52657869727983,999
2024-09-16 14:19:31.154000,414.5068441667803,998
2024-09-16 14:19:31.218000,414.5074428488045,996
2024-09-16 14:19:31.238000,414.5163038098205,103
2024-09-16 14:19:31.404000,414.4890283362484,998
2024-09-16 14:19:31.481000,414.499837790104,103
2024-09-16 14:19:31.669000,414.5350466331337,98
2024-09-16 14:19:31.689000,414.52029482142376,13
2024-09-16 14:19:31.690000,414.4894782663615,99
2024-09-16 14:19:31.708000,414.51464515930775,995
2024-09-16 14:19:31.832000,414.4697144215139,96
2024-09-16 14:19:31.866000,414.5169150494163,996
2024-09-16 14:19:31.888000,414.5043967129871,7
2024-09-16 14:19:31.922000,414.5110063263169,101
2024-09-16 14:19:31.931000,414.4776736122234,102
2024-09-16 14:19:31.951000,414.50064076327743,97
2024-09-16 14:19:31.983000,414.5287808021028,99
2024-09-16 14:19:32.118000,414.5239111753645,995
2024-09-16 14:19:32.118000,414.52632877201927,7
2024-09-16 14:19:32.154000,414.5318581536484,99
2024-09-16 14:19:32.188000,414.5496206982474,101
2024-09-16 14:19:32.252000,414.5222726372151,13
2024-09-16 14:19:32.419000,414.518432129726,100
2024-09-16 14:19:32.450000,414.55396132914046,13
2024-09-16 14:19:32.519000,414.5129893709653,99
2024-09-16 14:19:32.534000,414.513581461873,1000
2024-09-16 14:19:32.630000,414.5103419033784,102
2024-09-16 14:19:32.650000,414.5223624344897,101
2024-09-16 14:19:32.727000,414.5374974792502,9
2024-09-16 14:19:32.739000,414.56189528374193,8
2024-09-16 14:19:32.759000,414.4855039584793,1000
2024-09-16 14:19:32.807000,414.551328194488,98
2024-09-16 14:19:32.812000,414.5178823337782,100
2024-09-16 14:19:32.818000,414.5168511840275,999
2024-09-16 14:19:32.824000,414.51706450629786,999
2024-09-16 14:19:32.861000,414.51271656958863,102
2024-09-16 14:19:32.899000,414.5222364198256,11
2024-09-16 14:19:32.925000,414.5451915957689,103
2024-09-16 14:19:32.952000,414.496159407056,15
2024-09-16 14:19:33,414.5477581556578,7
2024-09-16 14:19:33.037000,414.5090921651801,1003
2024-09-16 14:19:33.102000,414.5519894742363,98
2024-09-16 14:19:33.161000,414.5495121791338,15
2024-09-16 14:19:33.171000,414.51501531152127,96
2024-09-16 14:19:33.192000,414.5066201120603,96
2024-09-16 14:19:33.215000,414.49442187838656,6
2024-09-16 14:19:33.323000,414.5020714918544,998
2024-09-16 14:19:33.354000,414.5335941706176,97
2024-09-16 14:19:33.362000,414.508209959219,1003
2024-09-16 14:19:33.405000,414.51947843147497,997
2024-09-16 14:19:33.428000,414.5560011175474,15
2024-09-16 14:19:33.492000,414.5361184691428,7
2024-09-16 14:19:33.518000,414.5516949197407,98
2024-09-16 14:19:33.599000,414.5350339312563,1005
2024-09-16 14:19:33.621000,414.53768337020034,95
2024-09-16 14:19:33.621000,414.5528061169827,15
2024-09-16 14:19:33.627000,414.5559360868808,14
2024-09-16 14:19:33.716000,414.52598293871046,1005
2024-09-16 14:19:33.773000,414.511297263122,97
2024-09-16 14:19:33.774000,414.5211032452551,15
2024-09-16 14:19:33.785000,414.5470597486207,8
2024-09-16 14:19:33.789000,414.5355185044132,1000
2024-09-16 14:19:33.848000,414.5628131915682,12
2024-09-16 14:19:33.860000,414.5524905505408,10
2024-09-16 14:19:33.866000,414.5392035381727,1004
2024-09-16 14:19:33.874000,414.5411600549851,1003
2024-09-16 14:19:33.912000,414.5290180629094,101
2024-09-16 14:19:34.057000,414.5132376396234,105
2024-09-16 14:19:34.106000,414.5480989465085,5
2024-09-16 14:19:34.269000,414.5372220760145,104
2024-09-16 14:19:34.366000,414.539595948703,101
2024-09-16 14:19:34.435000,414.5470468537796,998
2024-09-16 14:19:34.458000,414.525009147952,99
2024-09-16 14:19:34.499000,414.5524069954745,9
2024-09-16 14:19:34.670000,414.51359377118325,995
2024-09-16 14:19:34.696000,414.52277762814657,999
2024-09-16 14:19:34.739000,414.5289726660204,103
2024-09-16 14:19:34.766000,414.52943713080026,96
2024-09-16 14:19:34.784000,414.541380114014,105
2024-09-16 14:19:34.814000,414.55643840371545,998
2024-09-16 14:19:34.960000,414.5384786924332,101
2024-09-16 14:19:34.966000,414.5352838022061,6
2024-09-16 14:19:35.001000,414.4180737906173,1003
2024-09-16 14:19:35.018000,414.4891158372636,995
2024-09-16 14:19:35.205000,414.4877962449828,95
2024-09-16 14:19:35.263000,414.5009244591424,1004
2024-09-16 14:19:35.323000,414.46368186077706,14
2024-09-16 14:19:35.324000,414.42360467542574,95
2024-09-16 14:19:35.338000,414.4905147776623,95
2024-09-16 14:19:35.377000,414.484295508952,996
2024-09-16 14:19:35.385000,414.4938861363202,95
2024-09-16 14:19:35.399000,414.449627923721,101
2024-09-16 14:19:35.498000,414.5037691118192,95
2024-09-16 14:19:35.543000,414.4954033507637,9
2024-09-16 14:19:35.709000,414.47699418216064,1003
2024-09-16 14:19:35.713000,414.4176839158324,5
2024-09-16 14:19:35.738000,414.4977753532624,97
2024-09-16 14:19:35.821000,414.48721128800594,14
2024-09-16 14:19:35.827000,414.4840535105944,1002
2024-09-16 14:19:35.986000,414.41688241350295,1000
2024-09-16 14:19:35.998000,414.4875472854349,998
2024-09-16 14:19:36.029000,414.3990806031414,101
2024-09-16 14:19:36.284000,414.39424829641337,997
2024-09-16 14:19:36.304000,414.37808692804816,8
2024-09-16 14:19:36.357000,414.3892488813858,15
2024-09-16 14:19:36.539000,414.4002065692104,103
2024-09-16 14:19:36.551000,414.3792931028937,5
2024-09-16 14:19:36.625000,414.3835339147208,12
2024-09-16 14:19:36.935000,414.40751480424535,95
2024-09-16 14:19:37.040000,414.37022147065016,10
2024-09-16 14:19:37.045000,414.3245815916795,995
2024-09-16 14:19:37.057000,414.3646522402457,8
2024-09-16 14:19:37.059000,414.3491124826212,998
2024-09-16 14:19:37.104000,414.3363445093768,1003
2024-09-16 14:19:37.108000,414.3821267704478,5
2024-09-16 14:19:37.226000,414.36480830770216,1004
2024-09-16 14:19:37.236000,414.3705033735985,103
2024-09-16 14:19:37.392000,414.3608169397392,13
2024-09-16 14:19:37.401000,414.3771864686573,102
2024-09-16 14:19:37.470000,414.3498338231934,995
2024-09-16 14:19:37.593000,414.33532482867446,12
2024-09-16 14:19:37.628000,414.3454869387204,7
2024-09-16 14:19:37.741000,414.3548538540655,12
2024-09-16 14:19:37.762000,414.3544052753131,996
2024-09-16 14:19:37.763000,414.3428921128877,103
2024-09-16 14:19:37.768000,414.3725898508266,95
2024-09-16 14:19:37.875000,414.318944712873,8
2024-09-16 14:19:37.880000,414.3763677054149,14
2024-09-16 14:19:37.883000,414.3265156793984,10
2024-09-16 14:19:37.997000,414.35226299676526,105
2024-09-16 14:19:38.003000,414.36110832073246,15
2024-09-16 14:19:38.020000,414.3879540991256,5
2024-09-16 14:19:38.047000,414.3776798981106,997
2024-09-16 14:19:38.177000,414.375903095673,103
2024-09-16 14:19:38.227000,414.3515806095736,996
2024-09-16 14:19:38.288000,414.3769780243703,100
2024-09-16 14:19:38.343000,414.3573941543498,1000
2024-09-16 14:19:38.393000,414.3863883925114,9
2024-09-16 14:19:38.449000,414.3457186939094,995
2024-09-16 14:19:38.539000,414.3875705851266,1002
2024-09-16 14:19:38.570000,414.3451301141145,10
2024-09-16 14:19:38.580000,414.3721372803088,98
2024-09-16 14:19:38.847000,414.3793422572314,13
2024-09-16 14:19:38.884000,414.3824486069062,102
2024-09-16 14:19:38.946000,414.3744115898069,7
2024-09-16 14:19:39.062000,414.3668014328554,99
2024-09-16 14:19:39.188000,414.3643786804272,14
2024-09-16 14:19:39.267000,414.37584182908586,6
2024-09-16 14:19:39.433000,414.3481226280704,103
2024-09-16 14:19:39.969000,414.3711787901607,10
2024-09-16 14:19:40.038000,414.3734289718125,1003
2024-09-16 14:19:40.044000,414.3829571428436,97
2024-09-16 14:19:40.049000,414.3936104501086,100
2024-09-16 14:19:40.070000,414.39596282738137,1004
2024-09-16 14:19:40.129000,414.4333656822918,1001
2024-09-16 14:19:40.139000,414.4343014538224,10
2024-09-16 14:19:40.404000,414.42437950267566,10
2024-09-16 14:19:40.422000,414.4387053376725,99
2024-09-16 14:19:40.489000,414.43779343648777,6
2024-09-16 14:19:40.517000,414.4451564246966,10
2024-09-16 14:19:40.602000,414.3936615492864,999
2024-09-16 14:19:40.605000,414.3734826066145,999
2024-09-16 14:19:40.609000,414.43485176488593,96
2024-09-16 14:19:40.631000,414.3852034894577,102
2024-09-16 14:19:40.635000,414.4300623615483,95
2024-09-16 14:19:40.659000,414.4423283924469,14
2024-09-16 14:19:40.685000,414.4433354741552,99
2024-09-16 14:19:40.749000,414.3684458432053,97
2024-09-16 14:19:40.803000,414.3872495211144,105
2024-09-16 14:19:40.890000,414.4000541637104,1000
2024-09-16 14:19:40.975000,414.4434147602702,1001
2024-09-16 14:19:41.048000,414.4319279574089,1003
2024-09-16 14:19:41.145000,414.467415585313,10
2024-09-16 14:19:41.182000,414.4545764662281,995
2024-09-16 14:19:41.351000,414.4792477734513,105
2024-09-16 14:19:41.380000,414.44864390743976,14
2024-09-16 14:19:41.424000,414.4728946020049,14
2024-09-16 14:19:41.470000,414.4571819210332,999
2024-09-16 14:19:41.620000,414.4724917414494,1005
2024-09-16 14:19:41.641000,414.4412795753996,97
2024-09-16 14:19:41.657000,414.4182721202184,14
2024-09-16 14:19:42.023000,414.4448012986724,997
2024-09-16 14:19:42.111000,414.42823479782527,1005
2024-09-16 14:19:42.128000,414.4462633131026,5
2024-09-16 14:19:42.138000,414.361602845065,1003
2024-09-16 14:19:42.200000,414.35230194529424,14
2024-09-16 14:19:42.251000,414.3533127102847,97
2024-09-16 14:19:42.271000,414.4587088359037,1005
2024-09-16 14:19:42.295000,414.37373534641296,10
2024-09-16 14:19:42.340000,414.4499970834018,13
2024-09-16 14:19:42.354000,414.4353306683951,12
2024-09-16 14:19:42.373000,414.4246671855179,1002
2024-09-16 14:19:42.543000,414.3499783540971,6
2024-09-16 14:19:42.557000,414.4278243760139,99
2024-09-16 14:19:42.572000,414.35479746006655,102
2024-09-16 14:19:42.616000,414.43024308605385,995
2024-09-16 14:19:42.664000,414.38304105368456,5
2024-09-16 14:19:42.671000,414.3724293177213,999
2024-09-16 14:19:42.674000,414.3436238597064,99
2024-09-16 14:19:42.692000,414.44965659215177,7
2024-09-16 14:19:42.802000,414.4007425711004,9
2024-09-16 14:19:42.970000,414.3562346059876,6
2024-09-16 14:19:43.010000,414.4326417294233,1005
2024-09-16 14:19:43.116000,414.3565355614297,15
2024-09-16 14:19:43.300000,414.377582082234,99
2024-09-16 14:19:43.327000,414.4532669921405,1001
2024-09-16 14:19:43.373000,414.3835488088351,12
2024-09-16 14:19:43.401000,414.3702664478319,998
2024-09-16 14:19:43.480000,414.40675760768494,999
2024-09-16 14:19:43.584000,414.3617540752633,999
2024-09-16 14:19:43.625000,414.4232709249159,995
2024-09-16 14:19:43.660000,414.3643184229575,15
2024-09-16 14:19:43.710000,414.4408020374232,95
2024-09-16 14:19:43.844000,414.383382991016,14
2024-09-16 14:19:43.873000,414.41922930841486,13
2024-09-16 14:19:43.972000,414.360594029955,13
2024-09-16 14:19:43.998000,414.3662295436336,99
2024-09-16 14:19:44.522000,414.4414119164763,102
2024-09-16 14:19:44.671000,414.4455732099645,96
2024-09-16 14:19:44.950000,414.4335771152361,15
2024-09-16 14:19:45.006000,414.4280987525301,7
2024-09-16 14:19:45.146000,414.4273556351618,100
2024-09-16 14:19:45.174000,414.4223652970657,7
2024-09-16 14:19:45.199000,414.4260394273339,15
2024-09-16 14:19:45.219000,414.44697745904665,7
2024-09-16 14:19:45.267000,414.4313588501196,98
2024-09-16 14:19:45.297000,414.4356925131308,97
2024-09-16 14:19:45.318000,414.44031361364137,6
2024-09-16 14:19:45.397000,414.435898247619,104
2024-09-16 14:19:45.440000,414.4354130682337,6
2024-09-16 14:19:45.471000,414.4530268527823,998
2024-09-16 14:19:45.523000,414.4314639067829,998
2024-09-16 14:19:45.529000,414.43722155874127,1003
2024-09-16 14:19:45.641000,414.4239429418748,1005
2024-09-16 14:19:45.691000,414.4395871078816,11
2024-09-16 14:19:45.719000,414.4450219169569,99
2024-09-16 14:19:45.740000,414.45681394159385,95
2024-09-16 14:19:45.745000,414.43288117492455,105
2024-09-16 14:19:45.775000,414.4672212253336,5
2024-09-16 14:19:45.789000,414.4533582358605,103
2024-09-16 14:19:45.802000,414.4351503503428,1002
2024-09-16 14:19:45.807000,414.4473323167452,102
2024-09-16 14:19:45.886000,414.4477825278087,10
2024-09-16 14:19:45.916000,414.4755764794784,13
2024-09-16 14:19:45.922000,414.455292302476,100
2024-09-16 14:19:45.945000,414.4412198167304,8
2024-09-16 14:19:45.952000,414.42368989469605,96
2024-09-16 14:19:46.020000,414.4576239706662,1005
2024-09-16 14:19:46.104000,414.4471516886164,10
2024-09-16 14:19:46.180000,414.4626801882574,1004
2024-09-16 14:19:46.224000,414.4454465906501,1000
2024-09-16 14:19:46.284000,414.43538960281,1001
2024-09-16 14:19:46.317000,414.43106490946,1005
2024-09-16 14:19:46.549000,414.4560846860575,998
2024-09-16 14:19:46.561000,414.43144717121606,10
2024-09-16 14:19:46.574000,414.44085495468113,10
2024-09-16 14:19:46.684000,414.4240208184102,12
2024-09-16 14:19:46.789000,414.4322245282861,12
2024-09-16 14:19:46.838000,414.4584059627298,95
2024-09-16 14:19:46.874000,414.45090426043777,999
2024-09-16 14:19:46.976000,414.4721605241001,103
2024-09-16 14:19:48.027000,414.4197639829391,6
2024-09-16 14:19:48.070000,414.4463812724967,95
2024-09-16 14:19:48.107000,414.4609813895106,96
2024-09-16 14:19:48.122000,414.4694868952832,101
2024-09-16 14:19:48.222000,414.4253869857747,12
2024-09-16 14:19:48.284000,414.39187162411486,7
2024-09-16 14:19:48.300000,414.4603675473915,98
2024-09-16 14:19:48.373000,414.41421849697815,104
2024-09-16 14:19:48.436000,414.4347860791336,1004
2024-09-16 14:19:48.522000,414.4607884396656,9
2024-09-16 14:19:48.538000,414.445647976198,10
2024-09-16 14:19:48.645000,414.429234395912,9
2024-09-16 14:19:48.800000,414.4172864038554,9
2024-09-16 14:19:48.819000,414.4650580157287,99
2024-09-16 14:19:48.840000,414.39956724432886,1004
2024-09-16 14:19:48.846000,414.4588247528736,1002
2024-09-16 14:19:48.859000,414.39299189785606,14
2024-09-16 14:19:48.878000,414.3756452730257,99
2024-09-16 14:19:48.981000,414.4296531426514,6
2024-09-16 14:19:48.994000,414.4579753663182,100
2024-09-16 14:19:49.026000,414.401027926341,1001
2024-09-16 14:19:49.054000,414.3984354328066,102
2024-09-16 14:19:49.088000,414.3845812880773,100
2024-09-16 14:19:49.115000,414.3768064700618,8
2024-09-16 14:19:49.158000,414.4099664147138,1004
2024-09-16 14:19:49.202000,414.3744989287746,101
2024-09-16 14:19:49.411000,414.3867804881183,14
2024-09-16 14:19:49.428000,414.3614022861968,10
2024-09-16 14:19:49.482000,414.3683343524109,1005
2024-09-16 14:19:49.485000,414.4111050163233,100
2024-09-16 14:19:49.506000,414.3906935071504,8
2024-09-16 14:19:49.648000,414.4005781930959,996
2024-09-16 14:19:49.722000,414.3823926738618,997
2024-09-16 14:19:49.727000,414.4041821750063,12
2024-09-16 14:19:49.729000,414.4061750648045,999
2024-09-16 14:19:49.787000,414.37267136905353,13
2024-09-16 14:19:49.813000,414.386236140734,998
2024-09-16 14:19:49.821000,414.4028146002051,95
2024-09-16 14:19:49.849000,414.3942989025504,14
2024-09-16 14:19:49.879000,414.346339022838,99
2024-09-16 14:19:49.895000,414.4064313559728,10
2024-09-16 14:19:49.904000,414.3654208870416,102
2024-09-16 14:19:49.929000,414.402872643969,11
2024-09-16 14:19:49.940000,414.37157535667126,7
2024-09-16 14:19:49.949000,414.3789752409857,15
2024-09-16 14:19:49.955000,414.4118574856164,998
2024-09-16 14:19:49.967000,414.4061096207028,103
2024-09-16 14:19:50.066000,414.2959497660646,5
2024-09-16 14:19:50.171000,414.28580434776177,101
2024-09-16 14:19:50.190000,414.354301739985,999
2024-09-16 14:19:50.249000,414.3515873195804,7
2024-09-16 14:19:50.312000,414.34078018300016,1004
2024-09-16 14:19:50.316000,414.3618438056898,101
2024-09-16 14:19:50.360000,414.3587125812013,8
2024-09-16 14:19:50.383000,414.3770831213666,1004
2024-09-16 14:19:50.396000,414.3823226871548,1005
2024-09-16 14:19:50.406000,414.3459512043417,13
2024-09-16 14:19:50.466000,414.381271921672,104
2024-09-16 14:19:50.480000,414.3795268176066,103
2024-09-16 14:19:50.481000,414.3471829510508,11
2024-09-16 14:19:50.487000,414.34459715665065,8
2024-09-16 14:19:50.498000,414.364653596018,98
2024-09-16 14:19:50.537000,414.32062094143686,10
2024-09-16 14:19:50.598000,414.3308708960876,102
2024-09-16 14:19:50.641000,414.3455952172878,105
2024-09-16 14:19:50.678000,414.34086610878535,999
2024-09-16 14:19:50.687000,414.36402108977046,96
2024-09-16 14:19:50.688000,414.31788887718005,8
2024-09-16 14:19:50.694000,414.3286462189625,5
2024-09-16 14:19:50.722000,414.379256175932,9
2024-09-16 14:19:50.791000,414.3451262680747,104
2024-09-16 14:19:50.801000,414.3519635153963,14
2024-09-16 14:19:50.822000,414.3729320259462,996
2024-09-16 14:19:51.237000,414.29305115044696,15
2024-09-16 14:19:51.323000,414.3031229022958,1002
2024-09-16 14:19:51.340000,414.2966609563928,7
2024-09-16 14:19:51.380000,414.2966217789168,99
2024-09-16 14:19:51.461000,414.2753629610023,1001
2024-09-16 14:19:51.508000,414.28484284171,1000
2024-09-16 14:19:51.553000,414.28521050348576,996
2024-09-16 14:19:51.553000,414.29273526743225,1003
2024-09-16 14:19:51.572000,414.2998293814194,999
2024-09-16 14:19:51.612000,414.2871721999284,101
2024-09-16 14:19:51.623000,414.2883089900015,9
2024-09-16 14:19:51.695000,414.2785030521952,98
2024-09-16 14:19:51.697000,414.2692561538148,1005
2024-09-16 14:19:51.729000,414.2879033923202,14
2024-09-16 14:19:51.781000,414.3206931842087,95
2024-09-16 14:19:51.792000,414.2790775979616,995
2024-09-16 14:19:51.851000,414.28400295821785,9
2024-09-16 14:19:51.886000,414.2970924394401,12
2024-09-16 14:19:51.961000,414.2937599778609,7
2024-09-16 14:19:53.114000,414.2815493306775,14
2024-09-16 14:19:53.127000,414.2861990849336,1003
2024-09-16 14:19:53.386000,414.27433994293176,997
2024-09-16 14:19:53.470000,414.26896309798593,997
2024-09-16 14:19:53.701000,414.25981822184855,96
2024-09-16 14:19:53.813000,414.249034095068,1001
2024-09-16 14:19:53.845000,414.2562427738132,15
2024-09-16 14:19:53.957000,414.281115948767,1001
2024-09-16 14:19:54.061000,414.22034249716535,15
2024-09-16 14:19:54.264000,414.2406021239607,11
2024-09-16 14:19:54.266000,414.2324507551037,1004
2024-09-16 14:19:54.325000,414.2274724949913,8
2024-09-16 14:19:54.586000,414.2489947498204,996
2024-09-16 14:19:54.605000,414.2347722459611,14
2024-09-16 14:19:54.645000,414.2436354722653,1000
2024-09-16 14:19:54.824000,414.2081514101061,1005
2024-09-16 14:19:54.951000,414.2284499521888,104
2024-09-16 14:19:54.964000,414.2243762406732,998
2024-09-16 14:19:55.062000,414.21360703576215,98
2024-09-16 14:19:55.218000,414.220662513929,1001
2024-09-16 14:19:55.498000,414.21645831199294,9
2024-09-16 14:19:56.014000,414.1696891546992,997
2024-09-16 14:19:56.031000,414.20086573198,7
2024-09-16 14:19:56.107000,414.1708203733826,1000
2024-09-16 14:19:56.142000,414.20716739623447,100
2024-09-16 14:19:56.174000,414.2245175831859,15
2024-09-16 14:19:56.181000,414.20210863332784,95
2024-09-16 14:19:56.235000,414.1898621334266,997
2024-09-16 14:19:56.276000,414.19726871555,10
2024-09-16 14:19:56.306000,414.20803128689136,12
2024-09-16 14:19:56.397000,414.2007958604698,1001
2024-09-16 14:19:56.444000,414.1529638647304,11
2024-09-16 14:19:56.466000,414.2305365234026,995
2024-09-16 14:19:56.499000,414.21835509872005,7
2024-09-16 14:19:56.512000,414.2062253399288,100
2024-09-16 14:19:56.574000,414.2010597090028,98
2024-09-16 14:19:56.647000,414.17137601577167,7
2024-09-16 14:19:56.665000,414.22940354639263,15
2024-09-16 14:19:56.747000,414.2106197253813,5
2024-09-16 14:19:56.767000,414.1938392327154,101
2024-09-16 14:19:56.826000,414.2068746061186,96
2024-09-16 14:19:56.848000,414.1951487111664,1003
2024-09-16 14:19:56.946000,414.2042589708043,1003
2024-09-16 14:19:56.953000,414.22766513551954,1000
2024-09-16 14:19:56.974000,414.205267526233,5
2024-09-16 14:19:56.995000,414.1873935636675,998
2024-09-16 14:19:57.009000,414.1344382601573,102
2024-09-16 14:19:57.017000,414.084034465305,95
2024-09-16 14:19:57.053000,414.1376565265636,8
2024-09-16 14:19:57.095000,414.1293606760205,6
2024-09-16 14:19:57.212000,414.1154252067061,97
2024-09-16 14:19:57.244000,414.1242406276578,998
2024-09-16 14:19:57.320000,414.1314493765217,995
2024-09-16 14:19:57.338000,414.1230645677177,11
2024-09-16 14:19:57.348000,414.1070381415093,103
2024-09-16 14:19:57.372000,414.1096863643385,12
2024-09-16 14:19:57.442000,414.1171578298177,103
2024-09-16 14:19:57.518000,414.1342334859213,996
2024-09-16 14:19:57.651000,414.1443775335068,997
2024-09-16 14:19:57.840000,414.1367496492181,14
2024-09-16 14:19:57.853000,414.1369235231484,97
2024-09-16 14:19:57.870000,414.13380626729247,997
2024-09-16 14:19:57.934000,414.1441177831462,95
2024-09-16 14:19:57.950000,414.1205145684404,99
2024-09-16 14:19:58.045000,414.1497238796777,97
2024-09-16 14:19:58.115000,414.1408343701164,95
2024-09-16 14:19:58.263000,414.140416006494,1000
2024-09-16 14:19:58.310000,414.13574647260566,1001
2024-09-16 14:19:58.327000,414.16733088160026,6
2024-09-16 14:19:58.634000,414.1609462178645,995
2024-09-16 14:19:58.756000,414.1418209540351,13
2024-09-16 14:19:58.788000,414.1690656361126,97
2024-09-16 14:19:58.866000,414.1461219705599,1004
2024-09-16 14:19:58.892000,414.1440662026338,1003
2024-09-16 14:19:58.933000,414.1351066020972,7
2024-09-16 14:19:59.063000,414.1626447052682,996
2024-09-16 14:19:59.238000,414.1597415043199,95
2024-09-16 14:19:59.315000,414.1589627768088,1004
2024-09-16 14:19:59.405000,414.1601275423473,9
2024-09-16 14:19:59.616000,414.1620431243822,97
2024-09-16 14:19:59.902000,414.1428848262031,995
