Timestamp,Price,Size
2024-09-18 11:26:00.054000,417.3289120918922,1003
2024-09-18 11:26:00.359000,417.29928632299567,13
2024-09-18 11:26:00.361000,417.2881782299759,15
2024-09-18 11:26:00.591000,417.3008263652659,11
2024-09-18 11:26:00.629000,417.3272137152264,8
2024-09-18 11:26:00.651000,417.3048179525511,7
2024-09-18 11:26:00.952000,417.2959915602931,11
2024-09-18 11:26:01.064000,417.2681019330437,1003
2024-09-18 11:26:01.082000,417.2713484945872,14
2024-09-18 11:26:01.122000,417.28012614630666,15
2024-09-18 11:26:01.287000,417.2876389207652,97
2024-09-18 11:26:01.397000,417.2687232311268,99
2024-09-18 11:26:01.436000,417.29945531919606,1001
2024-09-18 11:26:01.499000,417.2990904417285,11
2024-09-18 11:26:01.555000,417.2651745919078,10
2024-09-18 11:26:01.623000,417.2708994282854,99
2024-09-18 11:26:01.774000,417.273879233743,97
2024-09-18 11:26:01.872000,417.2945010556927,96
2024-09-18 11:26:01.943000,417.2790027132469,98
2024-09-18 11:26:02.001000,417.2831610067552,996
2024-09-18 11:26:02.013000,417.27891703490434,9
2024-09-18 11:26:02.016000,417.2812202227885,103
2024-09-18 11:26:02.023000,417.2504756907724,15
2024-09-18 11:26:02.026000,417.2636166115095,12
2024-09-18 11:26:02.082000,417.29284651120633,5
2024-09-18 11:26:02.101000,417.3006666040485,7
2024-09-18 11:26:02.117000,417.27639730041807,997
2024-09-18 11:26:02.127000,417.25490072667054,100
2024-09-18 11:26:02.136000,417.2595676709777,105
2024-09-18 11:26:02.161000,417.25709272975246,998
2024-09-18 11:26:02.228000,417.3297489999365,8
2024-09-18 11:26:02.263000,417.2825085432904,1000
2024-09-18 11:26:02.266000,417.2892723710717,100
2024-09-18 11:26:02.294000,417.2966474460196,1001
2024-09-18 11:26:02.346000,417.29562275439423,99
2024-09-18 11:26:02.512000,417.2765626864965,1002
2024-09-18 11:26:02.530000,417.307314653182,1002
2024-09-18 11:26:02.583000,417.2797031237756,12
2024-09-18 11:26:02.591000,417.30456526403833,105
2024-09-18 11:26:02.721000,417.2758817030189,1002
2024-09-18 11:26:02.749000,417.3305076849398,97
2024-09-18 11:26:02.838000,417.3035693693748,5
2024-09-18 11:26:02.849000,417.3320219397059,7
2024-09-18 11:26:02.985000,417.2911885441272,999
2024-09-18 11:26:02.993000,417.3198356959234,102
2024-09-18 11:26:03.033000,417.2528358224071,105
2024-09-18 11:26:03.073000,417.16656219292514,1002
2024-09-18 11:26:03.105000,417.2153555586007,105
2024-09-18 11:26:03.257000,417.1732450551012,105
2024-09-18 11:26:03.657000,417.151937502951,5
2024-09-18 11:26:03.787000,417.1576473299873,1005
2024-09-18 11:26:03.868000,417.2462100744502,100
2024-09-18 11:26:03.976000,417.2030659529049,995
2024-09-18 11:26:04.001000,417.23554162122855,102
2024-09-18 11:26:04.004000,417.1820518491336,9
2024-09-18 11:26:04.013000,417.2034750551836,995
2024-09-18 11:26:04.016000,417.2016819682792,95
2024-09-18 11:26:04.115000,417.23107745460726,95
2024-09-18 11:26:04.262000,417.1878500553939,13
2024-09-18 11:26:04.301000,417.1921719240876,10
2024-09-18 11:26:04.351000,417.1775130611276,15
2024-09-18 11:26:04.372000,417.19634677511937,1004
2024-09-18 11:26:04.377000,417.20184049966497,98
2024-09-18 11:26:04.411000,417.1790293073362,1005
2024-09-18 11:26:04.479000,417.1775261542932,995
2024-09-18 11:26:04.491000,417.1570423060844,7
2024-09-18 11:26:04.558000,417.2255827064138,997
2024-09-18 11:26:04.585000,417.170710033592,1004
2024-09-18 11:26:04.775000,417.15415480713466,12
2024-09-18 11:26:04.815000,417.1889576318737,105
2024-09-18 11:26:04.832000,417.1849482496133,98
2024-09-18 11:26:04.926000,417.20190136470967,1002
2024-09-18 11:26:04.933000,417.2083473340102,1004
2024-09-18 11:26:04.992000,417.2012785097045,998
2024-09-18 11:26:05.049000,417.1949248441065,1000
2024-09-18 11:26:05.121000,417.1927519136208,8
2024-09-18 11:26:05.151000,417.1837103307712,100
2024-09-18 11:26:05.187000,417.21832427830185,15
2024-09-18 11:26:05.292000,417.1839711867504,995
2024-09-18 11:26:05.331000,417.1974896922277,6
2024-09-18 11:26:05.374000,417.17755659094496,7
2024-09-18 11:26:05.417000,417.1987109771815,6
2024-09-18 11:26:05.466000,417.1766761232377,1002
2024-09-18 11:26:05.485000,417.20326176389005,103
2024-09-18 11:26:05.561000,417.17526915971007,98
2024-09-18 11:26:05.627000,417.1770255500151,103
2024-09-18 11:26:05.659000,417.1918389992912,104
2024-09-18 11:26:05.701000,417.1994184184563,998
2024-09-18 11:26:05.733000,417.2090453904872,5
2024-09-18 11:26:05.748000,417.1904300602049,12
2024-09-18 11:26:05.890000,417.1574188262927,1004
2024-09-18 11:26:05.946000,417.18209036663154,102
2024-09-18 11:26:05.970000,417.1977896087007,103
2024-09-18 11:26:06.005000,417.1556054411053,995
2024-09-18 11:26:06.050000,417.19156466946447,102
2024-09-18 11:26:06.123000,417.1584123561396,99
2024-09-18 11:26:06.143000,417.1760470617579,1004
2024-09-18 11:26:06.203000,417.1731922766047,6
2024-09-18 11:26:06.223000,417.1570372918449,997
2024-09-18 11:26:06.247000,417.138631138288,14
2024-09-18 11:26:06.331000,417.19200921551726,100
2024-09-18 11:26:06.429000,417.1402521661512,9
2024-09-18 11:26:06.491000,417.1445422980424,1000
2024-09-18 11:26:06.515000,417.1606792644213,100
2024-09-18 11:26:06.516000,417.1475207052087,105
2024-09-18 11:26:06.518000,417.1521969301151,995
2024-09-18 11:26:06.561000,417.1833996230724,104
2024-09-18 11:26:06.575000,417.1718679495416,10
2024-09-18 11:26:06.581000,417.1600961601552,105
2024-09-18 11:26:06.592000,417.14235582465807,11
2024-09-18 11:26:06.593000,417.1654405873373,1000
2024-09-18 11:26:06.622000,417.177795030438,13
2024-09-18 11:26:06.672000,417.1562237495961,97
2024-09-18 11:26:06.726000,417.1479332152422,1003
2024-09-18 11:26:06.827000,417.1515755401816,104
2024-09-18 11:26:06.862000,417.1656839165686,99
2024-09-18 11:26:06.871000,417.14829998923074,1001
2024-09-18 11:26:07.121000,417.175031266855,995
2024-09-18 11:26:07.124000,417.14892456783286,5
2024-09-18 11:26:07.213000,417.1335376998543,100
2024-09-18 11:26:07.232000,417.1761025336608,6
2024-09-18 11:26:07.327000,417.17425359353246,995
2024-09-18 11:26:07.357000,417.17598777388895,997
2024-09-18 11:26:07.406000,417.1360250723272,95
2024-09-18 11:26:07.472000,417.1722288889055,13
2024-09-18 11:26:07.490000,417.1296078474045,1001
2024-09-18 11:26:07.524000,417.12965294635984,1002
2024-09-18 11:26:07.532000,417.1373684660682,1001
2024-09-18 11:26:07.589000,417.1618090037411,1005
2024-09-18 11:26:07.624000,417.1446340017207,100
2024-09-18 11:26:07.656000,417.1407881355448,998
2024-09-18 11:26:07.663000,417.1615250117837,10
2024-09-18 11:26:07.684000,417.15508779371487,995
2024-09-18 11:26:07.737000,417.14992976924367,996
2024-09-18 11:26:07.779000,417.1448522751381,8
2024-09-18 11:26:07.823000,417.137697052816,1004
2024-09-18 11:26:07.826000,417.14179692443287,15
2024-09-18 11:26:07.888000,417.1605473972349,14
2024-09-18 11:26:07.907000,417.1618083789747,5
2024-09-18 11:26:07.936000,417.1337450840347,14
2024-09-18 11:26:08.991000,417.1656354683725,6
2024-09-18 11:26:09.196000,417.2060465732203,96
2024-09-18 11:26:09.312000,417.2202528145332,95
2024-09-18 11:26:09.409000,417.2434269350272,8
2024-09-18 11:26:09.503000,417.2067072970591,5
2024-09-18 11:26:09.714000,417.25080881593817,15
2024-09-18 11:26:09.747000,417.1862841087298,8
2024-09-18 11:26:09.783000,417.1668179251455,12
2024-09-18 11:26:09.793000,417.20371214901087,98
2024-09-18 11:26:10.029000,417.2810662068927,1002
2024-09-18 11:26:10.090000,417.1920278540174,995
2024-09-18 11:26:10.091000,417.2140379680861,7
2024-09-18 11:26:10.162000,417.2159554862815,96
2024-09-18 11:26:10.171000,417.3021244817684,95
2024-09-18 11:26:10.185000,417.2515547293358,5
2024-09-18 11:26:10.244000,417.1992245248496,99
2024-09-18 11:26:10.252000,417.2164000345196,1005
2024-09-18 11:26:10.284000,417.2131969264586,104
2024-09-18 11:26:10.304000,417.2144674478669,1005
2024-09-18 11:26:10.307000,417.2500838476079,99
2024-09-18 11:26:10.313000,417.1951716811506,1004
2024-09-18 11:26:10.314000,417.231069855982,14
2024-09-18 11:26:10.351000,417.2624081324336,15
2024-09-18 11:26:10.407000,417.2853741002134,999
2024-09-18 11:26:10.465000,417.3143528084083,8
2024-09-18 11:26:10.545000,417.2261705514289,995
2024-09-18 11:26:10.608000,417.3255815454995,10
2024-09-18 11:26:10.653000,417.2005160533516,14
2024-09-18 11:26:10.676000,417.21220389350697,95
2024-09-18 11:26:10.797000,417.2873097329262,9
2024-09-18 11:26:10.841000,417.189155067265,6
2024-09-18 11:26:10.858000,417.3010677984723,7
2024-09-18 11:26:11.019000,417.3253488968508,95
2024-09-18 11:26:11.095000,417.3474865664987,96
2024-09-18 11:26:11.118000,417.2741649414644,103
2024-09-18 11:26:11.127000,417.3567319631838,7
2024-09-18 11:26:11.180000,417.3285970473492,105
2024-09-18 11:26:11.184000,417.3270611279444,997
2024-09-18 11:26:11.228000,417.26415850076256,1004
2024-09-18 11:26:11.250000,417.2764226749715,9
2024-09-18 11:26:11.297000,417.3282509904097,15
2024-09-18 11:26:11.383000,417.3299996664419,1001
2024-09-18 11:26:11.388000,417.3510576760134,102
2024-09-18 11:26:11.430000,417.2765218316163,15
2024-09-18 11:26:11.435000,417.2834566301718,14
2024-09-18 11:26:11.473000,417.30451407435487,98
2024-09-18 11:26:11.509000,417.2743680537903,100
2024-09-18 11:26:11.577000,417.2712323831013,98
2024-09-18 11:26:11.618000,417.346821040194,100
2024-09-18 11:26:11.765000,417.3330021659521,99
2024-09-18 11:26:11.793000,417.2724344001784,7
2024-09-18 11:26:11.814000,417.28811464393976,104
2024-09-18 11:26:11.848000,417.28285502864514,1002
2024-09-18 11:26:11.900000,417.3146911445645,997
2024-09-18 11:26:11.900000,417.28402469775193,10
2024-09-18 11:26:11.925000,417.325738937385,97
2024-09-18 11:26:11.943000,417.2915339868986,97
2024-09-18 11:26:11.949000,417.3620801767696,998
2024-09-18 11:26:11.982000,417.2772142259805,10
2024-09-18 11:26:12.005000,417.29725022085165,999
2024-09-18 11:26:12.050000,417.28475193414886,10
2024-09-18 11:26:12.082000,417.2954605394228,7
2024-09-18 11:26:12.086000,417.3026768384669,1002
2024-09-18 11:26:12.095000,417.3003439648379,96
2024-09-18 11:26:12.103000,417.29049007354047,10
2024-09-18 11:26:12.130000,417.2801391061827,1005
2024-09-18 11:26:12.131000,417.2745098307684,7
2024-09-18 11:26:12.207000,417.3002431406898,5
2024-09-18 11:26:12.213000,417.26405941344257,14
2024-09-18 11:26:12.240000,417.2817108572965,1000
2024-09-18 11:26:12.253000,417.26356534023233,100
2024-09-18 11:26:12.283000,417.30315470074135,103
2024-09-18 11:26:12.294000,417.27283077891474,7
2024-09-18 11:26:12.373000,417.2912374952837,12
2024-09-18 11:26:12.466000,417.2632062823027,9
2024-09-18 11:26:12.553000,417.2911116683777,15
2024-09-18 11:26:12.563000,417.2489727122173,995
2024-09-18 11:26:12.566000,417.28274931479245,95
2024-09-18 11:26:12.603000,417.29519402350894,1002
2024-09-18 11:26:12.645000,417.2735355501823,1002
2024-09-18 11:26:12.646000,417.28608639953774,9
2024-09-18 11:26:12.682000,417.27899966914646,101
2024-09-18 11:26:12.712000,417.2753280196905,10
2024-09-18 11:26:12.714000,417.2958920671907,101
2024-09-18 11:26:12.740000,417.3047561724522,996
2024-09-18 11:26:12.769000,417.2850158726993,15
2024-09-18 11:26:12.829000,417.3119537230415,6
2024-09-18 11:26:12.913000,417.26069191623424,1004
2024-09-18 11:26:13.056000,417.2948128288843,999
2024-09-18 11:26:13.274000,417.2979708766521,103
2024-09-18 11:26:13.393000,417.3132368807433,103
2024-09-18 11:26:13.512000,417.2186304336881,9
2024-09-18 11:26:13.520000,417.208033264826,96
2024-09-18 11:26:13.633000,417.262512927393,999
2024-09-18 11:26:13.674000,417.2453775553959,101
2024-09-18 11:26:13.693000,417.3132941613552,14
2024-09-18 11:26:13.781000,417.3000870687263,103
2024-09-18 11:26:13.788000,417.2673786250148,96
2024-09-18 11:26:13.847000,417.20916326507904,12
2024-09-18 11:26:14.043000,417.3751085341398,12
2024-09-18 11:26:14.168000,417.3573662058939,995
2024-09-18 11:26:14.212000,417.3820796618451,99
2024-09-18 11:26:14.270000,417.3580334262186,13
2024-09-18 11:26:14.310000,417.3540853039025,15
2024-09-18 11:26:14.390000,417.3571751663162,99
2024-09-18 11:26:14.398000,417.3389515914655,96
2024-09-18 11:26:14.409000,417.3727024456923,999
2024-09-18 11:26:14.474000,417.3647719684212,11
2024-09-18 11:26:14.487000,417.3676317696796,1000
2024-09-18 11:26:14.523000,417.33529830009314,101
2024-09-18 11:26:14.728000,417.3785801093252,999
2024-09-18 11:26:14.743000,417.354178712084,13
2024-09-18 11:26:14.779000,417.369897834612,102
2024-09-18 11:26:14.806000,417.3401889389132,100
2024-09-18 11:26:14.889000,417.37404060741954,7
2024-09-18 11:26:14.966000,417.3777442836816,1000
2024-09-18 11:26:15.346000,417.35719874580974,1004
2024-09-18 11:26:15.721000,417.3629213176534,998
2024-09-18 11:26:16.017000,417.3332095026786,1003
2024-09-18 11:26:16.147000,417.2678155119045,9
2024-09-18 11:26:16.307000,417.29350565787377,1005
2024-09-18 11:26:16.320000,417.2848976843158,96
2024-09-18 11:26:16.425000,417.3146723872957,102
2024-09-18 11:26:16.473000,417.3217456962634,7
2024-09-18 11:26:16.482000,417.30470470218654,97
2024-09-18 11:26:16.618000,417.2945376440343,12
2024-09-18 11:26:16.618000,417.3186652035481,96
2024-09-18 11:26:16.700000,417.302148395502,97
2024-09-18 11:26:16.726000,417.3074022827886,6
2024-09-18 11:26:16.805000,417.3133413016778,98
2024-09-18 11:26:16.820000,417.324290128811,7
2024-09-18 11:26:16.864000,417.2875775380713,995
2024-09-18 11:26:16.880000,417.2833678245556,103
2024-09-18 11:26:16.883000,417.3043926423794,6
2024-09-18 11:26:16.955000,417.3178857934299,102
2024-09-18 11:26:16.986000,417.313053438575,10
2024-09-18 11:26:18.038000,417.2463500641468,100
2024-09-18 11:26:18.068000,417.2437950540146,995
2024-09-18 11:26:18.073000,417.2536193073603,98
2024-09-18 11:26:18.130000,417.2219310531249,96
2024-09-18 11:26:18.148000,417.2425588100072,13
2024-09-18 11:26:18.148000,417.27474705807407,97
2024-09-18 11:26:18.258000,417.243072170316,98
2024-09-18 11:26:18.414000,417.2934629418898,997
2024-09-18 11:26:18.428000,417.2357649548862,6
2024-09-18 11:26:18.433000,417.2547181111353,7
2024-09-18 11:26:18.507000,417.2481766776298,9
2024-09-18 11:26:18.592000,417.2942238553301,995
2024-09-18 11:26:18.674000,417.2268420564546,98
2024-09-18 11:26:18.690000,417.27154463553234,14
2024-09-18 11:26:18.721000,417.2460262583122,6
2024-09-18 11:26:18.762000,417.2157502300022,1005
2024-09-18 11:26:18.770000,417.2646570016592,8
2024-09-18 11:26:18.779000,417.26307148043406,15
2024-09-18 11:26:18.855000,417.2739681943198,996
2024-09-18 11:26:18.909000,417.2329312068552,100
2024-09-18 11:26:18.925000,417.2694563940109,99
2024-09-18 11:26:18.931000,417.2469116321421,102
2024-09-18 11:26:18.990000,417.26098332522616,101
2024-09-18 11:26:18.993000,417.2987890473162,1004
2024-09-18 11:26:19.048000,417.2784955311249,96
2024-09-18 11:26:19.101000,417.2840804217527,1005
2024-09-18 11:26:19.255000,417.2905808698048,12
2024-09-18 11:26:19.265000,417.2495394584087,5
2024-09-18 11:26:19.360000,417.2753742706566,1001
2024-09-18 11:26:19.397000,417.28591634153696,1002
2024-09-18 11:26:19.522000,417.29398174380526,9
2024-09-18 11:26:19.684000,417.26294250958296,1001
2024-09-18 11:26:19.706000,417.2869394837902,102
2024-09-18 11:26:19.788000,417.2520247057591,1004
2024-09-18 11:26:19.802000,417.2940175131073,5
2024-09-18 11:26:19.806000,417.2764357250493,12
2024-09-18 11:26:19.823000,417.25288852909466,105
2024-09-18 11:26:19.939000,417.2631655593272,15
2024-09-18 11:26:20.025000,417.23034227292,96
2024-09-18 11:26:20.048000,417.2075711089349,13
2024-09-18 11:26:20.053000,417.26259095930016,99
2024-09-18 11:26:20.055000,417.214500648404,101
2024-09-18 11:26:20.077000,417.2337138047884,101
2024-09-18 11:26:20.117000,417.2217515475084,999
2024-09-18 11:26:20.200000,417.2321559349096,95
2024-09-18 11:26:20.239000,417.2724392630522,998
2024-09-18 11:26:20.444000,417.2727296209986,97
2024-09-18 11:26:20.548000,417.2571685809975,995
2024-09-18 11:26:20.557000,417.252828264296,15
2024-09-18 11:26:20.570000,417.2502338783205,998
2024-09-18 11:26:20.625000,417.2630725881025,1004
2024-09-18 11:26:20.654000,417.2408706715869,995
2024-09-18 11:26:20.674000,417.2320736432413,98
2024-09-18 11:26:20.778000,417.25420321937,103
2024-09-18 11:26:20.799000,417.26529401109616,6
2024-09-18 11:26:20.828000,417.2166706834995,104
2024-09-18 11:26:20.831000,417.2715512349346,96
2024-09-18 11:26:20.845000,417.2117539967475,13
2024-09-18 11:26:20.897000,417.2548636100028,9
2024-09-18 11:26:20.904000,417.2136223813636,97
2024-09-18 11:26:21.071000,417.2242342655665,1000
2024-09-18 11:26:21.129000,417.2356653884771,8
2024-09-18 11:26:21.164000,417.2345135114527,103
2024-09-18 11:26:21.184000,417.2013046473691,998
2024-09-18 11:26:21.185000,417.1956690549869,101
2024-09-18 11:26:21.203000,417.1942600697309,10
2024-09-18 11:26:21.209000,417.20434596396063,104
2024-09-18 11:26:21.298000,417.229054552407,104
2024-09-18 11:26:21.316000,417.2180377279764,105
2024-09-18 11:26:21.400000,417.2135890750698,1002
2024-09-18 11:26:21.433000,417.2256172281477,1005
2024-09-18 11:26:21.505000,417.2349163071685,1001
2024-09-18 11:26:21.534000,417.2190761679941,1004
2024-09-18 11:26:21.541000,417.2422874206546,997
2024-09-18 11:26:21.543000,417.218923782331,101
2024-09-18 11:26:21.568000,417.2040350746797,99
2024-09-18 11:26:21.589000,417.22128775118887,11
2024-09-18 11:26:21.631000,417.2315234491331,998
2024-09-18 11:26:21.821000,417.21350200427634,98
2024-09-18 11:26:21.910000,417.24255891782303,100
2024-09-18 11:26:21.957000,417.2335981367095,1002
2024-09-18 11:26:21.959000,417.2194666241562,6
2024-09-18 11:26:21.978000,417.21807629014927,996
2024-09-18 11:26:21.979000,417.2061375257478,1002
2024-09-18 11:26:21.986000,417.22044230613926,103
2024-09-18 11:26:22.062000,417.2640090794048,11
2024-09-18 11:26:22.192000,417.2522397097328,97
2024-09-18 11:26:22.267000,417.2412779792149,10
2024-09-18 11:26:22.343000,417.25628421830856,14
2024-09-18 11:26:22.578000,417.2632413929912,996
2024-09-18 11:26:22.688000,417.2573350305297,8
2024-09-18 11:26:22.724000,417.256024362506,1002
2024-09-18 11:26:22.752000,417.2488888720244,1004
2024-09-18 11:26:22.769000,417.2454083822543,1000
2024-09-18 11:26:22.868000,417.24721228380616,1001
2024-09-18 11:26:22.941000,417.2531111517621,101
2024-09-18 11:26:22.987000,417.24426783961866,99
2024-09-18 11:26:23.308000,417.2128844766279,95
2024-09-18 11:26:23.368000,417.23587024638346,98
2024-09-18 11:26:23.471000,417.22375567566326,996
2024-09-18 11:26:23.578000,417.24284015927833,95
2024-09-18 11:26:23.582000,417.2208702226924,997
2024-09-18 11:26:23.948000,417.2066946386558,96
2024-09-18 11:26:25.204000,417.2262746114861,996
2024-09-18 11:26:25.257000,417.2436324575939,1004
2024-09-18 11:26:25.315000,417.2368668260872,96
2024-09-18 11:26:25.326000,417.24732796252016,14
2024-09-18 11:26:25.366000,417.23769520254217,998
2024-09-18 11:26:25.381000,417.2347386061412,996
2024-09-18 11:26:25.440000,417.2594874069943,999
2024-09-18 11:26:25.470000,417.2519869086765,1004
2024-09-18 11:26:25.523000,417.2198482613434,15
2024-09-18 11:26:25.548000,417.2422445229225,100
2024-09-18 11:26:25.581000,417.2276736348225,99
2024-09-18 11:26:25.615000,417.24196265436734,998
2024-09-18 11:26:25.616000,417.2405748329066,100
2024-09-18 11:26:25.632000,417.24292327323934,1005
2024-09-18 11:26:25.637000,417.23697866164406,100
2024-09-18 11:26:25.638000,417.23391075881625,10
2024-09-18 11:26:25.685000,417.2350821594105,101
2024-09-18 11:26:25.695000,417.2160540569584,95
2024-09-18 11:26:25.740000,417.27697093009255,12
2024-09-18 11:26:25.790000,417.2697135917271,1004
2024-09-18 11:26:26.076000,417.13446716325626,999
2024-09-18 11:26:26.088000,417.2446360662154,1000
2024-09-18 11:26:26.112000,417.10985917172377,98
2024-09-18 11:26:26.151000,417.1932412793788,5
2024-09-18 11:26:26.174000,417.1694984116447,97
2024-09-18 11:26:26.362000,417.2395515631026,1005
2024-09-18 11:26:26.453000,417.2003906243263,10
2024-09-18 11:26:26.509000,417.2463377365757,103
2024-09-18 11:26:26.628000,417.1494860781556,9
2024-09-18 11:26:26.675000,417.2062776908622,998
2024-09-18 11:26:26.692000,417.23032993431445,995
2024-09-18 11:26:26.738000,417.1250503346506,102
2024-09-18 11:26:26.797000,417.147489042454,8
2024-09-18 11:26:26.841000,417.1656606006631,5
2024-09-18 11:26:26.844000,417.10087885347787,105
2024-09-18 11:26:26.904000,417.20725822957866,103
2024-09-18 11:26:26.930000,417.1891418501113,996
2024-09-18 11:26:26.992000,417.2101658236255,105
2024-09-18 11:26:26.995000,417.13499401478896,1000
2024-09-18 11:26:27.081000,417.11512215546384,996
2024-09-18 11:26:27.242000,417.0864177090828,98
2024-09-18 11:26:27.441000,417.1191329520131,14
2024-09-18 11:26:27.450000,417.0886491473339,996
2024-09-18 11:26:27.654000,417.1233055379751,100
2024-09-18 11:26:27.773000,417.10392605152975,15
2024-09-18 11:26:27.777000,417.0937851802789,101
2024-09-18 11:26:27.902000,417.0854921846055,6
2024-09-18 11:26:27.980000,417.0802200514769,997
2024-09-18 11:26:27.987000,417.0988185041486,102
2024-09-18 11:26:28.006000,417.05123204785104,997
2024-09-18 11:26:28.049000,417.0816908186136,11
2024-09-18 11:26:28.102000,417.092065786224,96
2024-09-18 11:26:28.164000,417.0791879581289,10
2024-09-18 11:26:28.168000,417.0863104979141,997
2024-09-18 11:26:28.265000,417.0839223409505,7
2024-09-18 11:26:28.268000,417.0652605032356,14
2024-09-18 11:26:28.380000,417.05943752074063,101
2024-09-18 11:26:28.477000,417.0723880205321,11
2024-09-18 11:26:28.491000,417.0743426002391,95
2024-09-18 11:26:28.500000,417.0624006686399,105
2024-09-18 11:26:28.604000,417.073432359642,104
2024-09-18 11:26:28.605000,417.0807729503482,1004
2024-09-18 11:26:28.669000,417.0635797723999,6
2024-09-18 11:26:28.683000,417.07819313624793,98
2024-09-18 11:26:28.768000,417.0820329854712,104
2024-09-18 11:26:28.787000,417.03639189942265,5
2024-09-18 11:26:28.852000,417.0876207878656,1002
2024-09-18 11:26:28.885000,417.031529339189,5
2024-09-18 11:26:28.960000,417.0400787062361,13
2024-09-18 11:26:29.062000,417.0984103067304,101
2024-09-18 11:26:29.088000,417.1013547710869,8
2024-09-18 11:26:29.179000,417.0636099665828,103
2024-09-18 11:26:29.253000,417.0724619796546,5
2024-09-18 11:26:29.260000,417.046742424213,995
2024-09-18 11:26:29.284000,417.0876787183052,13
2024-09-18 11:26:29.415000,417.0810918022552,1005
2024-09-18 11:26:29.432000,417.0658207430147,15
2024-09-18 11:26:29.513000,417.07417212449786,5
2024-09-18 11:26:29.585000,417.0697845022489,5
2024-09-18 11:26:29.632000,417.08591798095966,6
2024-09-18 11:26:29.685000,417.0532598005911,997
2024-09-18 11:26:29.793000,417.089473515649,11
2024-09-18 11:26:29.902000,417.0865369188669,13
2024-09-18 11:26:29.971000,417.0878749166861,5
2024-09-18 11:26:30.001000,417.08317661590746,1003
2024-09-18 11:26:30.006000,417.0986532376751,997
2024-09-18 11:26:30.108000,417.07492249789897,1002
2024-09-18 11:26:30.146000,417.0585049217023,6
2024-09-18 11:26:30.191000,417.0740080280988,999
2024-09-18 11:26:30.332000,417.0316515758242,13
2024-09-18 11:26:30.462000,417.0706169727405,102
2024-09-18 11:26:30.535000,417.0831299930863,1005
2024-09-18 11:26:30.601000,417.0796884962056,1004
2024-09-18 11:26:30.658000,417.0796502598509,1004
2024-09-18 11:26:30.942000,417.0694120240981,1005
2024-09-18 11:26:30.964000,417.0908313085815,14
2024-09-18 11:26:30.985000,417.0966830528165,98
2024-09-18 11:26:31.014000,417.0969826580114,99
2024-09-18 11:26:31.070000,417.0812556256111,11
2024-09-18 11:26:31.086000,417.0822417521281,1001
2024-09-18 11:26:31.090000,417.0876241994095,102
2024-09-18 11:26:31.147000,417.0823914107555,101
2024-09-18 11:26:31.164000,417.1085248925288,104
2024-09-18 11:26:31.174000,417.0742781266672,1003
2024-09-18 11:26:31.178000,417.0923680256225,102
2024-09-18 11:26:31.186000,417.0957652613905,1002
2024-09-18 11:26:31.235000,417.04757582192656,102
2024-09-18 11:26:31.276000,417.04706486887,99
2024-09-18 11:26:31.276000,417.0912566788055,999
2024-09-18 11:26:31.288000,417.09219939100416,97
2024-09-18 11:26:31.288000,417.0505708794424,14
2024-09-18 11:26:31.308000,417.08273660403006,1003
2024-09-18 11:26:31.311000,417.0912745082217,15
2024-09-18 11:26:31.343000,417.1068590903251,103
2024-09-18 11:26:31.369000,417.0620994966599,1002
2024-09-18 11:26:31.385000,417.0966082278754,998
2024-09-18 11:26:31.422000,417.0860591370328,999
2024-09-18 11:26:31.469000,417.1135786842213,6
2024-09-18 11:26:31.552000,417.0895579954737,15
2024-09-18 11:26:31.589000,417.0969602959123,5
2024-09-18 11:26:31.624000,417.0874880540801,12
2024-09-18 11:26:31.676000,417.0960181268245,1000
2024-09-18 11:26:31.754000,417.0873826580321,100
2024-09-18 11:26:31.825000,417.110746709609,6
2024-09-18 11:26:31.884000,417.0974002125091,1004
2024-09-18 11:26:31.942000,417.09336755189753,1003
2024-09-18 11:26:32.044000,417.0697238887396,10
2024-09-18 11:26:32.137000,417.0690123056667,10
2024-09-18 11:26:32.175000,417.06201970457766,996
2024-09-18 11:26:32.243000,417.08215778666255,1005
2024-09-18 11:26:32.268000,417.0805846370457,998
2024-09-18 11:26:32.292000,417.0338508205977,6
2024-09-18 11:26:32.363000,417.05907230271634,8
2024-09-18 11:26:32.372000,417.07476605701135,997
2024-09-18 11:26:32.412000,417.1017487629461,97
2024-09-18 11:26:32.420000,417.0962158781622,99
2024-09-18 11:26:32.438000,417.0516034861644,13
2024-09-18 11:26:32.565000,417.0877616107968,999
2024-09-18 11:26:32.583000,417.0736678151515,997
2024-09-18 11:26:32.651000,417.0692377385112,995
2024-09-18 11:26:32.652000,417.07877746651536,1005
2024-09-18 11:26:32.678000,417.0809198211064,8
2024-09-18 11:26:32.867000,417.05468545371343,997
2024-09-18 11:26:32.882000,417.0833510359319,999
2024-09-18 11:26:32.914000,417.0852631021018,102
2024-09-18 11:26:32.980000,417.0976077845948,102
2024-09-18 11:26:32.998000,417.0675330986752,1000
2024-09-18 11:26:33.085000,417.0554271854808,5
2024-09-18 11:26:33.092000,417.0743844498936,999
2024-09-18 11:26:33.200000,417.0737484923976,998
2024-09-18 11:26:33.310000,417.0850455429105,95
2024-09-18 11:26:33.581000,417.0928901739037,105
2024-09-18 11:26:33.668000,417.0805564006279,997
2024-09-18 11:26:33.670000,417.0709997626613,1003
2024-09-18 11:26:33.712000,417.0775634585045,1004
2024-09-18 11:26:33.713000,417.0607407830856,105
2024-09-18 11:26:33.901000,417.0623663396681,14
2024-09-18 11:26:33.904000,417.0579878629291,1003
2024-09-18 11:26:33.909000,417.04431473667256,12
2024-09-18 11:26:33.933000,417.02741091577576,11
2024-09-18 11:26:33.984000,417.0694037231056,104
2024-09-18 11:26:34.004000,416.9618479291439,996
2024-09-18 11:26:34.111000,417.0163726603314,1004
2024-09-18 11:26:34.183000,416.9663845980027,998
2024-09-18 11:26:34.311000,416.9811348856186,998
2024-09-18 11:26:34.324000,416.97940979412647,101
2024-09-18 11:26:34.387000,416.9861701649032,996
2024-09-18 11:26:34.391000,416.9716380508684,95
2024-09-18 11:26:34.412000,416.9549592583671,104
2024-09-18 11:26:34.419000,416.9693850698755,995
2024-09-18 11:26:34.429000,416.9741297716978,95
2024-09-18 11:26:34.438000,416.9598761652016,999
2024-09-18 11:26:34.439000,416.9645810412104,100
2024-09-18 11:26:34.668000,416.9524013085493,1002
2024-09-18 11:26:34.733000,416.9989715486095,995
2024-09-18 11:26:34.815000,416.9868707524036,103
2024-09-18 11:26:34.846000,416.9852954085216,998
2024-09-18 11:26:34.882000,417.03060625633645,1004
2024-09-18 11:26:34.911000,416.9893789180581,1005
2024-09-18 11:26:34.987000,416.9797070519794,6
2024-09-18 11:26:35.002000,416.8962534112804,995
2024-09-18 11:26:35.009000,416.9773625499216,1002
2024-09-18 11:26:35.019000,416.87846718714354,103
2024-09-18 11:26:35.239000,416.9690294624596,999
2024-09-18 11:26:35.255000,416.9382530370204,1004
2024-09-18 11:26:35.262000,416.8496437332096,1005
2024-09-18 11:26:35.289000,416.8619721971991,8
2024-09-18 11:26:35.303000,416.853180842446,99
2024-09-18 11:26:35.350000,416.9337207946149,998
2024-09-18 11:26:35.432000,416.95419560986295,11
2024-09-18 11:26:35.469000,416.92233305349095,15
2024-09-18 11:26:35.495000,416.8710780160106,103
2024-09-18 11:26:35.532000,416.9327022105291,12
2024-09-18 11:26:35.593000,416.8698023893933,7
2024-09-18 11:26:35.601000,416.911675808056,1000
2024-09-18 11:26:35.803000,416.9679216682562,7
2024-09-18 11:26:35.840000,416.9722242942943,5
2024-09-18 11:26:35.879000,416.9399819493796,11
2024-09-18 11:26:36.058000,416.8733363382634,9
2024-09-18 11:26:36.148000,416.8376381026948,95
2024-09-18 11:26:36.673000,416.8597613840323,98
2024-09-18 11:26:36.884000,416.8457340708286,11
2024-09-18 11:26:36.893000,416.8686249009652,105
2024-09-18 11:26:36.956000,416.8575558416697,13
2024-09-18 11:26:37.191000,416.9045133332888,100
2024-09-18 11:26:37.264000,416.87417208706574,98
2024-09-18 11:26:37.410000,416.9035494286375,103
2024-09-18 11:26:37.450000,416.8901263085552,995
2024-09-18 11:26:37.536000,416.8856650888446,98
2024-09-18 11:26:37.670000,416.854358160421,1000
2024-09-18 11:26:37.710000,416.86436416600594,996
2024-09-18 11:26:37.979000,416.8890351421821,9
2024-09-18 11:26:38.678000,416.8729969383295,1000
2024-09-18 11:26:38.713000,416.886308151936,11
2024-09-18 11:26:38.766000,416.8971624554248,1001
2024-09-18 11:26:39.635000,416.86514980908777,13
2024-09-18 11:26:39.689000,416.86143849702216,105
2024-09-18 11:26:39.810000,416.8653451759782,97
2024-09-18 11:26:39.850000,416.8639021419737,996
2024-09-18 11:26:39.873000,416.86578773541936,1002
2024-09-18 11:26:40.001000,416.8442011004957,11
2024-09-18 11:26:40.005000,416.8712831288866,995
2024-09-18 11:26:40.077000,416.8485750800796,1005
2024-09-18 11:26:40.109000,416.8550715728251,995
2024-09-18 11:26:40.158000,416.8440636133956,12
2024-09-18 11:26:40.167000,416.8194773973332,1000
2024-09-18 11:26:40.208000,416.8058582552511,10
2024-09-18 11:26:40.335000,416.8129536084024,96
2024-09-18 11:26:40.353000,416.8495019083184,1001
2024-09-18 11:26:40.393000,416.8490855928941,1003
2024-09-18 11:26:40.415000,416.8265008975904,105
2024-09-18 11:26:40.475000,416.858553350294,6
2024-09-18 11:26:40.522000,416.86025715924296,7
2024-09-18 11:26:40.539000,416.83915511966046,1000
2024-09-18 11:26:40.578000,416.8519826220953,10
2024-09-18 11:26:40.677000,416.81314532853946,100
2024-09-18 11:26:40.693000,416.8352183754062,102
2024-09-18 11:26:40.776000,416.828459900474,5
2024-09-18 11:26:40.782000,416.8540778778833,12
2024-09-18 11:26:40.791000,416.8431892134552,11
2024-09-18 11:26:40.866000,416.8293959348515,5
2024-09-18 11:26:40.965000,416.8507795191618,1001
2024-09-18 11:26:41.025000,416.8455523713814,98
2024-09-18 11:26:41.125000,416.83704992905047,1005
2024-09-18 11:26:41.212000,416.8484546043728,96
2024-09-18 11:26:41.346000,416.8534434986505,95
2024-09-18 11:26:41.527000,416.8524133405167,9
2024-09-18 11:26:41.561000,416.855607782214,98
2024-09-18 11:26:41.577000,416.8531760483616,7
2024-09-18 11:26:41.651000,416.85012705844207,1004
2024-09-18 11:26:41.804000,416.85391613889,105
2024-09-18 11:26:42.078000,416.8203873328187,8
2024-09-18 11:26:42.940000,416.8192451694798,1005
2024-09-18 11:26:43.040000,416.7992807228488,998
2024-09-18 11:26:43.100000,416.7894699510308,14
2024-09-18 11:26:43.119000,416.7924979543717,7
2024-09-18 11:26:43.129000,416.7898503471044,998
2024-09-18 11:26:43.176000,416.7954771211997,10
2024-09-18 11:26:43.202000,416.7991915768703,98
2024-09-18 11:26:43.298000,416.7843726674271,5
2024-09-18 11:26:43.446000,416.8022189139816,7
2024-09-18 11:26:43.488000,416.8131184127226,10
2024-09-18 11:26:43.494000,416.7752739375504,5
2024-09-18 11:26:43.498000,416.801911288744,13
2024-09-18 11:26:43.538000,416.80593844844464,6
2024-09-18 11:26:43.598000,416.7815020450964,9
2024-09-18 11:26:43.625000,416.77869132947575,105
2024-09-18 11:26:43.690000,416.7985967078092,13
2024-09-18 11:26:43.792000,416.77258547003737,14
2024-09-18 11:26:43.827000,416.7763530850677,998
2024-09-18 11:26:43.875000,416.81842027903,104
2024-09-18 11:26:43.925000,416.780509953587,105
2024-09-18 11:26:43.934000,416.8004784282247,12
2024-09-18 11:26:44.057000,416.7892572397669,14
2024-09-18 11:26:44.121000,416.8083817477397,1002
2024-09-18 11:26:44.170000,416.8296666275079,12
2024-09-18 11:26:44.202000,416.81157775642055,1001
2024-09-18 11:26:44.211000,416.8437752786229,105
2024-09-18 11:26:44.246000,416.8461452808639,97
2024-09-18 11:26:44.332000,416.8764180079497,1002
2024-09-18 11:26:44.369000,416.8307079455882,13
2024-09-18 11:26:44.407000,416.8053912502797,6
2024-09-18 11:26:44.459000,416.8372072767754,1003
2024-09-18 11:26:44.480000,416.8767343900097,96
2024-09-18 11:26:44.510000,416.8885793035194,99
2024-09-18 11:26:44.524000,416.8033655582477,102
2024-09-18 11:26:44.562000,416.8830417553991,98
2024-09-18 11:26:44.579000,416.8727515909717,11
2024-09-18 11:26:44.587000,416.8841793970022,997
2024-09-18 11:26:44.638000,416.7924610614367,98
2024-09-18 11:26:44.657000,416.8113914801876,995
2024-09-18 11:26:44.712000,416.8625953836604,101
2024-09-18 11:26:44.769000,416.8078184899027,103
2024-09-18 11:26:44.802000,416.808037319659,997
2024-09-18 11:26:44.812000,416.8178652644229,10
2024-09-18 11:26:44.848000,416.87513724241165,1000
2024-09-18 11:26:44.917000,416.8621407767018,5
2024-09-18 11:26:44.938000,416.85045216071165,1000
2024-09-18 11:26:45.123000,416.9639890798869,14
2024-09-18 11:26:45.124000,416.8600735164128,99
2024-09-18 11:26:45.143000,416.8832744095227,96
2024-09-18 11:26:45.153000,416.8636958984762,6
2024-09-18 11:26:45.169000,416.8625045240128,8
2024-09-18 11:26:45.186000,416.9049178464798,103
2024-09-18 11:26:45.188000,416.92286592814247,14
2024-09-18 11:26:45.196000,416.9235675527749,8
2024-09-18 11:26:45.217000,416.8746078176186,12
2024-09-18 11:26:45.271000,416.8902165258309,96
2024-09-18 11:26:45.308000,416.9148308533138,96
2024-09-18 11:26:45.343000,416.8681363725543,7
2024-09-18 11:26:45.366000,416.9561954471419,105
2024-09-18 11:26:45.448000,416.8484144903045,95
2024-09-18 11:26:45.490000,416.87868510355776,99
2024-09-18 11:26:45.494000,416.85410010877393,7
2024-09-18 11:26:45.554000,416.8858859861346,105
2024-09-18 11:26:45.581000,416.8996976398443,996
2024-09-18 11:26:45.585000,416.8744759751061,14
2024-09-18 11:26:45.652000,416.8787247369377,1003
2024-09-18 11:26:45.723000,416.8974767138247,96
2024-09-18 11:26:45.783000,416.8685180155277,8
2024-09-18 11:26:45.805000,416.9321126951865,105
2024-09-18 11:26:45.853000,416.8526023423655,102
2024-09-18 11:26:45.876000,416.9232872928234,995
2024-09-18 11:26:45.946000,416.8508433911359,999
2024-09-18 11:26:45.970000,416.8727606990119,95
2024-09-18 11:26:45.984000,416.9008843129865,97
2024-09-18 11:26:47.460000,416.88285541487176,104
2024-09-18 11:26:47.792000,416.8756685664295,101
2024-09-18 11:26:47.800000,416.8947949393928,998
2024-09-18 11:26:47.984000,416.8870988543356,1004
2024-09-18 11:26:48.046000,416.8772078032133,998
2024-09-18 11:26:48.091000,416.8490400392451,103
2024-09-18 11:26:48.573000,416.8571075228498,1000
2024-09-18 11:26:48.647000,416.8553450218523,105
2024-09-18 11:26:49.001000,416.8448796736512,997
2024-09-18 11:26:49.124000,416.8343328466054,104
2024-09-18 11:26:49.149000,416.8102809609854,1002
2024-09-18 11:26:49.169000,416.85013569814976,98
2024-09-18 11:26:49.235000,416.8216383713172,15
2024-09-18 11:26:49.253000,416.8382422046575,8
2024-09-18 11:26:49.287000,416.8515688366462,999
2024-09-18 11:26:49.415000,416.8190430002961,102
2024-09-18 11:26:49.494000,416.8303431328901,95
2024-09-18 11:26:49.573000,416.853514442203,999
2024-09-18 11:26:49.632000,416.8332490893226,102
2024-09-18 11:26:49.733000,416.81219533453793,101
2024-09-18 11:26:49.785000,416.8249392635524,14
2024-09-18 11:26:49.806000,416.8573505006467,95
2024-09-18 11:26:49.808000,416.84578993257566,996
2024-09-18 11:26:49.888000,416.8387891454359,999
2024-09-18 11:26:49.894000,416.80574647614446,13
2024-09-18 11:26:49.966000,416.81740977921794,103
2024-09-18 11:26:49.981000,416.849019641974,104
2024-09-18 11:26:49.984000,416.8197631835527,1003
2024-09-18 11:26:50.009000,416.8792708012133,98
2024-09-18 11:26:50.171000,416.8717400509537,101
2024-09-18 11:26:50.190000,416.89243266182393,997
2024-09-18 11:26:50.272000,416.8878003586317,997
2024-09-18 11:26:50.341000,416.84294287641006,15
2024-09-18 11:26:50.558000,416.84950570151295,96
2024-09-18 11:26:50.626000,416.8153014709703,104
2024-09-18 11:26:50.703000,416.867540171325,101
2024-09-18 11:26:50.722000,416.891647707006,1002
2024-09-18 11:26:50.826000,416.8762792791711,100
2024-09-18 11:26:50.932000,416.8705877129048,101
2024-09-18 11:26:50.966000,416.8888824800192,1002
2024-09-18 11:26:50.967000,416.8820017566293,998
2024-09-18 11:26:51.033000,416.8908779311464,98
2024-09-18 11:26:51.048000,416.9286215592196,1001
2024-09-18 11:26:51.153000,416.96333816127606,1004
2024-09-18 11:26:51.166000,416.9222680238841,996
2024-09-18 11:26:51.226000,416.918873783618,1005
2024-09-18 11:26:51.309000,416.92623970185184,15
2024-09-18 11:26:51.315000,416.9001745140032,1003
2024-09-18 11:26:51.321000,416.9022334310621,995
2024-09-18 11:26:51.324000,416.9649613233809,12
2024-09-18 11:26:51.333000,416.92515664247145,1004
2024-09-18 11:26:51.395000,416.9168198536115,14
2024-09-18 11:26:51.427000,416.8945297789381,1001
2024-09-18 11:26:51.539000,416.8938965000559,14
2024-09-18 11:26:51.604000,416.9504373018461,995
2024-09-18 11:26:51.604000,416.9647823513432,15
2024-09-18 11:26:51.641000,416.9506324721106,99
2024-09-18 11:26:51.643000,416.9848257474851,99
2024-09-18 11:26:51.651000,416.9379031733666,5
2024-09-18 11:26:51.782000,416.9568136294534,102
2024-09-18 11:26:51.835000,416.9762078374058,999
2024-09-18 11:26:51.888000,416.95385730301103,105
2024-09-18 11:26:51.898000,416.9774026849519,104
2024-09-18 11:26:51.901000,416.9725770023835,100
2024-09-18 11:26:51.939000,416.92151151215455,995
2024-09-18 11:26:52.248000,416.9865035438116,1000
2024-09-18 11:26:52.334000,416.98971730336007,1005
2024-09-18 11:26:52.344000,416.95134520920266,997
2024-09-18 11:26:52.398000,416.97066254794254,1002
2024-09-18 11:26:52.456000,416.9569935003494,995
2024-09-18 11:26:52.486000,416.98691095061486,1001
2024-09-18 11:26:52.570000,416.96079035105686,95
2024-09-18 11:26:52.748000,416.9746080244034,101
2024-09-18 11:26:52.850000,416.9844973957386,5
2024-09-18 11:26:52.990000,416.9716521333231,96
2024-09-18 11:26:53.059000,416.9893724757819,9
2024-09-18 11:26:53.061000,416.9818051465869,13
2024-09-18 11:26:53.140000,416.9905753477488,104
2024-09-18 11:26:53.179000,416.9786409107597,996
2024-09-18 11:26:53.184000,416.96175829086906,996
2024-09-18 11:26:53.189000,416.9682749859014,14
2024-09-18 11:26:53.390000,416.9664451390358,7
2024-09-18 11:26:53.435000,416.98339761818426,1004
2024-09-18 11:26:53.465000,416.975301012067,104
2024-09-18 11:26:53.492000,416.9757091891309,8
2024-09-18 11:26:53.719000,416.9843280581417,97
2024-09-18 11:26:53.772000,416.9836863347375,105
2024-09-18 11:26:53.844000,416.9834604210126,102
2024-09-18 11:26:53.850000,416.97668949621215,105
2024-09-18 11:26:53.859000,416.9756521412232,96
2024-09-18 11:26:53.929000,416.97239349086885,6
2024-09-18 11:26:53.943000,416.9649172635568,6
2024-09-18 11:26:53.960000,416.9735478399804,95
2024-09-18 11:26:54.047000,416.9301082059665,5
2024-09-18 11:26:54.048000,416.9495714391215,101
2024-09-18 11:26:54.049000,416.9486046096827,1003
2024-09-18 11:26:54.152000,416.91392258441874,1004
2024-09-18 11:26:54.158000,416.9138730190327,105
2024-09-18 11:26:54.202000,416.9540152840647,10
2024-09-18 11:26:54.246000,416.94959041135536,15
2024-09-18 11:26:54.277000,416.9273886404624,13
2024-09-18 11:26:54.291000,416.94652432919634,996
2024-09-18 11:26:54.299000,416.92001747615694,1002
2024-09-18 11:26:54.307000,416.93868772938345,98
2024-09-18 11:26:54.392000,416.9277465999497,13
2024-09-18 11:26:54.423000,416.95671981652737,7
2024-09-18 11:26:54.432000,416.9468440831348,96
2024-09-18 11:26:54.452000,416.9191623226503,15
2024-09-18 11:26:54.472000,416.9403912543252,6
2024-09-18 11:26:54.527000,416.9093414203973,8
2024-09-18 11:26:54.579000,416.9088392011621,999
2024-09-18 11:26:54.612000,416.9580661888028,13
2024-09-18 11:26:54.645000,416.93939031937737,15
2024-09-18 11:26:54.719000,416.949530354966,100
2024-09-18 11:26:54.790000,416.91984370332887,101
2024-09-18 11:26:54.799000,416.91152288705104,998
2024-09-18 11:26:54.868000,416.93796819344135,5
2024-09-18 11:26:55.125000,416.970688622454,1000
2024-09-18 11:26:55.565000,416.97950225588494,7
2024-09-18 11:26:55.654000,416.9439056084781,5
2024-09-18 11:26:55.662000,416.9587008737243,1001
2024-09-18 11:26:55.671000,416.9730186160361,105
2024-09-18 11:26:55.672000,416.96532697070114,8
2024-09-18 11:26:55.793000,416.9305865902892,10
2024-09-18 11:26:55.815000,416.95367398392585,996
2024-09-18 11:26:55.899000,416.9571440526836,7
2024-09-18 11:26:55.920000,416.9743431390368,1004
2024-09-18 11:26:55.948000,416.9412919825993,15
2024-09-18 11:26:56.119000,416.9934912573836,13
2024-09-18 11:26:56.173000,416.9871473360093,96
2024-09-18 11:26:56.175000,416.98137759926857,997
2024-09-18 11:26:56.358000,416.98099626538254,102
2024-09-18 11:26:56.769000,416.97602029774606,1003
2024-09-18 11:26:57.148000,416.96440772708655,104
2024-09-18 11:26:57.159000,416.9554254615086,7
2024-09-18 11:26:57.794000,416.97111863617846,1003
2024-09-18 11:26:57.960000,416.9692988509307,10
2024-09-18 11:26:58.969000,416.9695387900123,995
2024-09-18 11:26:59.023000,416.9327644056895,15
2024-09-18 11:26:59.069000,416.9394132134129,5
2024-09-18 11:26:59.096000,416.9497803954994,5
2024-09-18 11:26:59.105000,416.9489096476634,105
2024-09-18 11:26:59.122000,416.9771069457551,105
2024-09-18 11:26:59.323000,416.9465550122541,996
2024-09-18 11:26:59.417000,416.9377872103728,1000
2024-09-18 11:26:59.523000,416.9451008302754,6
2024-09-18 11:26:59.682000,416.9600075312224,11
2024-09-18 11:26:59.703000,416.9311694102381,10
2024-09-18 11:26:59.714000,416.9374675416593,10
2024-09-18 11:26:59.726000,416.9484333729077,996
2024-09-18 11:26:59.799000,416.9375478252062,12
2024-09-18 11:26:59.863000,416.9417777986563,101
2024-09-18 11:26:59.864000,416.9292563094186,1003
2024-09-18 11:26:59.868000,416.9349571487204,995
