Timestamp,Price,Size
2024-09-20 14:27:00.083000,430.4453387276739,102
2024-09-20 14:27:00.132000,430.46225655384194,999
2024-09-20 14:27:00.180000,430.4874218871613,12
2024-09-20 14:27:00.394000,430.4773478293442,1003
2024-09-20 14:27:00.397000,430.4823568371496,13
2024-09-20 14:27:00.440000,430.4838484655923,1001
2024-09-20 14:27:00.457000,430.4445938227191,1005
2024-09-20 14:27:00.511000,430.4925855019967,105
2024-09-20 14:27:00.815000,430.4491749065451,103
2024-09-20 14:27:01.084000,430.4748830212221,100
2024-09-20 14:27:01.098000,430.51262223370185,999
2024-09-20 14:27:01.245000,430.4273302120896,9
2024-09-20 14:27:01.323000,430.460752443743,1002
2024-09-20 14:27:01.516000,430.4511710164557,12
2024-09-20 14:27:01.590000,430.4622933848556,15
2024-09-20 14:27:01.610000,430.4690105755159,8
2024-09-20 14:27:01.750000,430.480681500228,10
2024-09-20 14:27:01.781000,430.5133642171321,5
2024-09-20 14:27:01.823000,430.4466529492837,996
2024-09-20 14:27:01.991000,430.4125316060263,102
2024-09-20 14:27:02.063000,430.61345675478,999
2024-09-20 14:27:02.117000,430.517595126814,1003
2024-09-20 14:27:02.261000,430.6197148270644,14
2024-09-20 14:27:02.271000,430.5225577298771,97
2024-09-20 14:27:02.273000,430.6118715646828,12
2024-09-20 14:27:02.343000,430.59926818961856,5
2024-09-20 14:27:02.345000,430.62034009346746,10
2024-09-20 14:27:02.351000,430.550497874884,98
2024-09-20 14:27:02.430000,430.5500447746196,9
2024-09-20 14:27:02.465000,430.5621948237881,8
2024-09-20 14:27:02.535000,430.62381403515536,105
2024-09-20 14:27:02.537000,430.5538274797928,1003
2024-09-20 14:27:02.548000,430.56035984966695,1003
2024-09-20 14:27:02.573000,430.5797275396332,101
2024-09-20 14:27:02.573000,430.5434484269821,1003
2024-09-20 14:27:02.610000,430.6193314187057,5
2024-09-20 14:27:02.613000,430.5494253287085,105
2024-09-20 14:27:02.629000,430.5450640225563,95
2024-09-20 14:27:02.648000,430.6515154716053,1001
2024-09-20 14:27:02.669000,430.6166911164923,1002
2024-09-20 14:27:02.693000,430.5962593744663,1000
2024-09-20 14:27:02.725000,430.5183149170429,8
2024-09-20 14:27:02.773000,430.5973722684092,1000
2024-09-20 14:27:02.927000,430.5792603751666,10
2024-09-20 14:27:02.936000,430.56218414534857,14
2024-09-20 14:27:02.965000,430.6311497456969,103
2024-09-20 14:27:02.989000,430.5474521648658,15
2024-09-20 14:27:03.242000,430.633603771974,995
2024-09-20 14:27:03.258000,430.6289207444891,1005
2024-09-20 14:27:03.298000,430.6300344429542,1005
2024-09-20 14:27:03.597000,430.6298964032569,100
2024-09-20 14:27:03.701000,430.628810562216,8
2024-09-20 14:27:04.037000,430.6234094624313,105
2024-09-20 14:27:04.080000,430.6249926900661,15
2024-09-20 14:27:04.251000,430.6297028333618,10
2024-09-20 14:27:04.259000,430.6211713595736,97
2024-09-20 14:27:04.268000,430.6146029673925,12
2024-09-20 14:27:04.289000,430.6197024629286,8
2024-09-20 14:27:04.360000,430.6174448511868,99
2024-09-20 14:27:04.428000,430.60983427697664,100
2024-09-20 14:27:04.447000,430.6235459458055,6
2024-09-20 14:27:04.483000,430.6310109284898,998
2024-09-20 14:27:04.492000,430.6263434003933,98
2024-09-20 14:27:04.535000,430.6269900504225,103
2024-09-20 14:27:04.560000,430.6041492577439,1002
2024-09-20 14:27:04.567000,430.6091687463109,1005
2024-09-20 14:27:04.588000,430.6237307685688,11
2024-09-20 14:27:04.617000,430.6024139903094,995
2024-09-20 14:27:04.666000,430.6213916073347,15
2024-09-20 14:27:04.677000,430.64191114467,100
2024-09-20 14:27:04.708000,430.6058676305647,1005
2024-09-20 14:27:04.757000,430.6016523330284,996
2024-09-20 14:27:04.782000,430.6168560319129,15
2024-09-20 14:27:04.800000,430.61005717426536,1001
2024-09-20 14:27:04.837000,430.6415232804202,1003
2024-09-20 14:27:04.924000,430.6234677516068,5
2024-09-20 14:27:04.936000,430.6054372294656,5
2024-09-20 14:27:04.982000,430.6124187605175,997
2024-09-20 14:27:05.010000,430.57953871549086,1001
2024-09-20 14:27:05.015000,430.6281042164042,13
2024-09-20 14:27:05.027000,430.61707237161374,1002
2024-09-20 14:27:05.124000,430.61105817128487,98
2024-09-20 14:27:05.126000,430.6095542589764,14
2024-09-20 14:27:05.133000,430.6202291115651,6
2024-09-20 14:27:05.249000,430.6126053419183,11
2024-09-20 14:27:05.282000,430.5905775908892,9
2024-09-20 14:27:05.315000,430.5980949154024,101
2024-09-20 14:27:05.427000,430.60073949000815,15
2024-09-20 14:27:05.470000,430.6191686936763,8
2024-09-20 14:27:05.568000,430.604806803008,100
2024-09-20 14:27:05.592000,430.6169220114775,1005
2024-09-20 14:27:05.675000,430.6240403413613,998
2024-09-20 14:27:05.792000,430.5941065207063,98
2024-09-20 14:27:05.812000,430.5846484855259,100
2024-09-20 14:27:05.826000,430.59130534957546,104
2024-09-20 14:27:05.846000,430.6019531031691,8
2024-09-20 14:27:05.862000,430.60349145087,101
2024-09-20 14:27:05.930000,430.6221206092893,1003
2024-09-20 14:27:05.976000,430.6282337182589,1001
2024-09-20 14:27:05.981000,430.5925625405095,14
2024-09-20 14:27:06.176000,430.5547935053254,9
2024-09-20 14:27:06.217000,430.55934217743146,103
2024-09-20 14:27:06.419000,430.531740821893,97
2024-09-20 14:27:06.423000,430.5777355542248,1001
2024-09-20 14:27:06.443000,430.5441901964017,1002
2024-09-20 14:27:06.630000,430.5261845618296,9
2024-09-20 14:27:06.812000,430.5964956423291,101
2024-09-20 14:27:07.131000,430.5463061086381,8
2024-09-20 14:27:07.153000,430.56416858735975,11
2024-09-20 14:27:07.172000,430.5488847261113,101
2024-09-20 14:27:07.177000,430.5627088856894,12
2024-09-20 14:27:07.191000,430.5286315753406,1001
2024-09-20 14:27:07.218000,430.57013334116704,997
2024-09-20 14:27:07.295000,430.57087452178286,10
2024-09-20 14:27:07.334000,430.5426602945325,98
2024-09-20 14:27:07.350000,430.5416801177864,95
2024-09-20 14:27:07.354000,430.5455289616274,1004
2024-09-20 14:27:07.392000,430.6078289721786,999
2024-09-20 14:27:07.442000,430.57693459814544,7
2024-09-20 14:27:07.454000,430.5312604212658,7
2024-09-20 14:27:07.455000,430.5741987340151,9
2024-09-20 14:27:07.537000,430.5295667614258,8
2024-09-20 14:27:07.568000,430.582276119595,14
2024-09-20 14:27:07.622000,430.57158858595216,97
2024-09-20 14:27:07.650000,430.5683503733365,997
2024-09-20 14:27:07.699000,430.5416575692069,6
2024-09-20 14:27:07.701000,430.5470385616812,103
2024-09-20 14:27:07.740000,430.5574363542091,95
2024-09-20 14:27:07.749000,430.6040794386346,6
2024-09-20 14:27:07.754000,430.5452905274249,10
2024-09-20 14:27:07.943000,430.5455359872519,995
2024-09-20 14:27:07.955000,430.56269803647854,103
2024-09-20 14:27:08.002000,430.6583247943578,5
2024-09-20 14:27:08.022000,430.6081026878584,5
2024-09-20 14:27:08.101000,430.63235672684414,15
2024-09-20 14:27:08.151000,430.620119456596,998
2024-09-20 14:27:08.191000,430.5917976067406,9
2024-09-20 14:27:08.229000,430.5884863655591,100
2024-09-20 14:27:08.239000,430.6521868863916,1003
2024-09-20 14:27:08.347000,430.6019498455406,995
2024-09-20 14:27:08.385000,430.5764400858308,96
2024-09-20 14:27:08.497000,430.5926474019443,1003
2024-09-20 14:27:08.529000,430.5881432221968,102
2024-09-20 14:27:08.582000,430.5813170463218,1001
2024-09-20 14:27:08.605000,430.6618384170629,1004
2024-09-20 14:27:08.653000,430.6116122439024,1001
2024-09-20 14:27:08.654000,430.6403963915504,1004
2024-09-20 14:27:08.659000,430.63004033070285,7
2024-09-20 14:27:08.738000,430.60094306887055,15
2024-09-20 14:27:08.898000,430.6568497070531,999
2024-09-20 14:27:08.939000,430.650156245328,1001
2024-09-20 14:27:08.992000,430.6413114046893,98
2024-09-20 14:27:09.001000,430.6581673179587,11
2024-09-20 14:27:09.173000,430.65611862011696,14
2024-09-20 14:27:09.181000,430.6662469501901,15
2024-09-20 14:27:09.494000,430.6551091842608,11
2024-09-20 14:27:09.566000,430.6445066005922,998
2024-09-20 14:27:09.578000,430.65764741177486,100
2024-09-20 14:27:09.642000,430.66762296525457,998
2024-09-20 14:27:09.780000,430.65181351599495,1002
2024-09-20 14:27:09.999000,430.65456499695154,11
2024-09-20 14:27:10.020000,430.64338115756135,13
2024-09-20 14:27:10.050000,430.68937928760585,104
2024-09-20 14:27:10.208000,430.62862478395766,997
2024-09-20 14:27:10.247000,430.66054610582296,1000
2024-09-20 14:27:10.267000,430.6630988910993,96
2024-09-20 14:27:10.373000,430.6343143687981,97
2024-09-20 14:27:10.376000,430.6616432835867,6
2024-09-20 14:27:10.490000,430.65674347944565,14
2024-09-20 14:27:10.533000,430.6675709693386,97
2024-09-20 14:27:10.587000,430.6645824472484,999
2024-09-20 14:27:10.699000,430.6782342384887,5
2024-09-20 14:27:10.933000,430.65578324496863,15
2024-09-20 14:27:10.948000,430.6259672165776,95
2024-09-20 14:27:11.002000,430.6194183256561,1005
2024-09-20 14:27:11.133000,430.6059728890558,995
2024-09-20 14:27:11.149000,430.6421342549707,98
2024-09-20 14:27:11.178000,430.6508713010911,9
2024-09-20 14:27:11.217000,430.6277299657025,95
2024-09-20 14:27:11.223000,430.6083135130318,100
2024-09-20 14:27:11.229000,430.653924139058,9
2024-09-20 14:27:11.246000,430.632227431699,995
2024-09-20 14:27:11.262000,430.6412765248334,1004
2024-09-20 14:27:11.374000,430.6453189770724,1003
2024-09-20 14:27:11.388000,430.6449577236714,5
2024-09-20 14:27:11.397000,430.63740363388337,8
2024-09-20 14:27:11.455000,430.6574669459482,99
2024-09-20 14:27:11.490000,430.62283699986,98
2024-09-20 14:27:11.513000,430.5970676370576,1001
2024-09-20 14:27:11.543000,430.6373558908461,12
2024-09-20 14:27:11.562000,430.6473926185429,11
2024-09-20 14:27:11.589000,430.6325897192417,7
2024-09-20 14:27:11.604000,430.6609436210068,998
2024-09-20 14:27:11.618000,430.6382680684521,8
2024-09-20 14:27:11.749000,430.6580405003685,8
2024-09-20 14:27:11.804000,430.6393453296234,102
2024-09-20 14:27:11.839000,430.6223171072528,5
2024-09-20 14:27:11.906000,430.6302168679769,105
2024-09-20 14:27:12.191000,430.64889148524696,995
2024-09-20 14:27:12.347000,430.65800440510907,1003
2024-09-20 14:27:12.434000,430.6711300876578,996
2024-09-20 14:27:12.445000,430.6064310329936,96
2024-09-20 14:27:12.589000,430.6217379928,7
2024-09-20 14:27:12.643000,430.6392873714766,104
2024-09-20 14:27:12.666000,430.6608022382841,1000
2024-09-20 14:27:12.797000,430.6303238526383,103
2024-09-20 14:27:12.805000,430.6802962580328,1003
2024-09-20 14:27:12.932000,430.6599108883698,98
2024-09-20 14:27:12.962000,430.6552517964445,1000
2024-09-20 14:27:13.037000,430.6472208898333,10
2024-09-20 14:27:13.090000,430.6554303068079,105
2024-09-20 14:27:13.121000,430.6085042943277,9
2024-09-20 14:27:13.136000,430.65145610884286,10
2024-09-20 14:27:13.142000,430.6449700135926,99
2024-09-20 14:27:13.183000,430.60029441874775,996
2024-09-20 14:27:13.295000,430.6337291694876,96
2024-09-20 14:27:13.329000,430.611205272552,100
2024-09-20 14:27:13.435000,430.6408613207378,997
2024-09-20 14:27:13.482000,430.6261043317325,103
2024-09-20 14:27:13.484000,430.6364834534153,100
2024-09-20 14:27:13.529000,430.6276830673393,1002
2024-09-20 14:27:13.572000,430.6184890018749,1003
2024-09-20 14:27:13.639000,430.6404700790971,12
2024-09-20 14:27:13.692000,430.6564431905211,100
2024-09-20 14:27:13.760000,430.5906629969057,96
2024-09-20 14:27:13.764000,430.5971465317015,103
2024-09-20 14:27:13.785000,430.6094349022455,10
2024-09-20 14:27:13.818000,430.6263035058694,1004
2024-09-20 14:27:13.848000,430.61258541044754,998
2024-09-20 14:27:13.901000,430.611189293975,8
2024-09-20 14:27:13.921000,430.6156431331134,103
2024-09-20 14:27:13.945000,430.623131705876,999
2024-09-20 14:27:13.993000,430.6040444157254,13
2024-09-20 14:27:14.014000,430.68118049308407,995
2024-09-20 14:27:14.021000,430.6986261705002,104
2024-09-20 14:27:14.204000,430.6992563838347,9
2024-09-20 14:27:14.213000,430.6965026649062,13
2024-09-20 14:27:14.236000,430.6999445166112,95
2024-09-20 14:27:14.287000,430.6788425206021,10
2024-09-20 14:27:14.353000,430.6863281956336,102
2024-09-20 14:27:14.383000,430.6771511777794,102
2024-09-20 14:27:14.514000,430.721495711046,95
2024-09-20 14:27:14.599000,430.689224986189,96
2024-09-20 14:27:14.602000,430.6931624351374,998
2024-09-20 14:27:14.623000,430.7202951928039,104
2024-09-20 14:27:14.630000,430.72285941503264,1005
2024-09-20 14:27:14.728000,430.70170141900286,95
2024-09-20 14:27:14.762000,430.7147306404707,97
2024-09-20 14:27:14.804000,430.7026603353532,95
2024-09-20 14:27:14.907000,430.6925399094055,11
2024-09-20 14:27:14.908000,430.6458258911505,11
2024-09-20 14:27:14.942000,430.7005204427595,104
2024-09-20 14:27:14.969000,430.62924701799295,99
2024-09-20 14:27:14.984000,430.7095235349684,997
2024-09-20 14:27:15.162000,430.68798690864,6
2024-09-20 14:27:15.226000,430.6891447225007,98
2024-09-20 14:27:15.243000,430.70278780205473,98
2024-09-20 14:27:15.402000,430.6894099046811,1002
2024-09-20 14:27:15.515000,430.7056089855448,12
2024-09-20 14:27:15.527000,430.7253278173487,97
2024-09-20 14:27:15.620000,430.694470057119,9
2024-09-20 14:27:15.662000,430.6875332034622,10
2024-09-20 14:27:15.919000,430.7317838758578,102
2024-09-20 14:27:15.999000,430.6818640806225,101
2024-09-20 14:27:16.106000,430.739178370472,1003
2024-09-20 14:27:16.152000,430.7143690269249,13
2024-09-20 14:27:16.211000,430.7310109221942,103
2024-09-20 14:27:16.391000,430.7203203774331,97
2024-09-20 14:27:16.505000,430.74003507642936,102
2024-09-20 14:27:16.789000,430.7157975284875,100
2024-09-20 14:27:17.074000,430.7030987506138,11
2024-09-20 14:27:17.091000,430.6701497874048,12
2024-09-20 14:27:17.120000,430.6789625284649,99
2024-09-20 14:27:17.149000,430.67603065574326,13
2024-09-20 14:27:17.197000,430.6933783673336,99
2024-09-20 14:27:17.303000,430.7076235840297,5
2024-09-20 14:27:17.327000,430.67126321683713,8
2024-09-20 14:27:17.354000,430.65889536937726,97
2024-09-20 14:27:17.402000,430.7058382180968,1005
2024-09-20 14:27:17.440000,430.6986606246271,1001
2024-09-20 14:27:17.525000,430.6633133312116,7
2024-09-20 14:27:17.554000,430.67668555796274,96
2024-09-20 14:27:17.582000,430.6467859141957,95
2024-09-20 14:27:17.584000,430.64288637560287,98
2024-09-20 14:27:17.611000,430.6461174179569,8
2024-09-20 14:27:17.629000,430.6749352502444,101
2024-09-20 14:27:17.639000,430.6556128122879,11
2024-09-20 14:27:17.700000,430.6590019769465,8
2024-09-20 14:27:17.718000,430.7067698805312,999
2024-09-20 14:27:17.749000,430.667068405099,15
2024-09-20 14:27:17.862000,430.6565626364856,1004
2024-09-20 14:27:17.877000,430.6693892973648,100
2024-09-20 14:27:18.053000,430.63680403216927,96
2024-09-20 14:27:18.158000,430.6626759833563,1000
2024-09-20 14:27:18.250000,430.6172340544937,103
2024-09-20 14:27:18.265000,430.6611598318818,95
2024-09-20 14:27:18.338000,430.6213907646074,10
2024-09-20 14:27:18.364000,430.62813928778746,1000
2024-09-20 14:27:18.418000,430.6417675821641,1003
2024-09-20 14:27:18.444000,430.6465089483639,105
2024-09-20 14:27:18.445000,430.63643898097376,97
2024-09-20 14:27:18.673000,430.6479714048309,6
2024-09-20 14:27:18.775000,430.63275872379,1004
2024-09-20 14:27:18.873000,430.6662493796418,5
2024-09-20 14:27:19.001000,430.644308913481,1005
2024-09-20 14:27:19.081000,430.6531395737504,998
2024-09-20 14:27:19.089000,430.6048891317061,5
2024-09-20 14:27:19.090000,430.63881472659045,6
2024-09-20 14:27:19.156000,430.63480303331386,7
2024-09-20 14:27:19.166000,430.6238157358124,1000
2024-09-20 14:27:19.217000,430.634273586254,1004
2024-09-20 14:27:19.257000,430.6465380732113,96
2024-09-20 14:27:19.331000,430.6353468146528,103
2024-09-20 14:27:19.333000,430.6161475002861,7
2024-09-20 14:27:19.355000,430.5976896072609,7
2024-09-20 14:27:19.411000,430.66449668423456,5
2024-09-20 14:27:19.429000,430.6394220113855,101
2024-09-20 14:27:19.460000,430.6606279539324,1002
2024-09-20 14:27:19.520000,430.6423198915777,95
2024-09-20 14:27:19.528000,430.6308637429514,96
2024-09-20 14:27:19.557000,430.6057344760027,103
2024-09-20 14:27:19.559000,430.6131704571608,5
2024-09-20 14:27:19.567000,430.6291508032382,996
2024-09-20 14:27:19.647000,430.6388582765674,98
2024-09-20 14:27:19.725000,430.6571556852967,15
2024-09-20 14:27:19.790000,430.6165792438585,101
2024-09-20 14:27:19.827000,430.6003587919482,1000
2024-09-20 14:27:19.844000,430.6295016138728,5
2024-09-20 14:27:19.848000,430.6285146192025,1003
2024-09-20 14:27:19.924000,430.608272166262,8
2024-09-20 14:27:19.941000,430.58754684608704,104
2024-09-20 14:27:20.959000,430.637083222587,1000
2024-09-20 14:27:21.388000,430.6211628764176,1002
2024-09-20 14:27:21.717000,430.63542058537865,7
2024-09-20 14:27:22.012000,430.629257754554,1001
2024-09-20 14:27:22.103000,430.63400721466144,105
2024-09-20 14:27:22.105000,430.6502427629775,5
2024-09-20 14:27:22.216000,430.6818364446029,100
2024-09-20 14:27:22.275000,430.6875277662785,1002
2024-09-20 14:27:22.340000,430.670855386551,99
2024-09-20 14:27:22.377000,430.6470507660535,103
2024-09-20 14:27:22.382000,430.6303377222713,95
2024-09-20 14:27:22.580000,430.6852469860991,99
2024-09-20 14:27:22.622000,430.6946422833583,1005
2024-09-20 14:27:22.637000,430.6821929683079,15
2024-09-20 14:27:22.692000,430.6647939531698,96
2024-09-20 14:27:22.698000,430.6824191909873,14
2024-09-20 14:27:22.713000,430.6929604892646,13
2024-09-20 14:27:22.765000,430.68177518881606,1001
2024-09-20 14:27:22.791000,430.6196488322544,997
2024-09-20 14:27:22.823000,430.6747175315356,13
2024-09-20 14:27:22.832000,430.6871756107481,1001
2024-09-20 14:27:22.838000,430.6799513695947,1000
2024-09-20 14:27:22.872000,430.6674359355623,101
2024-09-20 14:27:22.896000,430.6317511152968,10
2024-09-20 14:27:22.913000,430.6962167992076,1004
2024-09-20 14:27:22.989000,430.6891510116437,7
2024-09-20 14:27:23.018000,430.6373378828951,9
2024-09-20 14:27:23.019000,430.6609769934864,1001
2024-09-20 14:27:23.137000,430.64933548878224,995
2024-09-20 14:27:23.170000,430.638825940521,12
2024-09-20 14:27:23.186000,430.6497624462227,1003
2024-09-20 14:27:23.232000,430.64414785200586,1004
2024-09-20 14:27:23.253000,430.64044116615,1004
2024-09-20 14:27:23.315000,430.6711139090136,100
2024-09-20 14:27:23.316000,430.63031560134976,15
2024-09-20 14:27:23.331000,430.6411030742718,995
2024-09-20 14:27:23.381000,430.6369276957173,12
2024-09-20 14:27:23.382000,430.6233744986888,95
2024-09-20 14:27:23.508000,430.6660939856719,1005
2024-09-20 14:27:23.508000,430.6248296038952,1004
2024-09-20 14:27:23.556000,430.6377175242213,103
2024-09-20 14:27:23.700000,430.6521540462354,1002
2024-09-20 14:27:23.706000,430.6355654100286,97
2024-09-20 14:27:23.718000,430.6270271336061,8
2024-09-20 14:27:23.813000,430.6557555585004,1003
2024-09-20 14:27:23.830000,430.6767221575622,7
2024-09-20 14:27:23.839000,430.6504375202292,1004
2024-09-20 14:27:23.900000,430.6757611086328,1001
2024-09-20 14:27:23.915000,430.6787896431345,96
2024-09-20 14:27:23.986000,430.6609057588993,95
2024-09-20 14:27:25.081000,430.616606756856,14
2024-09-20 14:27:25.122000,430.6283102339325,997
2024-09-20 14:27:25.123000,430.6020664167151,1002
2024-09-20 14:27:25.126000,430.6208624998358,14
2024-09-20 14:27:25.149000,430.6182856051437,995
2024-09-20 14:27:25.263000,430.6202922906936,996
2024-09-20 14:27:25.277000,430.637895173054,5
2024-09-20 14:27:25.338000,430.59573840716615,98
2024-09-20 14:27:25.456000,430.62531473956994,102
2024-09-20 14:27:25.531000,430.6277999290277,101
2024-09-20 14:27:25.535000,430.6169580956307,999
2024-09-20 14:27:25.570000,430.6071526039326,1005
2024-09-20 14:27:25.597000,430.6238231680932,99
2024-09-20 14:27:25.612000,430.59189225531713,998
2024-09-20 14:27:25.635000,430.6348227833548,15
2024-09-20 14:27:25.675000,430.60096193787774,12
2024-09-20 14:27:25.680000,430.6347628793363,12
2024-09-20 14:27:25.701000,430.63479265093866,12
2024-09-20 14:27:25.745000,430.61045324584967,7
2024-09-20 14:27:25.771000,430.6294487286376,998
2024-09-20 14:27:25.808000,430.5842720081034,7
2024-09-20 14:27:25.810000,430.60486295379695,14
2024-09-20 14:27:25.817000,430.6011566711905,995
2024-09-20 14:27:25.837000,430.6335794003205,7
2024-09-20 14:27:25.885000,430.6349060031786,996
2024-09-20 14:27:25.890000,430.61179838518,1000
2024-09-20 14:27:25.980000,430.63551763439807,7
2024-09-20 14:27:26.026000,430.6292415795255,1001
2024-09-20 14:27:26.052000,430.6765401040913,15
2024-09-20 14:27:26.094000,430.6472791783676,99
2024-09-20 14:27:26.109000,430.6476899542765,998
2024-09-20 14:27:26.176000,430.6973561432257,998
2024-09-20 14:27:26.199000,430.64014975517927,11
2024-09-20 14:27:26.200000,430.6726545496649,999
2024-09-20 14:27:26.212000,430.652049785796,1002
2024-09-20 14:27:26.220000,430.6449379955377,10
2024-09-20 14:27:26.328000,430.6653452813981,103
2024-09-20 14:27:26.413000,430.6728109464312,13
2024-09-20 14:27:26.463000,430.6319720124504,95
2024-09-20 14:27:26.486000,430.6803658941666,14
2024-09-20 14:27:26.580000,430.6238227258175,15
2024-09-20 14:27:26.608000,430.6823845400825,103
2024-09-20 14:27:26.675000,430.6892056756398,999
2024-09-20 14:27:26.801000,430.6538727312803,96
2024-09-20 14:27:26.812000,430.66106880783536,105
2024-09-20 14:27:26.833000,430.6811670271218,1001
2024-09-20 14:27:26.838000,430.6679582293612,12
2024-09-20 14:27:26.866000,430.6883691838311,96
2024-09-20 14:27:26.887000,430.61379305316734,96
2024-09-20 14:27:27.010000,430.6629076769266,100
2024-09-20 14:27:27.171000,430.654688194287,8
2024-09-20 14:27:27.196000,430.6477281005187,12
2024-09-20 14:27:27.242000,430.6530251916339,8
2024-09-20 14:27:27.246000,430.6605521060218,97
2024-09-20 14:27:27.306000,430.6438212395368,7
2024-09-20 14:27:27.332000,430.6497172303016,104
2024-09-20 14:27:27.342000,430.66012666097936,14
2024-09-20 14:27:27.386000,430.6471507598583,1001
2024-09-20 14:27:27.452000,430.642383801662,104
2024-09-20 14:27:27.507000,430.66073765710513,1001
2024-09-20 14:27:27.514000,430.6749000051622,97
2024-09-20 14:27:27.733000,430.63883893742303,997
2024-09-20 14:27:27.734000,430.64049724698975,97
2024-09-20 14:27:27.742000,430.6459115160911,1000
2024-09-20 14:27:27.757000,430.6620360730911,1000
2024-09-20 14:27:27.783000,430.6620080247649,8
2024-09-20 14:27:27.790000,430.6416185831832,14
2024-09-20 14:27:27.842000,430.6627173943803,1001
2024-09-20 14:27:27.848000,430.67025554762193,105
2024-09-20 14:27:27.929000,430.65808123128375,999
2024-09-20 14:27:28.075000,430.6515809417994,1003
2024-09-20 14:27:28.331000,430.6646501927849,95
2024-09-20 14:27:28.538000,430.6663665503239,9
2024-09-20 14:27:28.633000,430.667012412117,98
2024-09-20 14:27:28.883000,430.6578395522417,1000
2024-09-20 14:27:30.008000,430.7075718495004,15
2024-09-20 14:27:30.022000,430.6724294712373,12
2024-09-20 14:27:30.025000,430.63462935951054,96
2024-09-20 14:27:30.051000,430.7185890240783,101
2024-09-20 14:27:30.076000,430.6580795003984,1005
2024-09-20 14:27:30.102000,430.7227219489553,1005
2024-09-20 14:27:30.169000,430.73927272486895,999
2024-09-20 14:27:30.209000,430.6885926737143,995
2024-09-20 14:27:30.281000,430.7103159954487,97
2024-09-20 14:27:30.286000,430.64239093564873,95
2024-09-20 14:27:30.344000,430.7086454390686,101
2024-09-20 14:27:30.438000,430.7441051916703,97
2024-09-20 14:27:30.444000,430.71415404918326,101
2024-09-20 14:27:30.532000,430.6651363359079,11
2024-09-20 14:27:30.557000,430.6414691554267,1001
2024-09-20 14:27:30.645000,430.7287138677751,1002
2024-09-20 14:27:30.795000,430.6927718620869,102
2024-09-20 14:27:30.825000,430.64571341402535,102
2024-09-20 14:27:30.840000,430.6417845601309,1001
2024-09-20 14:27:30.873000,430.7166837052465,103
2024-09-20 14:27:30.894000,430.6586440106756,997
2024-09-20 14:27:30.920000,430.74016290425874,11
2024-09-20 14:27:30.980000,430.6382160224479,9
2024-09-20 14:27:31.023000,430.753410305698,13
2024-09-20 14:27:32.062000,430.7359426270818,103
2024-09-20 14:27:32.224000,430.7307366705312,100
2024-09-20 14:27:32.379000,430.7511739641536,1005
2024-09-20 14:27:32.506000,430.733290059756,105
2024-09-20 14:27:32.662000,430.7586004018402,98
2024-09-20 14:27:32.706000,430.7558786345345,1001
2024-09-20 14:27:32.842000,430.7398850380043,97
2024-09-20 14:27:32.866000,430.73145344163584,12
2024-09-20 14:27:32.925000,430.7336141563815,1001
2024-09-20 14:27:33.010000,430.8037960994603,996
2024-09-20 14:27:33.252000,430.8271379938871,998
2024-09-20 14:27:33.288000,430.7881409305437,105
2024-09-20 14:27:33.489000,430.8263818698417,98
2024-09-20 14:27:33.495000,430.7456568659052,13
2024-09-20 14:27:33.690000,430.8027840517538,11
2024-09-20 14:27:33.700000,430.8033233241823,98
2024-09-20 14:27:33.763000,430.8200670894213,105
2024-09-20 14:27:33.837000,430.7982612286064,97
2024-09-20 14:27:33.996000,430.78517657731385,14
2024-09-20 14:27:33.998000,430.76007588368674,15
2024-09-20 14:27:34.112000,430.8240110191403,102
2024-09-20 14:27:34.154000,430.8205642105191,998
2024-09-20 14:27:34.800000,430.8063822998085,97
2024-09-20 14:27:34.870000,430.8098530922684,96
2024-09-20 14:27:35.118000,430.78911243354,1000
2024-09-20 14:27:35.277000,430.7949067995535,1000
2024-09-20 14:27:35.388000,430.7930569791282,1001
2024-09-20 14:27:35.434000,430.7587602803212,1002
2024-09-20 14:27:35.509000,430.8156242059152,1005
2024-09-20 14:27:35.550000,430.7788105178773,995
2024-09-20 14:27:35.649000,430.8209845918986,103
2024-09-20 14:27:35.929000,430.8041311090982,13
2024-09-20 14:27:36.013000,430.8021327421807,99
2024-09-20 14:27:36.175000,430.7892868260752,995
2024-09-20 14:27:36.249000,430.7987185958765,95
2024-09-20 14:27:36.335000,430.7957127593916,6
2024-09-20 14:27:36.431000,430.79206421502937,14
2024-09-20 14:27:36.451000,430.7919082283964,10
2024-09-20 14:27:36.599000,430.7719244034808,98
2024-09-20 14:27:36.674000,430.7508250134448,101
2024-09-20 14:27:36.891000,430.787322594557,97
2024-09-20 14:27:36.925000,430.7736981364817,97
2024-09-20 14:27:36.933000,430.7650008043078,96
2024-09-20 14:27:37.045000,430.7615925036237,8
2024-09-20 14:27:37.061000,430.7521153528256,7
2024-09-20 14:27:37.123000,430.760931800221,1003
2024-09-20 14:27:37.220000,430.7654783783778,11
2024-09-20 14:27:37.543000,430.7587002879943,998
2024-09-20 14:27:37.756000,430.7601758957797,8
2024-09-20 14:27:37.925000,430.7729783480736,99
2024-09-20 14:27:38.002000,430.8022567528584,5
2024-09-20 14:27:38.109000,430.7872190458708,6
2024-09-20 14:27:38.196000,430.7898207022572,15
2024-09-20 14:27:38.509000,430.7922145736416,98
2024-09-20 14:27:38.578000,430.8171319806642,97
2024-09-20 14:27:38.664000,430.7902116492928,1001
2024-09-20 14:27:38.713000,430.8148401708447,14
2024-09-20 14:27:38.717000,430.8084673251799,104
2024-09-20 14:27:38.722000,430.7930140304508,102
2024-09-20 14:27:39.121000,430.92620208339,15
2024-09-20 14:27:39.163000,430.7797436074687,8
2024-09-20 14:27:39.294000,430.8572975379023,13
2024-09-20 14:27:39.332000,430.8358471123145,104
2024-09-20 14:27:39.339000,430.7898768777719,5
2024-09-20 14:27:39.347000,430.7886929110804,105
2024-09-20 14:27:39.374000,430.9180495743948,95
2024-09-20 14:27:39.376000,430.919374647764,997
2024-09-20 14:27:39.390000,430.9012169602484,6
2024-09-20 14:27:39.412000,430.8197578648968,102
2024-09-20 14:27:39.444000,430.78516715030753,12
2024-09-20 14:27:39.462000,430.79335931090185,13
2024-09-20 14:27:39.469000,430.9219424015069,7
2024-09-20 14:27:39.507000,430.9223431853951,103
2024-09-20 14:27:39.524000,430.7883876157103,13
2024-09-20 14:27:39.584000,430.8905498781728,14
2024-09-20 14:27:39.597000,430.8874221270482,13
2024-09-20 14:27:39.603000,430.9115906544782,1003
2024-09-20 14:27:39.608000,430.7828565322572,96
2024-09-20 14:27:39.678000,430.8228308584905,97
2024-09-20 14:27:39.689000,430.90658197301,8
2024-09-20 14:27:39.704000,430.8732821491621,8
2024-09-20 14:27:39.717000,430.89448019084347,999
2024-09-20 14:27:39.725000,430.90842629651104,100
2024-09-20 14:27:39.749000,430.807807436337,10
2024-09-20 14:27:39.828000,430.890582970305,8
2024-09-20 14:27:39.861000,430.7893236255388,1000
2024-09-20 14:27:39.879000,430.91368315586254,101
2024-09-20 14:27:39.927000,430.7718186273702,5
2024-09-20 14:27:39.958000,430.916253823744,1005
2024-09-20 14:27:40.001000,430.95209912999576,1003
2024-09-20 14:27:40.050000,430.9279391699771,999
2024-09-20 14:27:40.229000,430.9180888550836,12
2024-09-20 14:27:40.320000,430.8991139416908,100
2024-09-20 14:27:40.395000,430.9148687916556,99
2024-09-20 14:27:40.423000,430.90921909830513,999
2024-09-20 14:27:40.474000,430.935246219374,8
2024-09-20 14:27:40.522000,430.94307880207214,102
2024-09-20 14:27:40.531000,430.9372655590344,9
2024-09-20 14:27:40.640000,430.94282038051296,996
2024-09-20 14:27:40.667000,430.9271132951014,995
2024-09-20 14:27:40.800000,430.94717433717847,97
2024-09-20 14:27:40.934000,430.912676169058,995
2024-09-20 14:27:41.111000,430.8848105568874,1002
2024-09-20 14:27:41.145000,430.8588410852846,5
2024-09-20 14:27:41.163000,430.8871708738943,10
2024-09-20 14:27:41.170000,430.8544226745426,996
2024-09-20 14:27:41.203000,430.88908438349193,10
2024-09-20 14:27:41.223000,430.8927957810414,1003
2024-09-20 14:27:41.225000,430.8696466315436,1001
2024-09-20 14:27:41.275000,430.9147505726327,95
2024-09-20 14:27:41.407000,430.8801865389459,12
2024-09-20 14:27:41.410000,430.9110719417041,100
2024-09-20 14:27:41.469000,430.8673799854018,100
2024-09-20 14:27:41.563000,430.8574328124411,100
2024-09-20 14:27:41.598000,430.9043075078365,1005
2024-09-20 14:27:41.605000,430.8888958591277,97
2024-09-20 14:27:41.729000,430.8744846382404,104
2024-09-20 14:27:41.801000,430.864638121576,96
2024-09-20 14:27:41.810000,430.8625516609341,11
2024-09-20 14:27:41.954000,430.8739920022716,6
2024-09-20 14:27:41.986000,430.89885229578056,1004
2024-09-20 14:27:42.097000,430.8639360513111,98
2024-09-20 14:27:42.126000,430.88690505462296,9
2024-09-20 14:27:42.168000,430.8702328747758,999
2024-09-20 14:27:42.179000,430.86627262334287,1002
2024-09-20 14:27:42.219000,430.910505738796,104
2024-09-20 14:27:42.359000,430.8693483049792,995
2024-09-20 14:27:42.514000,430.8760514606613,102
2024-09-20 14:27:42.543000,430.8977139861332,101
2024-09-20 14:27:42.593000,430.8687823102611,1004
2024-09-20 14:27:42.730000,430.86384978825225,997
2024-09-20 14:27:42.783000,430.8835323805523,100
2024-09-20 14:27:42.881000,430.88102379439886,5
2024-09-20 14:27:42.978000,430.8986447636515,1001
2024-09-20 14:27:43.111000,430.9231473332989,997
2024-09-20 14:27:43.228000,430.9041292827418,101
2024-09-20 14:27:43.240000,430.8999516679545,105
2024-09-20 14:27:43.264000,430.92312768874064,9
2024-09-20 14:27:43.369000,430.91762467378754,1000
2024-09-20 14:27:43.488000,430.9162742278605,1000
2024-09-20 14:27:43.694000,430.9029618311798,95
2024-09-20 14:27:44.043000,430.9265622830162,1001
2024-09-20 14:27:44.417000,430.9103840539331,997
2024-09-20 14:27:44.479000,430.9194944872767,997
2024-09-20 14:27:44.637000,430.9098351037567,95
2024-09-20 14:27:44.709000,430.9148739039017,100
2024-09-20 14:27:44.763000,430.9238885193426,1004
2024-09-20 14:27:44.810000,430.9167071060082,14
2024-09-20 14:27:44.852000,430.917115942766,13
2024-09-20 14:27:45.019000,430.9362888311222,5
2024-09-20 14:27:45.032000,430.9093961421843,96
2024-09-20 14:27:45.147000,430.89405640449024,12
2024-09-20 14:27:45.203000,430.88547004056846,100
2024-09-20 14:27:45.336000,430.9730527876853,97
2024-09-20 14:27:45.339000,430.88187463585473,95
2024-09-20 14:27:45.396000,430.98230281134266,104
2024-09-20 14:27:45.407000,430.9577321279637,102
2024-09-20 14:27:45.417000,430.891619249888,98
2024-09-20 14:27:45.432000,430.9778391800209,5
2024-09-20 14:27:45.457000,430.9938575060845,102
2024-09-20 14:27:45.491000,430.98767962518,13
2024-09-20 14:27:45.524000,430.9970519926768,1001
2024-09-20 14:27:45.526000,430.9337789647024,1004
2024-09-20 14:27:45.538000,430.9064300982465,97
2024-09-20 14:27:45.548000,430.912372966589,5
2024-09-20 14:27:45.548000,430.9152872855776,103
2024-09-20 14:27:45.561000,430.9866042551552,6
2024-09-20 14:27:45.602000,430.87251368519895,998
2024-09-20 14:27:45.625000,430.89481445738375,15
2024-09-20 14:27:45.627000,430.9783184712287,8
2024-09-20 14:27:45.646000,430.9105456203827,105
2024-09-20 14:27:45.705000,430.9712747686836,11
2024-09-20 14:27:45.720000,430.9798902052127,996
2024-09-20 14:27:45.812000,430.9086295306869,12
2024-09-20 14:27:45.867000,430.9786568004827,1002
2024-09-20 14:27:45.900000,430.8595992889216,11
2024-09-20 14:27:46.095000,430.9550189804997,999
2024-09-20 14:27:46.139000,431.1197298582891,7
2024-09-20 14:27:46.142000,430.9681727516015,1001
2024-09-20 14:27:46.291000,430.9596550608486,7
2024-09-20 14:27:46.345000,430.98502631549394,101
2024-09-20 14:27:46.346000,430.9484358934086,998
2024-09-20 14:27:46.355000,430.94733829366334,95
2024-09-20 14:27:46.369000,430.95984227232543,104
2024-09-20 14:27:46.380000,431.0938530163096,1002
2024-09-20 14:27:46.395000,431.12308263429446,11
2024-09-20 14:27:46.435000,431.1058632042257,5
2024-09-20 14:27:46.446000,431.0549683642282,5
2024-09-20 14:27:46.458000,431.0166005247568,1004
2024-09-20 14:27:46.489000,430.97154725368415,999
2024-09-20 14:27:46.497000,430.9489289169463,11
2024-09-20 14:27:46.511000,430.9748523545663,11
2024-09-20 14:27:46.527000,431.01926650686977,14
2024-09-20 14:27:46.536000,430.9906749815776,1002
2024-09-20 14:27:46.572000,430.9618802783679,102
2024-09-20 14:27:46.587000,431.1175606829111,1003
2024-09-20 14:27:46.591000,430.9520949005512,100
2024-09-20 14:27:46.677000,431.0915868463704,9
2024-09-20 14:27:46.701000,431.0250120416266,9
2024-09-20 14:27:46.709000,430.95437845570586,999
2024-09-20 14:27:46.773000,431.0613239675942,1001
2024-09-20 14:27:46.790000,430.9559297615258,96
2024-09-20 14:27:46.858000,431.1020656948695,104
2024-09-20 14:27:46.871000,431.1091696942244,996
2024-09-20 14:27:46.929000,431.09499132696607,12
2024-09-20 14:27:46.960000,431.0831067216459,1001
2024-09-20 14:27:47,431.1311502829343,999
2024-09-20 14:27:47.030000,431.1354084049054,95
2024-09-20 14:27:47.071000,431.1256646878982,103
2024-09-20 14:27:47.075000,431.0950665338063,105
2024-09-20 14:27:47.200000,431.12636534035806,9
2024-09-20 14:27:47.213000,431.1072145738404,1005
2024-09-20 14:27:47.256000,431.07785377576965,998
2024-09-20 14:27:47.348000,431.1402433054429,97
2024-09-20 14:27:47.372000,431.0596539040064,1005
2024-09-20 14:27:47.427000,431.12022847382246,103
2024-09-20 14:27:47.442000,431.0885879735434,1001
2024-09-20 14:27:47.501000,431.1418111439656,1004
2024-09-20 14:27:47.613000,431.09569709033394,99
2024-09-20 14:27:47.640000,431.0789905120563,10
2024-09-20 14:27:47.662000,431.1144859290314,10
2024-09-20 14:27:47.671000,431.1141710551835,1005
2024-09-20 14:27:47.676000,431.14633626977417,995
2024-09-20 14:27:47.689000,431.1344460343728,98
2024-09-20 14:27:47.723000,431.1241972675868,999
2024-09-20 14:27:47.738000,431.1384535492935,100
2024-09-20 14:27:47.756000,431.1172916803751,12
2024-09-20 14:27:47.776000,431.128187472733,96
2024-09-20 14:27:47.800000,431.0756448284434,998
2024-09-20 14:27:47.963000,431.13996365731214,996
2024-09-20 14:27:47.993000,431.1397720756044,8
2024-09-20 14:27:48.235000,431.14469465035415,95
2024-09-20 14:27:48.324000,431.1443618538361,15
2024-09-20 14:27:48.883000,431.1417844820327,10
2024-09-20 14:27:48.890000,431.1381670264234,1002
2024-09-20 14:27:50.109000,431.1273637241624,101
2024-09-20 14:27:50.349000,431.130411028056,1001
2024-09-20 14:27:50.399000,431.1181981878649,6
2024-09-20 14:27:50.430000,431.14213094863305,1005
2024-09-20 14:27:50.446000,431.1194159021086,103
2024-09-20 14:27:50.574000,431.1527358654146,995
2024-09-20 14:27:50.960000,431.1329902356007,1000
2024-09-20 14:27:50.979000,431.1486930893242,96
2024-09-20 14:27:50.985000,431.1388724115532,11
2024-09-20 14:27:50.989000,431.1182955520811,998
2024-09-20 14:27:51.022000,431.0671411963184,1001
2024-09-20 14:27:51.087000,431.0849707386773,1001
2024-09-20 14:27:51.114000,431.0960599917775,996
2024-09-20 14:27:51.207000,431.0715328111237,13
2024-09-20 14:27:51.245000,431.04648592427,5
2024-09-20 14:27:51.319000,431.0745967041333,96
2024-09-20 14:27:51.343000,431.052307480331,14
2024-09-20 14:27:51.360000,431.0756420739538,101
2024-09-20 14:27:51.412000,431.0606513853344,995
2024-09-20 14:27:51.438000,431.0744223740912,995
2024-09-20 14:27:51.501000,431.0589958125784,10
2024-09-20 14:27:51.517000,431.07148855214734,8
2024-09-20 14:27:51.544000,431.0678476501682,7
2024-09-20 14:27:51.583000,431.05150419720496,5
2024-09-20 14:27:51.691000,431.0645576579442,998
2024-09-20 14:27:51.754000,431.05562874186336,11
2024-09-20 14:27:51.758000,431.0439560281967,96
2024-09-20 14:27:51.807000,431.1089027354831,995
2024-09-20 14:27:51.850000,431.0606085056413,1002
2024-09-20 14:27:51.916000,431.0678160040191,101
2024-09-20 14:27:51.981000,431.0856700631419,99
2024-09-20 14:27:52.292000,431.0154842409564,99
2024-09-20 14:27:52.341000,431.0268473973142,101
2024-09-20 14:27:52.935000,431.02684128194943,1003
2024-09-20 14:27:53.070000,430.95077898990905,104
2024-09-20 14:27:53.128000,431.00959355776905,1003
2024-09-20 14:27:53.405000,431.0096867663529,101
2024-09-20 14:27:53.698000,430.97502656396136,11
2024-09-20 14:27:53.770000,431.0012661001932,103
2024-09-20 14:27:54.014000,430.9335294132415,103
2024-09-20 14:27:54.030000,430.9417084541663,7
2024-09-20 14:27:54.042000,430.95005038662606,14
2024-09-20 14:27:54.100000,430.9433533496839,103
2024-09-20 14:27:54.142000,430.934801126708,999
2024-09-20 14:27:54.265000,430.9352008510877,996
2024-09-20 14:27:54.286000,430.9910166449049,104
2024-09-20 14:27:54.298000,430.9641211584311,14
2024-09-20 14:27:54.298000,430.9275636351785,15
2024-09-20 14:27:54.381000,430.9495995231668,95
2024-09-20 14:27:54.605000,430.9439366525602,104
2024-09-20 14:27:54.750000,430.95933111171513,996
2024-09-20 14:27:54.767000,430.9055703095172,15
2024-09-20 14:27:54.901000,430.92777200194894,9
2024-09-20 14:27:54.907000,430.9328850357338,1002
2024-09-20 14:27:54.930000,430.9414653457308,105
2024-09-20 14:27:55.709000,430.9982673292004,6
2024-09-20 14:27:55.928000,431.0002613688478,997
2024-09-20 14:27:55.941000,431.00042379445176,1003
2024-09-20 14:27:56.240000,430.9886709932428,995
2024-09-20 14:27:56.263000,431.0023614801439,996
2024-09-20 14:27:56.306000,431.00810601454106,13
2024-09-20 14:27:57.028000,430.9982119071909,8
2024-09-20 14:27:57.100000,431.0081775293,998
2024-09-20 14:27:57.283000,431.0023437176733,97
2024-09-20 14:27:57.324000,431.0072898781074,103
2024-09-20 14:27:57.359000,431.005909314525,998
2024-09-20 14:27:57.381000,430.9870451130433,13
2024-09-20 14:27:57.498000,431.0000275182673,11
2024-09-20 14:27:57.544000,431.0089654228983,102
2024-09-20 14:27:57.649000,430.99852290999934,102
2024-09-20 14:27:57.670000,430.994215977086,1002
2024-09-20 14:27:57.685000,430.9875638630917,996
2024-09-20 14:27:57.695000,431.024190138661,995
2024-09-20 14:27:57.766000,431.0238358903731,1003
2024-09-20 14:27:57.773000,431.0002757115152,97
2024-09-20 14:27:57.816000,431.0139349143665,101
2024-09-20 14:27:57.870000,431.00014998026336,997
2024-09-20 14:27:57.913000,431.02937377454367,100
2024-09-20 14:27:57.927000,430.9716613414479,102
2024-09-20 14:27:57.938000,431.00344336916856,103
2024-09-20 14:27:57.945000,431.0144455645111,8
2024-09-20 14:27:57.986000,430.9706639859924,999
2024-09-20 14:27:58.134000,430.9643796903241,102
2024-09-20 14:27:58.192000,430.9613130702609,96
2024-09-20 14:27:58.282000,430.9810844378059,101
2024-09-20 14:27:58.289000,430.9688451723787,6
2024-09-20 14:27:58.299000,430.95823557340304,102
2024-09-20 14:27:58.487000,430.9728177069024,13
2024-09-20 14:27:58.547000,430.9731278006937,7
2024-09-20 14:27:58.569000,430.9689226740588,996
2024-09-20 14:27:58.609000,430.9742190921172,103
2024-09-20 14:27:58.663000,430.9719842819293,998
2024-09-20 14:27:58.748000,430.9672581496365,1001
2024-09-20 14:27:58.852000,430.99399567265255,99
2024-09-20 14:27:58.938000,430.9597765919854,102
2024-09-20 14:27:59.029000,430.941690577752,103
2024-09-20 14:27:59.064000,430.9319707764748,1004
2024-09-20 14:27:59.175000,430.9741701449967,9
2024-09-20 14:27:59.204000,430.9569722531649,5
2024-09-20 14:27:59.261000,430.9434229782422,5
2024-09-20 14:27:59.336000,430.9470374666772,7
2024-09-20 14:27:59.344000,430.979983219899,96
2024-09-20 14:27:59.361000,430.9615342905543,97
2024-09-20 14:27:59.411000,430.950888459028,1001
2024-09-20 14:27:59.459000,430.96981993535314,100
2024-09-20 14:27:59.572000,430.9375137956308,105
2024-09-20 14:27:59.620000,430.9630017872725,6
2024-09-20 14:27:59.667000,430.9307845683382,98
2024-09-20 14:27:59.691000,430.959593124037,105
2024-09-20 14:27:59.740000,430.92785915828233,14
2024-09-20 14:27:59.946000,430.9385352486421,8
2024-09-20 14:27:59.970000,430.9565228294429,1003
2024-09-20 14:27:59.971000,430.9533473958061,101
