Timestamp,Price,Size
2024-09-17 14:27:00.006000,405.5539825232992,1004
2024-09-17 14:27:00.064000,405.5580161531272,997
2024-09-17 14:27:00.076000,405.52337494277685,105
2024-09-17 14:27:00.112000,405.52527875699207,1001
2024-09-17 14:27:00.130000,405.54775231135807,101
2024-09-17 14:27:00.160000,405.5576300359568,1000
2024-09-17 14:27:00.316000,405.55123958915607,5
2024-09-17 14:27:00.325000,405.55841241157486,13
2024-09-17 14:27:00.342000,405.5419796165661,100
2024-09-17 14:27:00.410000,405.56597397014656,1002
2024-09-17 14:27:00.438000,405.5233248475983,1000
2024-09-17 14:27:00.461000,405.51012304572737,99
2024-09-17 14:27:00.488000,405.56942302872943,1001
2024-09-17 14:27:00.520000,405.5459270397865,100
2024-09-17 14:27:00.544000,405.5762337864876,101
2024-09-17 14:27:00.545000,405.5571542727701,95
2024-09-17 14:27:00.673000,405.5339124501834,1004
2024-09-17 14:27:00.706000,405.5689778389584,6
2024-09-17 14:27:00.706000,405.5467861320768,98
2024-09-17 14:27:00.714000,405.5633610700809,996
2024-09-17 14:27:00.746000,405.5302480255439,999
2024-09-17 14:27:00.794000,405.55776920516087,96
2024-09-17 14:27:00.806000,405.5107510501268,1005
2024-09-17 14:27:00.838000,405.54848728352897,14
2024-09-17 14:27:00.955000,405.54140839361867,1003
2024-09-17 14:27:00.979000,405.5487761723106,103
2024-09-17 14:27:00.987000,405.54411709711655,104
2024-09-17 14:27:01.004000,405.4613620439912,7
2024-09-17 14:27:01.006000,405.5211398914186,6
2024-09-17 14:27:01.057000,405.4747412290948,101
2024-09-17 14:27:01.093000,405.47581366483706,6
2024-09-17 14:27:01.107000,405.5179494329476,5
2024-09-17 14:27:01.115000,405.48774608294457,98
2024-09-17 14:27:01.117000,405.5109641498896,102
2024-09-17 14:27:01.124000,405.5274144771695,105
2024-09-17 14:27:01.232000,405.5361555021442,998
2024-09-17 14:27:01.272000,405.4624972662215,8
2024-09-17 14:27:01.293000,405.4809551163978,999
2024-09-17 14:27:01.303000,405.5010372904359,5
2024-09-17 14:27:01.305000,405.4685993890639,995
2024-09-17 14:27:01.401000,405.488812810085,996
2024-09-17 14:27:01.401000,405.495633673763,12
2024-09-17 14:27:01.614000,405.4772399864117,996
2024-09-17 14:27:01.622000,405.5262214798167,105
2024-09-17 14:27:01.623000,405.4780422709639,998
2024-09-17 14:27:01.670000,405.48785794777456,99
2024-09-17 14:27:01.675000,405.456470672904,5
2024-09-17 14:27:01.678000,405.53060766668193,997
2024-09-17 14:27:01.715000,405.5060237900489,1004
2024-09-17 14:27:01.718000,405.5217652047951,8
2024-09-17 14:27:01.722000,405.46387914157225,105
2024-09-17 14:27:01.869000,405.4814750652167,1000
2024-09-17 14:27:01.869000,405.47809031626775,1002
2024-09-17 14:27:01.882000,405.4925906907553,11
2024-09-17 14:27:01.919000,405.4894945883547,1002
2024-09-17 14:27:02.130000,405.4376742301944,12
2024-09-17 14:27:02.240000,405.4759063985805,997
2024-09-17 14:27:02.279000,405.460808568308,5
2024-09-17 14:27:02.308000,405.47152802149793,104
2024-09-17 14:27:02.410000,405.4501516177921,101
2024-09-17 14:27:02.430000,405.4390311107085,100
2024-09-17 14:27:02.542000,405.45573486422063,101
2024-09-17 14:27:02.652000,405.47682566351153,8
2024-09-17 14:27:02.875000,405.4653239704562,9
2024-09-17 14:27:03.141000,405.4503312797458,998
2024-09-17 14:27:04.056000,405.4353421830995,1004
2024-09-17 14:27:04.080000,405.4754244598312,98
2024-09-17 14:27:04.131000,405.4474049665122,995
2024-09-17 14:27:04.234000,405.4805496604335,1001
2024-09-17 14:27:04.264000,405.4565643436736,15
2024-09-17 14:27:04.294000,405.4633057919893,14
2024-09-17 14:27:04.322000,405.4905144696141,100
2024-09-17 14:27:04.440000,405.4709192265373,104
2024-09-17 14:27:04.470000,405.46766231717936,15
2024-09-17 14:27:04.493000,405.4661130879688,9
2024-09-17 14:27:04.527000,405.4507093040266,8
2024-09-17 14:27:04.542000,405.4445301081311,100
2024-09-17 14:27:04.551000,405.4699817668302,102
2024-09-17 14:27:04.552000,405.4722989504684,999
2024-09-17 14:27:04.570000,405.4698105528644,100
2024-09-17 14:27:04.573000,405.4466950702464,97
2024-09-17 14:27:04.583000,405.4648932211181,100
2024-09-17 14:27:04.608000,405.45097309804976,102
2024-09-17 14:27:04.615000,405.4744641107773,102
2024-09-17 14:27:04.648000,405.4666125662577,13
2024-09-17 14:27:04.655000,405.46074980585047,998
2024-09-17 14:27:04.789000,405.4577526546046,96
2024-09-17 14:27:04.825000,405.4904422233407,102
2024-09-17 14:27:04.834000,405.4679169467499,999
2024-09-17 14:27:04.854000,405.4499309014656,8
2024-09-17 14:27:04.926000,405.4618525896765,996
2024-09-17 14:27:04.955000,405.4658323917277,95
2024-09-17 14:27:04.978000,405.45205846356095,5
2024-09-17 14:27:05.045000,405.4739669730162,1005
2024-09-17 14:27:05.075000,405.4793942493174,13
2024-09-17 14:27:05.078000,405.51544728620513,997
2024-09-17 14:27:05.079000,405.4735915904844,101
2024-09-17 14:27:05.107000,405.4831039793973,103
2024-09-17 14:27:05.124000,405.50990311388034,998
2024-09-17 14:27:05.171000,405.5033582717492,95
2024-09-17 14:27:05.223000,405.4850851948456,5
2024-09-17 14:27:05.257000,405.53540037048015,97
2024-09-17 14:27:05.262000,405.5385359866648,1003
2024-09-17 14:27:05.338000,405.491076123469,996
2024-09-17 14:27:05.382000,405.49170614478766,996
2024-09-17 14:27:05.418000,405.4636499798682,13
2024-09-17 14:27:05.482000,405.52095650273935,12
2024-09-17 14:27:05.489000,405.445642513149,11
2024-09-17 14:27:05.553000,405.5109314974397,995
2024-09-17 14:27:05.572000,405.4874752472558,95
2024-09-17 14:27:05.647000,405.4992890514215,11
2024-09-17 14:27:05.652000,405.4706306714098,102
2024-09-17 14:27:05.770000,405.4881502624151,11
2024-09-17 14:27:05.851000,405.4692355653913,12
2024-09-17 14:27:05.892000,405.4907065065731,14
2024-09-17 14:27:05.911000,405.4504144804776,98
2024-09-17 14:27:05.979000,405.5036711104487,6
2024-09-17 14:27:06.342000,405.5003979075733,7
2024-09-17 14:27:06.862000,405.5038663898962,1005
2024-09-17 14:27:07.168000,405.5437300181408,1005
2024-09-17 14:27:07.355000,405.5335231251178,1003
2024-09-17 14:27:07.722000,405.54719866333096,104
2024-09-17 14:27:07.975000,405.54184699559937,104
2024-09-17 14:27:08.020000,405.5365982660449,10
2024-09-17 14:27:08.065000,405.5226424025296,998
2024-09-17 14:27:08.084000,405.5551902978635,14
2024-09-17 14:27:08.094000,405.5004046826379,95
2024-09-17 14:27:08.100000,405.5144295530322,995
2024-09-17 14:27:08.152000,405.5431412168549,12
2024-09-17 14:27:08.231000,405.5320633490746,14
2024-09-17 14:27:08.308000,405.54094153173713,95
2024-09-17 14:27:08.334000,405.5393744564684,101
2024-09-17 14:27:08.349000,405.52874408864574,98
2024-09-17 14:27:08.381000,405.5291048796996,1003
2024-09-17 14:27:08.443000,405.5190784343095,995
2024-09-17 14:27:08.450000,405.5745441788085,96
2024-09-17 14:27:08.507000,405.55907984068494,103
2024-09-17 14:27:08.530000,405.5266366439093,98
2024-09-17 14:27:08.580000,405.5279294708465,98
2024-09-17 14:27:08.584000,405.5227552497773,14
2024-09-17 14:27:08.599000,405.5526834221581,1002
2024-09-17 14:27:08.642000,405.5397841380525,104
2024-09-17 14:27:08.714000,405.50788152291534,1000
2024-09-17 14:27:08.803000,405.5471136187422,7
2024-09-17 14:27:08.821000,405.5180509181157,95
2024-09-17 14:27:08.903000,405.5217374584559,99
2024-09-17 14:27:08.967000,405.5383775043849,995
2024-09-17 14:27:09.089000,405.54273141448414,1003
2024-09-17 14:27:09.516000,405.5235048617291,14
2024-09-17 14:27:09.541000,405.52761775896096,5
2024-09-17 14:27:09.751000,405.5320081561604,9
2024-09-17 14:27:09.824000,405.5303669396844,1000
2024-09-17 14:27:09.965000,405.5484306817228,7
2024-09-17 14:27:10.009000,405.5507529583456,104
2024-09-17 14:27:10.113000,405.53198985477286,101
2024-09-17 14:27:10.142000,405.5360062444323,1004
2024-09-17 14:27:10.156000,405.5278298509592,15
2024-09-17 14:27:10.422000,405.5410045647876,1000
2024-09-17 14:27:10.469000,405.5411014342753,98
2024-09-17 14:27:10.486000,405.5569062380964,97
2024-09-17 14:27:10.563000,405.53331667981416,8
2024-09-17 14:27:10.676000,405.5597249094764,998
2024-09-17 14:27:11.240000,405.5445077415188,13
2024-09-17 14:27:11.245000,405.5345000832795,995
2024-09-17 14:27:11.297000,405.5158435007724,12
2024-09-17 14:27:11.352000,405.5500453206491,7
2024-09-17 14:27:11.444000,405.55513678855056,997
2024-09-17 14:27:11.473000,405.51334924631226,12
2024-09-17 14:27:11.547000,405.51525846277866,9
2024-09-17 14:27:11.642000,405.51857790175217,99
2024-09-17 14:27:11.838000,405.5225951981939,1004
2024-09-17 14:27:11.917000,405.5498745445767,100
2024-09-17 14:27:11.969000,405.55525964568665,99
2024-09-17 14:27:12.057000,405.53547809439766,1001
2024-09-17 14:27:12.121000,405.48653388316194,998
2024-09-17 14:27:12.132000,405.50413104579866,98
2024-09-17 14:27:12.140000,405.504658538504,997
2024-09-17 14:27:12.185000,405.51488964932906,995
2024-09-17 14:27:12.195000,405.5240536855272,1005
2024-09-17 14:27:12.257000,405.52532286935445,7
2024-09-17 14:27:12.316000,405.52185633414433,103
2024-09-17 14:27:12.324000,405.5152086910919,1003
2024-09-17 14:27:12.348000,405.4927924236477,995
2024-09-17 14:27:12.398000,405.478892171077,8
2024-09-17 14:27:12.442000,405.4951934202895,98
2024-09-17 14:27:12.460000,405.5076452731594,15
2024-09-17 14:27:12.504000,405.535668471038,99
2024-09-17 14:27:12.593000,405.49681555356,10
2024-09-17 14:27:12.694000,405.5165185319839,103
2024-09-17 14:27:12.703000,405.5196109496116,15
2024-09-17 14:27:12.745000,405.4759568861894,8
2024-09-17 14:27:12.772000,405.5156302732915,15
2024-09-17 14:27:12.790000,405.4854259418701,100
2024-09-17 14:27:12.796000,405.5016042851353,103
2024-09-17 14:27:12.810000,405.4881428432939,7
2024-09-17 14:27:12.813000,405.5210524158289,102
2024-09-17 14:27:12.834000,405.52043279346935,1003
2024-09-17 14:27:12.845000,405.5119652291413,13
2024-09-17 14:27:12.850000,405.5076214545073,997
2024-09-17 14:27:12.938000,405.5283118521307,13
2024-09-17 14:27:12.975000,405.4817452520724,102
2024-09-17 14:27:13.028000,405.5035010715006,995
2024-09-17 14:27:13.029000,405.5165328347026,1005
2024-09-17 14:27:13.101000,405.5011399004301,99
2024-09-17 14:27:13.110000,405.4779460549236,98
2024-09-17 14:27:13.164000,405.4794216032931,8
2024-09-17 14:27:13.260000,405.5063880530642,101
2024-09-17 14:27:13.331000,405.4869616945516,7
2024-09-17 14:27:13.507000,405.47771887420095,99
2024-09-17 14:27:13.649000,405.48931048620847,95
2024-09-17 14:27:13.655000,405.49469372227486,95
2024-09-17 14:27:14.122000,405.5082577312516,97
2024-09-17 14:27:14.129000,405.4378376727042,998
2024-09-17 14:27:14.322000,405.48049958982153,8
2024-09-17 14:27:14.378000,405.4521639370014,1001
2024-09-17 14:27:14.421000,405.4652385991571,10
2024-09-17 14:27:14.486000,405.5237147537762,102
2024-09-17 14:27:14.651000,405.4463455103451,14
2024-09-17 14:27:14.654000,405.52418037584,996
2024-09-17 14:27:14.704000,405.5184212820593,102
2024-09-17 14:27:14.733000,405.4480613092552,99
2024-09-17 14:27:14.747000,405.43394956700376,105
2024-09-17 14:27:14.826000,405.4295679805735,104
2024-09-17 14:27:14.934000,405.4941095071643,8
2024-09-17 14:27:14.965000,405.5173638371929,95
2024-09-17 14:27:14.997000,405.4499528369939,1002
2024-09-17 14:27:14.999000,405.51758620577743,1003
2024-09-17 14:27:15.001000,405.4715222743058,1005
2024-09-17 14:27:15.103000,405.447005864671,95
2024-09-17 14:27:15.103000,405.4685471390975,105
2024-09-17 14:27:15.294000,405.4341710823684,104
2024-09-17 14:27:15.355000,405.42282807115606,103
2024-09-17 14:27:15.406000,405.4383008890808,10
2024-09-17 14:27:15.519000,405.4431170483296,8
2024-09-17 14:27:15.562000,405.4795760099299,1004
2024-09-17 14:27:15.797000,405.4498951645476,1003
2024-09-17 14:27:15.849000,405.43714216909177,100
2024-09-17 14:27:15.920000,405.445592521565,1000
2024-09-17 14:27:16.151000,405.4799264205165,14
2024-09-17 14:27:16.786000,405.5003131732401,98
2024-09-17 14:27:16.876000,405.4769591802271,1004
2024-09-17 14:27:17.100000,405.49605153813263,15
2024-09-17 14:27:17.182000,405.4910402755043,102
2024-09-17 14:27:17.301000,405.5023050034948,1001
2024-09-17 14:27:17.325000,405.4755519441819,999
2024-09-17 14:27:17.342000,405.4873306917101,13
2024-09-17 14:27:17.368000,405.484490556677,5
2024-09-17 14:27:17.382000,405.5218122992745,11
2024-09-17 14:27:17.403000,405.4949573340231,12
2024-09-17 14:27:17.589000,405.5080706910591,105
2024-09-17 14:27:17.625000,405.49255071712497,95
2024-09-17 14:27:17.656000,405.4685321368642,997
2024-09-17 14:27:17.966000,405.473180444167,13
2024-09-17 14:27:18.003000,405.5320408922164,8
2024-09-17 14:27:18.021000,405.5223322467919,13
2024-09-17 14:27:18.336000,405.49408700606,15
2024-09-17 14:27:18.340000,405.5042559936044,6
2024-09-17 14:27:18.461000,405.5445682757007,1004
2024-09-17 14:27:18.673000,405.5458018460052,95
2024-09-17 14:27:18.676000,405.5104307804905,11
2024-09-17 14:27:18.725000,405.5074582927782,12
2024-09-17 14:27:18.805000,405.5309685777746,1003
2024-09-17 14:27:18.912000,405.50665357576366,95
2024-09-17 14:27:19.106000,405.476440406418,1003
2024-09-17 14:27:19.144000,405.49965494158806,10
2024-09-17 14:27:19.199000,405.5194968848435,100
2024-09-17 14:27:19.282000,405.499144461392,8
2024-09-17 14:27:19.320000,405.5062929716781,997
2024-09-17 14:27:19.323000,405.4380290413059,14
2024-09-17 14:27:19.367000,405.4882403498037,995
2024-09-17 14:27:19.469000,405.4723894622269,7
2024-09-17 14:27:19.491000,405.4860297670198,997
2024-09-17 14:27:19.498000,405.4947809104808,101
2024-09-17 14:27:19.550000,405.5122882371369,996
2024-09-17 14:27:19.556000,405.5030491708381,97
2024-09-17 14:27:19.564000,405.4425089528789,11
2024-09-17 14:27:19.655000,405.5168817971682,14
2024-09-17 14:27:19.662000,405.4899897309758,101
2024-09-17 14:27:19.676000,405.4918798949864,999
2024-09-17 14:27:19.706000,405.4842316743853,95
2024-09-17 14:27:19.710000,405.4469585165811,6
2024-09-17 14:27:19.779000,405.4400879098688,1000
2024-09-17 14:27:19.830000,405.5068307539833,999
2024-09-17 14:27:19.842000,405.46974578643454,995
2024-09-17 14:27:19.875000,405.44700573646594,102
2024-09-17 14:27:19.941000,405.43739106659126,101
2024-09-17 14:27:19.942000,405.4894506196057,9
2024-09-17 14:27:20.771000,405.4307619673124,997
2024-09-17 14:27:21.010000,405.5122057965855,96
2024-09-17 14:27:21.068000,405.4799084643548,996
2024-09-17 14:27:21.068000,405.47765931882856,12
2024-09-17 14:27:21.217000,405.5137742568264,105
2024-09-17 14:27:21.269000,405.4332073893774,98
2024-09-17 14:27:21.274000,405.5044932327682,101
2024-09-17 14:27:21.336000,405.43220651659175,996
2024-09-17 14:27:21.343000,405.466135296056,97
2024-09-17 14:27:21.356000,405.4702333003982,6
2024-09-17 14:27:21.365000,405.4792845145198,105
2024-09-17 14:27:21.394000,405.5000496331185,96
2024-09-17 14:27:21.405000,405.4448243635621,102
2024-09-17 14:27:21.409000,405.42613399798256,995
2024-09-17 14:27:21.417000,405.521616535293,1001
2024-09-17 14:27:21.536000,405.497827417306,1004
2024-09-17 14:27:21.592000,405.5027554685117,995
2024-09-17 14:27:21.693000,405.51026232523225,1004
2024-09-17 14:27:21.721000,405.5018354291185,12
2024-09-17 14:27:21.760000,405.50472942753794,996
2024-09-17 14:27:21.772000,405.4925608349226,1000
2024-09-17 14:27:21.779000,405.445546334972,100
2024-09-17 14:27:21.791000,405.5239081807024,1005
2024-09-17 14:27:21.796000,405.4289058513826,99
2024-09-17 14:27:21.822000,405.5170027358549,96
2024-09-17 14:27:21.935000,405.432219354911,1003
2024-09-17 14:27:21.951000,405.4489502508205,1000
2024-09-17 14:27:21.999000,405.4487597450532,996
2024-09-17 14:27:22.094000,405.4941173400165,14
2024-09-17 14:27:22.098000,405.5022548405443,10
2024-09-17 14:27:22.660000,405.4996269866368,999
2024-09-17 14:27:22.675000,405.5099971742293,101
2024-09-17 14:27:22.697000,405.5102777460056,105
2024-09-17 14:27:22.784000,405.5077929054865,1001
2024-09-17 14:27:22.832000,405.5153299494535,5
2024-09-17 14:27:23.024000,405.530375718472,999
2024-09-17 14:27:23.041000,405.5668196325451,1004
2024-09-17 14:27:23.191000,405.5439783733804,7
2024-09-17 14:27:23.341000,405.57408209558594,101
2024-09-17 14:27:23.561000,405.5394156006091,98
2024-09-17 14:27:23.603000,405.5442205644116,999
2024-09-17 14:27:23.620000,405.53699592546064,1003
2024-09-17 14:27:23.669000,405.55948661896247,96
2024-09-17 14:27:23.694000,405.5559874744333,105
2024-09-17 14:27:23.709000,405.55352462636665,105
2024-09-17 14:27:23.722000,405.5693527002137,101
2024-09-17 14:27:23.771000,405.5694776772021,102
2024-09-17 14:27:23.801000,405.5302616590243,11
2024-09-17 14:27:23.817000,405.57004424727984,97
2024-09-17 14:27:23.826000,405.5813202253804,9
2024-09-17 14:27:23.841000,405.561805210368,96
2024-09-17 14:27:23.847000,405.5274868698198,11
2024-09-17 14:27:23.939000,405.5402782369423,12
2024-09-17 14:27:23.945000,405.59173952879377,5
2024-09-17 14:27:23.976000,405.5731351129934,996
2024-09-17 14:27:24.046000,405.5890419742168,1001
2024-09-17 14:27:24.107000,405.6085890298715,1000
2024-09-17 14:27:24.145000,405.5138847807936,12
2024-09-17 14:27:24.220000,405.5920586243493,8
2024-09-17 14:27:24.227000,405.5911782318736,9
2024-09-17 14:27:24.236000,405.5177290932518,997
2024-09-17 14:27:24.264000,405.51498187801855,996
2024-09-17 14:27:24.271000,405.5279874505818,14
2024-09-17 14:27:24.304000,405.5337753090368,96
2024-09-17 14:27:24.370000,405.55517069372064,9
2024-09-17 14:27:24.524000,405.5292542346128,99
2024-09-17 14:27:24.631000,405.52810014993145,1000
2024-09-17 14:27:24.651000,405.60224269024695,6
2024-09-17 14:27:24.671000,405.5882086843173,101
2024-09-17 14:27:24.740000,405.595904200916,98
2024-09-17 14:27:24.777000,405.59544401720734,1000
2024-09-17 14:27:24.838000,405.5488170889271,96
2024-09-17 14:27:24.967000,405.5240751352612,1003
2024-09-17 14:27:25.052000,405.5813277472705,997
2024-09-17 14:27:25.227000,405.5658401399033,1000
2024-09-17 14:27:25.344000,405.55927788924254,997
2024-09-17 14:27:25.551000,405.59350672774286,6
2024-09-17 14:27:25.588000,405.5927636775335,98
2024-09-17 14:27:25.595000,405.5398928664791,11
2024-09-17 14:27:25.647000,405.572971094868,998
2024-09-17 14:27:25.723000,405.5613532106562,95
2024-09-17 14:27:25.812000,405.5489876878233,95
2024-09-17 14:27:25.888000,405.5439292047543,101
2024-09-17 14:27:25.919000,405.5935165545623,9
2024-09-17 14:27:25.966000,405.575229837973,9
2024-09-17 14:27:26.008000,405.599451267037,1001
2024-09-17 14:27:26.059000,405.5839845190743,1004
2024-09-17 14:27:26.186000,405.58607868954033,6
2024-09-17 14:27:26.245000,405.6069970903123,1000
2024-09-17 14:27:26.296000,405.6108307712088,101
2024-09-17 14:27:26.308000,405.6395133795256,10
2024-09-17 14:27:26.318000,405.6477691357392,105
2024-09-17 14:27:26.347000,405.5934186675524,101
2024-09-17 14:27:26.370000,405.609198750532,9
2024-09-17 14:27:26.390000,405.57867281393226,995
2024-09-17 14:27:26.401000,405.6237061233496,11
2024-09-17 14:27:26.475000,405.5835899695842,102
2024-09-17 14:27:26.486000,405.58287788854966,100
2024-09-17 14:27:26.488000,405.585462460104,98
2024-09-17 14:27:26.520000,405.5866892305767,99
2024-09-17 14:27:26.710000,405.5972552756763,11
2024-09-17 14:27:26.784000,405.6173782314995,102
2024-09-17 14:27:26.809000,405.6058247244532,101
2024-09-17 14:27:26.859000,405.6286106289061,101
2024-09-17 14:27:26.926000,405.60346748673305,9
2024-09-17 14:27:27.025000,405.6004131214742,996
2024-09-17 14:27:27.049000,405.6093699757008,11
2024-09-17 14:27:27.061000,405.6286718736344,8
2024-09-17 14:27:27.095000,405.6685873750513,100
2024-09-17 14:27:27.119000,405.6473110710024,1004
2024-09-17 14:27:27.127000,405.60636101820666,12
2024-09-17 14:27:27.150000,405.6514425554829,11
2024-09-17 14:27:27.184000,405.6326101086224,103
2024-09-17 14:27:27.215000,405.66167802101904,100
2024-09-17 14:27:27.222000,405.6036879559481,95
2024-09-17 14:27:27.299000,405.6186533794384,95
2024-09-17 14:27:27.338000,405.6367822829856,995
2024-09-17 14:27:27.422000,405.57697534206153,11
2024-09-17 14:27:27.542000,405.6550637128718,99
2024-09-17 14:27:27.591000,405.6536818845684,102
2024-09-17 14:27:27.618000,405.62296619220126,1000
2024-09-17 14:27:27.721000,405.6386144616236,10
2024-09-17 14:27:27.773000,405.6340957075817,95
2024-09-17 14:27:27.802000,405.64373742686365,5
2024-09-17 14:27:27.897000,405.6481250935774,100
2024-09-17 14:27:28.031000,405.5828218994005,1000
2024-09-17 14:27:28.156000,405.6066853907767,104
2024-09-17 14:27:28.205000,405.5824360706914,1002
2024-09-17 14:27:28.216000,405.5822860906754,1005
2024-09-17 14:27:28.245000,405.5867552283375,14
2024-09-17 14:27:28.259000,405.6259688817262,9
2024-09-17 14:27:28.383000,405.6166456623265,100
2024-09-17 14:27:28.399000,405.6089864125484,1003
2024-09-17 14:27:28.432000,405.6139563334216,12
2024-09-17 14:27:28.447000,405.6026156250396,105
2024-09-17 14:27:28.518000,405.59538241856063,999
2024-09-17 14:27:28.545000,405.6108678244762,103
2024-09-17 14:27:28.572000,405.57621457957913,1001
2024-09-17 14:27:28.584000,405.5810296483277,101
2024-09-17 14:27:28.624000,405.6050451720749,1000
2024-09-17 14:27:28.729000,405.6091879134445,97
2024-09-17 14:27:28.733000,405.5910999796803,998
2024-09-17 14:27:28.799000,405.5819204833725,1001
2024-09-17 14:27:28.828000,405.5618471051214,99
2024-09-17 14:27:28.864000,405.6050728495424,99
2024-09-17 14:27:28.923000,405.590941600454,10
2024-09-17 14:27:28.929000,405.5854278071557,1004
2024-09-17 14:27:28.973000,405.59757430101257,100
2024-09-17 14:27:28.979000,405.5969554525874,97
2024-09-17 14:27:28.997000,405.5936816008453,1000
2024-09-17 14:27:30.050000,405.5913482271462,12
2024-09-17 14:27:30.051000,405.5744543938164,95
2024-09-17 14:27:30.088000,405.5723126004648,10
2024-09-17 14:27:30.182000,405.5869204887879,100
2024-09-17 14:27:30.197000,405.5601750712853,997
2024-09-17 14:27:30.228000,405.5459553168774,996
2024-09-17 14:27:30.240000,405.522305228827,105
2024-09-17 14:27:30.316000,405.63252326056926,5
2024-09-17 14:27:30.322000,405.57517979730295,996
2024-09-17 14:27:30.400000,405.5666646884219,9
2024-09-17 14:27:30.438000,405.5136435612765,96
2024-09-17 14:27:30.449000,405.5876470277974,105
2024-09-17 14:27:30.465000,405.6304978182972,97
2024-09-17 14:27:30.475000,405.5816424759341,102
2024-09-17 14:27:30.495000,405.61854097690457,99
2024-09-17 14:27:30.506000,405.52753358329335,996
2024-09-17 14:27:30.512000,405.5246701796421,996
2024-09-17 14:27:30.544000,405.6285750374516,99
2024-09-17 14:27:30.566000,405.5831266628143,8
2024-09-17 14:27:30.629000,405.570431331752,100
2024-09-17 14:27:30.648000,405.5857851668269,1005
2024-09-17 14:27:30.724000,405.57097962490826,8
2024-09-17 14:27:30.751000,405.57751933867786,1001
2024-09-17 14:27:30.755000,405.5449868863765,1004
2024-09-17 14:27:30.798000,405.5677314401769,1005
2024-09-17 14:27:30.804000,405.62705222417947,15
2024-09-17 14:27:30.850000,405.6136229206365,97
2024-09-17 14:27:30.861000,405.58240400573,103
2024-09-17 14:27:31.065000,405.5084363250653,1003
2024-09-17 14:27:31.167000,405.49340361121625,9
2024-09-17 14:27:31.580000,405.5161897429852,996
2024-09-17 14:27:31.990000,405.5144970078769,996
2024-09-17 14:27:32.013000,405.478905500442,13
2024-09-17 14:27:32.018000,405.4793438340118,1003
2024-09-17 14:27:32.132000,405.5143681278564,99
2024-09-17 14:27:32.233000,405.5158391642813,997
2024-09-17 14:27:32.277000,405.50459083722535,15
2024-09-17 14:27:32.278000,405.51682501913126,1000
2024-09-17 14:27:32.284000,405.4796260732662,1004
2024-09-17 14:27:32.359000,405.4933155423026,6
2024-09-17 14:27:32.383000,405.48598342741127,98
2024-09-17 14:27:32.424000,405.4874429093959,1001
2024-09-17 14:27:32.475000,405.4789342338192,97
2024-09-17 14:27:32.504000,405.4632304276488,103
2024-09-17 14:27:32.531000,405.5173148105641,1002
2024-09-17 14:27:32.547000,405.4901289982675,7
2024-09-17 14:27:32.591000,405.4752312936667,13
2024-09-17 14:27:32.634000,405.5116690825336,999
2024-09-17 14:27:32.736000,405.471141691229,1000
2024-09-17 14:27:32.743000,405.5034021767638,1005
2024-09-17 14:27:32.873000,405.4726354752269,100
2024-09-17 14:27:32.995000,405.5089117990861,103
2024-09-17 14:27:33.034000,405.5039622932754,15
2024-09-17 14:27:33.071000,405.5185965291147,996
2024-09-17 14:27:33.112000,405.5141782034948,100
2024-09-17 14:27:33.152000,405.50922203556553,11
2024-09-17 14:27:33.169000,405.4930505793027,6
2024-09-17 14:27:33.182000,405.5144513312875,14
2024-09-17 14:27:33.221000,405.4924213495733,999
2024-09-17 14:27:33.227000,405.4966544288792,97
2024-09-17 14:27:33.370000,405.4939876685106,9
2024-09-17 14:27:33.393000,405.5022440462527,995
2024-09-17 14:27:33.476000,405.4790486494424,9
2024-09-17 14:27:33.548000,405.4959705769461,1005
2024-09-17 14:27:33.550000,405.4814825864386,96
2024-09-17 14:27:33.555000,405.5095786932001,99
2024-09-17 14:27:33.608000,405.52248115495,100
2024-09-17 14:27:33.674000,405.49533809246526,9
2024-09-17 14:27:33.750000,405.51259479098434,1000
2024-09-17 14:27:33.794000,405.5080089675245,5
2024-09-17 14:27:33.831000,405.4993205039554,999
2024-09-17 14:27:33.831000,405.5108182747704,95
2024-09-17 14:27:33.869000,405.5013843436436,13
2024-09-17 14:27:33.881000,405.5146390874552,96
2024-09-17 14:27:33.978000,405.53175516164106,96
2024-09-17 14:27:33.979000,405.504769148161,95
2024-09-17 14:27:33.983000,405.5025007485734,999
2024-09-17 14:27:34.005000,405.5601005342112,7
2024-09-17 14:27:34.124000,405.5154744670469,997
2024-09-17 14:27:34.156000,405.5504576362369,103
2024-09-17 14:27:34.169000,405.5712647219559,13
2024-09-17 14:27:34.169000,405.54333800134776,14
2024-09-17 14:27:34.178000,405.5048174261153,102
2024-09-17 14:27:34.186000,405.5566677686658,997
2024-09-17 14:27:34.213000,405.5101473898331,997
2024-09-17 14:27:34.231000,405.5420919752468,5
2024-09-17 14:27:34.239000,405.57611822874657,995
2024-09-17 14:27:34.248000,405.5523887195005,102
2024-09-17 14:27:34.252000,405.560490796336,1003
2024-09-17 14:27:34.299000,405.5376426852844,9
2024-09-17 14:27:34.300000,405.5190980154836,96
2024-09-17 14:27:34.372000,405.5549769216161,998
2024-09-17 14:27:34.487000,405.5542300244347,12
2024-09-17 14:27:34.541000,405.5678138770282,1001
2024-09-17 14:27:34.651000,405.56135724039046,6
2024-09-17 14:27:34.773000,405.5357129362683,97
2024-09-17 14:27:34.794000,405.5536592089673,1005
2024-09-17 14:27:34.839000,405.5224388770696,5
2024-09-17 14:27:34.872000,405.51289520711146,1002
2024-09-17 14:27:34.887000,405.5256674075571,999
2024-09-17 14:27:34.963000,405.54451682836094,13
2024-09-17 14:27:34.997000,405.507660696067,105
2024-09-17 14:27:35.031000,405.58676350609386,104
2024-09-17 14:27:35.057000,405.5830216661449,11
2024-09-17 14:27:35.059000,405.59137325109526,12
2024-09-17 14:27:35.060000,405.6052046228404,13
2024-09-17 14:27:35.118000,405.5498497057573,99
2024-09-17 14:27:35.118000,405.5748427255967,12
2024-09-17 14:27:35.144000,405.5895110624338,104
2024-09-17 14:27:35.170000,405.5913237095321,13
2024-09-17 14:27:35.222000,405.6008577734247,1001
2024-09-17 14:27:35.240000,405.5758104590104,6
2024-09-17 14:27:35.295000,405.5706955002879,105
2024-09-17 14:27:35.307000,405.5684648569649,8
2024-09-17 14:27:35.368000,405.5860825067887,996
2024-09-17 14:27:35.390000,405.5810149772656,96
2024-09-17 14:27:35.406000,405.57116619971407,95
2024-09-17 14:27:35.414000,405.5983740879476,100
2024-09-17 14:27:35.499000,405.57613550370365,95
2024-09-17 14:27:35.582000,405.6073665262065,96
2024-09-17 14:27:35.593000,405.5594777769056,5
2024-09-17 14:27:35.598000,405.5718305970897,8
2024-09-17 14:27:35.616000,405.5638974896256,11
2024-09-17 14:27:35.676000,405.59856242177466,100
2024-09-17 14:27:35.725000,405.5963950245047,99
2024-09-17 14:27:35.877000,405.59078876493527,98
2024-09-17 14:27:35.880000,405.5684715000632,996
2024-09-17 14:27:35.965000,405.607012751034,9
2024-09-17 14:27:36.110000,405.6057400957012,105
2024-09-17 14:27:36.243000,405.58373583726495,1002
2024-09-17 14:27:36.416000,405.6097841011357,104
2024-09-17 14:27:36.606000,405.63187068687074,12
2024-09-17 14:27:36.630000,405.6047744369709,14
2024-09-17 14:27:36.683000,405.6127244096107,1003
2024-09-17 14:27:36.743000,405.648123199132,103
2024-09-17 14:27:36.754000,405.5886369438271,1004
2024-09-17 14:27:36.965000,405.61581358417646,5
2024-09-17 14:27:36.992000,405.6198464396283,103
2024-09-17 14:27:37.065000,405.5783046248119,104
2024-09-17 14:27:37.107000,405.5625954830015,997
2024-09-17 14:27:37.250000,405.5839244793709,97
2024-09-17 14:27:37.398000,405.573300697269,98
2024-09-17 14:27:37.590000,405.5800198914311,101
2024-09-17 14:27:37.651000,405.5780887128656,996
2024-09-17 14:27:37.849000,405.605856914375,9
2024-09-17 14:27:37.881000,405.5806479362247,100
2024-09-17 14:27:37.915000,405.5916610628033,1001
2024-09-17 14:27:37.922000,405.5924822765813,96
2024-09-17 14:27:38.003000,405.5868395399342,10
2024-09-17 14:27:38.165000,405.5962755663968,14
2024-09-17 14:27:38.295000,405.5744805369672,100
2024-09-17 14:27:38.477000,405.5796501213079,97
2024-09-17 14:27:38.538000,405.6073689435368,7
2024-09-17 14:27:38.550000,405.5754808885797,5
2024-09-17 14:27:38.552000,405.5964797099282,95
2024-09-17 14:27:38.617000,405.5995852965207,6
2024-09-17 14:27:38.679000,405.6044802898688,13
2024-09-17 14:27:38.870000,405.5925748496198,996
2024-09-17 14:27:38.952000,405.5990138909812,995
2024-09-17 14:27:38.961000,405.5734540306592,99
2024-09-17 14:27:40.025000,405.6099743375863,997
2024-09-17 14:27:40.147000,405.5924478446177,10
2024-09-17 14:27:40.263000,405.6211823488835,99
2024-09-17 14:27:40.285000,405.6231013508103,97
2024-09-17 14:27:40.331000,405.61034328099953,13
2024-09-17 14:27:40.392000,405.6090233347884,995
2024-09-17 14:27:40.436000,405.6131074816391,101
2024-09-17 14:27:40.482000,405.6204143241185,15
2024-09-17 14:27:40.506000,405.6186361772976,9
2024-09-17 14:27:40.540000,405.5774344664586,1001
2024-09-17 14:27:40.570000,405.6136508346116,1000
2024-09-17 14:27:40.709000,405.6010524347243,102
2024-09-17 14:27:40.715000,405.626383108783,10
2024-09-17 14:27:40.771000,405.594844110362,95
2024-09-17 14:27:40.784000,405.6322310544827,1003
2024-09-17 14:27:40.826000,405.5971669792997,1000
2024-09-17 14:27:40.827000,405.6022166770896,996
2024-09-17 14:27:40.981000,405.6217982663087,995
2024-09-17 14:27:41.048000,405.627519722848,1004
2024-09-17 14:27:41.181000,405.61799104697815,1004
2024-09-17 14:27:41.216000,405.6099928750541,99
2024-09-17 14:27:41.235000,405.6428749408159,7
2024-09-17 14:27:41.289000,405.619412204574,997
2024-09-17 14:27:41.314000,405.6246843227979,98
2024-09-17 14:27:41.343000,405.64622781773295,1001
2024-09-17 14:27:41.436000,405.6068260575515,105
2024-09-17 14:27:41.489000,405.6182828624885,11
2024-09-17 14:27:41.497000,405.6421907808751,1000
2024-09-17 14:27:41.511000,405.6310087166923,999
2024-09-17 14:27:41.622000,405.6289742515999,1001
2024-09-17 14:27:41.707000,405.6333251234747,1000
2024-09-17 14:27:41.761000,405.6455808192477,997
2024-09-17 14:27:41.793000,405.6197440594176,95
2024-09-17 14:27:42.004000,405.6562577207856,101
2024-09-17 14:27:42.038000,405.6397517713,996
2024-09-17 14:27:42.126000,405.6603872178021,999
2024-09-17 14:27:42.166000,405.6163850621649,102
2024-09-17 14:27:42.240000,405.6661284622824,95
2024-09-17 14:27:42.243000,405.6556322698002,14
2024-09-17 14:27:42.257000,405.637154403984,103
2024-09-17 14:27:42.299000,405.65794858566375,999
2024-09-17 14:27:42.303000,405.6171299398173,996
2024-09-17 14:27:42.316000,405.6572087638013,99
2024-09-17 14:27:42.351000,405.630173863441,11
2024-09-17 14:27:42.386000,405.6419097452456,12
2024-09-17 14:27:42.402000,405.645343936555,102
2024-09-17 14:27:42.436000,405.65396651684176,96
2024-09-17 14:27:42.526000,405.658752509759,15
2024-09-17 14:27:42.561000,405.6686218694216,997
2024-09-17 14:27:42.608000,405.6729571188262,1000
2024-09-17 14:27:42.628000,405.6511807984672,997
2024-09-17 14:27:42.665000,405.6383932535559,10
2024-09-17 14:27:42.696000,405.66292459334136,6
2024-09-17 14:27:42.701000,405.6366832014847,14
2024-09-17 14:27:42.759000,405.65608146544,1000
2024-09-17 14:27:42.784000,405.6021800344596,5
2024-09-17 14:27:42.851000,405.6538433906138,5
2024-09-17 14:27:42.912000,405.6454660249739,6
2024-09-17 14:27:43.071000,405.6689970935975,1003
2024-09-17 14:27:43.281000,405.6660909232025,101
2024-09-17 14:27:43.554000,405.6760203609008,1000
2024-09-17 14:27:43.746000,405.6621323511464,10
2024-09-17 14:27:44.142000,405.61362664991776,5
2024-09-17 14:27:44.163000,405.6001884836774,10
2024-09-17 14:27:44.164000,405.64270996178334,998
2024-09-17 14:27:44.203000,405.6018321060736,103
2024-09-17 14:27:44.220000,405.6425150972659,995
2024-09-17 14:27:44.287000,405.6191792339334,9
2024-09-17 14:27:44.470000,405.638296886838,996
2024-09-17 14:27:44.496000,405.63122138429446,9
2024-09-17 14:27:44.620000,405.6437378096392,998
2024-09-17 14:27:44.654000,405.6736098669346,10
2024-09-17 14:27:44.818000,405.6205547584401,7
2024-09-17 14:27:44.833000,405.6352380100943,997
2024-09-17 14:27:44.848000,405.65153143459054,1001
2024-09-17 14:27:45.011000,405.5254953489403,999
2024-09-17 14:27:45.048000,405.554114327856,1003
2024-09-17 14:27:45.050000,405.6041845589925,95
2024-09-17 14:27:45.149000,405.5545121790041,100
2024-09-17 14:27:45.233000,405.4556259697408,1003
2024-09-17 14:27:45.233000,405.5349075868544,12
2024-09-17 14:27:45.242000,405.46615836931954,105
2024-09-17 14:27:45.244000,405.4746213386933,104
2024-09-17 14:27:45.277000,405.54348729050247,15
2024-09-17 14:27:45.293000,405.4756230954964,1003
2024-09-17 14:27:45.377000,405.5470469252595,100
2024-09-17 14:27:45.384000,405.4857594687441,95
2024-09-17 14:27:45.392000,405.4577793272052,12
2024-09-17 14:27:45.450000,405.50535172024,105
2024-09-17 14:27:45.481000,405.4676850638391,7
2024-09-17 14:27:45.535000,405.5347469074181,95
2024-09-17 14:27:45.545000,405.5365951819225,99
2024-09-17 14:27:45.606000,405.5560369603982,1003
2024-09-17 14:27:45.637000,405.5377899615447,1003
2024-09-17 14:27:45.645000,405.5619601919277,99
2024-09-17 14:27:45.658000,405.4846548357409,95
2024-09-17 14:27:45.661000,405.5384857416048,999
2024-09-17 14:27:45.679000,405.5348541756675,101
2024-09-17 14:27:45.695000,405.5072847473073,5
2024-09-17 14:27:45.814000,405.5763994500816,5
2024-09-17 14:27:45.831000,405.4852340769265,98
2024-09-17 14:27:45.839000,405.470250285642,97
2024-09-17 14:27:45.882000,405.5516463888066,1005
2024-09-17 14:27:46.099000,405.437075448716,97
2024-09-17 14:27:46.151000,405.4545124996114,8
2024-09-17 14:27:46.218000,405.4558452724368,12
2024-09-17 14:27:46.499000,405.4843949074482,7
2024-09-17 14:27:46.528000,405.4707322283312,15
2024-09-17 14:27:46.583000,405.442459610942,104
2024-09-17 14:27:46.664000,405.449773670111,101
2024-09-17 14:27:46.686000,405.4555438326461,12
2024-09-17 14:27:46.698000,405.4477659750351,1000
2024-09-17 14:27:46.767000,405.47239457206064,995
2024-09-17 14:27:46.837000,405.4540456758121,1000
2024-09-17 14:27:46.904000,405.46159197714417,999
2024-09-17 14:27:46.907000,405.4711746581476,1001
2024-09-17 14:27:46.908000,405.404720963501,101
2024-09-17 14:27:46.927000,405.4514813925459,13
2024-09-17 14:27:46.960000,405.4873700960837,12
2024-09-17 14:27:46.965000,405.458576110785,100
2024-09-17 14:27:47.489000,405.4085148604401,1004
2024-09-17 14:27:47.666000,405.3975424791341,95
2024-09-17 14:27:47.712000,405.3906779387965,101
2024-09-17 14:27:47.861000,405.3928220708535,9
2024-09-17 14:27:48.006000,405.3866913161848,9
2024-09-17 14:27:48.087000,405.39059084294666,1001
2024-09-17 14:27:48.151000,405.39150268969206,10
2024-09-17 14:27:48.195000,405.46868363776287,10
2024-09-17 14:27:48.196000,405.4786630546668,102
2024-09-17 14:27:48.220000,405.3668830445674,997
2024-09-17 14:27:48.319000,405.3859965587513,10
2024-09-17 14:27:48.366000,405.4958861786041,11
2024-09-17 14:27:48.402000,405.4745592958798,1005
2024-09-17 14:27:48.422000,405.3991263341461,15
2024-09-17 14:27:48.454000,405.4954040254864,998
2024-09-17 14:27:48.469000,405.4888278652209,7
2024-09-17 14:27:48.502000,405.4293787908552,8
2024-09-17 14:27:48.629000,405.4718869495996,101
2024-09-17 14:27:48.669000,405.4790088842629,102
2024-09-17 14:27:48.808000,405.4617252420747,1001
2024-09-17 14:27:48.818000,405.4794834150202,15
2024-09-17 14:27:48.824000,405.4062998646922,95
2024-09-17 14:27:48.934000,405.48793661531823,10
2024-09-17 14:27:48.991000,405.3998433485269,9
2024-09-17 14:27:49.091000,405.5270656971293,999
2024-09-17 14:27:49.102000,405.52943158298064,999
2024-09-17 14:27:49.110000,405.5141941014831,999
2024-09-17 14:27:49.211000,405.5158583729589,14
2024-09-17 14:27:49.211000,405.56022664847177,102
2024-09-17 14:27:49.273000,405.50920230721374,99
2024-09-17 14:27:49.401000,405.5517972162999,1001
2024-09-17 14:27:49.415000,405.52427387112107,15
2024-09-17 14:27:49.469000,405.5372680200605,103
2024-09-17 14:27:49.546000,405.5327672857659,1004
2024-09-17 14:27:49.580000,405.4975342511541,12
2024-09-17 14:27:49.742000,405.5129292623247,8
2024-09-17 14:27:49.749000,405.5180181947991,15
2024-09-17 14:27:49.842000,405.53013651275984,999
2024-09-17 14:27:49.866000,405.5213512612816,103
2024-09-17 14:27:49.871000,405.5516900890238,99
2024-09-17 14:27:49.896000,405.5116444881395,15
2024-09-17 14:27:49.905000,405.5072723049634,5
2024-09-17 14:27:49.910000,405.4995527451495,103
2024-09-17 14:27:49.922000,405.5108194289174,1000
2024-09-17 14:27:49.931000,405.5207307319942,15
2024-09-17 14:27:50.016000,405.4146960810778,1002
2024-09-17 14:27:50.067000,405.4866679375154,10
2024-09-17 14:27:50.157000,405.451059271061,11
2024-09-17 14:27:50.207000,405.4883081508652,1005
2024-09-17 14:27:50.218000,405.43441889377897,996
2024-09-17 14:27:50.263000,405.4278289232909,15
2024-09-17 14:27:50.266000,405.4912194180749,15
2024-09-17 14:27:50.270000,405.4225135977008,1005
2024-09-17 14:27:50.277000,405.4112779337544,100
2024-09-17 14:27:50.278000,405.50214897117655,13
2024-09-17 14:27:50.341000,405.4537914126258,96
2024-09-17 14:27:50.351000,405.4905789656895,995
2024-09-17 14:27:50.438000,405.4355872780157,6
2024-09-17 14:27:50.448000,405.4537024107379,999
2024-09-17 14:27:50.456000,405.45539718226223,12
2024-09-17 14:27:50.492000,405.4881240078624,7
2024-09-17 14:27:50.525000,405.4597796873701,95
2024-09-17 14:27:50.585000,405.4741145315157,11
2024-09-17 14:27:50.589000,405.4269167469149,104
2024-09-17 14:27:50.617000,405.4863296148393,13
2024-09-17 14:27:50.665000,405.47019437453713,105
2024-09-17 14:27:50.851000,405.4205305657504,9
2024-09-17 14:27:50.869000,405.4238565856912,7
2024-09-17 14:27:50.918000,405.4749426495079,99
2024-09-17 14:27:50.937000,405.43701294923005,998
2024-09-17 14:27:51.123000,405.3985194934377,12
2024-09-17 14:27:51.335000,405.37948831576455,1000
2024-09-17 14:27:51.434000,405.3670523817674,13
2024-09-17 14:27:51.573000,405.34871841507976,96
2024-09-17 14:27:51.647000,405.3647484483641,13
2024-09-17 14:27:51.652000,405.42013102063066,5
2024-09-17 14:27:51.732000,405.391578227441,97
2024-09-17 14:27:51.857000,405.4106894765527,12
2024-09-17 14:27:52.129000,405.31288930966457,9
2024-09-17 14:27:52.226000,405.31386880083153,5
2024-09-17 14:27:52.299000,405.3457419214968,1002
2024-09-17 14:27:52.323000,405.3177704962552,14
2024-09-17 14:27:52.404000,405.32395334807086,11
2024-09-17 14:27:52.473000,405.3309875558899,10
2024-09-17 14:27:52.516000,405.3248487257338,1001
2024-09-17 14:27:52.562000,405.3774313566015,10
2024-09-17 14:27:52.592000,405.3507225870583,1005
2024-09-17 14:27:52.597000,405.3257834581788,5
2024-09-17 14:27:52.621000,405.3228926495146,97
2024-09-17 14:27:52.662000,405.34441844414016,102
2024-09-17 14:27:52.724000,405.3125602581423,1002
2024-09-17 14:27:52.750000,405.3626705011275,997
2024-09-17 14:27:52.772000,405.3636270013823,103
2024-09-17 14:27:52.777000,405.31275838420686,98
2024-09-17 14:27:52.784000,405.3344139820536,99
2024-09-17 14:27:52.907000,405.33346947084607,998
2024-09-17 14:27:52.922000,405.3043191617549,95
2024-09-17 14:27:52.967000,405.30516989911627,1002
2024-09-17 14:27:52.976000,405.3247418597498,97
2024-09-17 14:27:52.986000,405.33356192795713,12
2024-09-17 14:27:53.062000,405.3212773719043,1005
2024-09-17 14:27:53.154000,405.3067480842122,101
2024-09-17 14:27:53.278000,405.31082759772,103
2024-09-17 14:27:53.573000,405.30351265649455,99
2024-09-17 14:27:53.576000,405.2999068823276,1002
2024-09-17 14:27:53.638000,405.3245764396674,1002
2024-09-17 14:27:53.678000,405.3126052837149,103
2024-09-17 14:27:53.727000,405.30900519952496,11
2024-09-17 14:27:53.882000,405.30021769387474,14
2024-09-17 14:27:53.938000,405.3134526825889,13
2024-09-17 14:27:53.938000,405.3192425847331,1005
2024-09-17 14:27:54.093000,405.26884295633135,6
2024-09-17 14:27:54.162000,405.29555464070944,997
2024-09-17 14:27:54.170000,405.3293075237505,103
2024-09-17 14:27:54.171000,405.30040785463706,1000
2024-09-17 14:27:54.310000,405.3061690508064,12
2024-09-17 14:27:54.397000,405.2980467774224,9
2024-09-17 14:27:54.609000,405.3034297744647,95
2024-09-17 14:27:54.696000,405.3150319390606,8
2024-09-17 14:27:54.739000,405.3054420494403,1003
2024-09-17 14:27:54.770000,405.3065398252813,1004
2024-09-17 14:27:54.831000,405.3063994477824,1002
2024-09-17 14:27:54.879000,405.2833719810128,101
2024-09-17 14:27:54.896000,405.2741876931107,1000
2024-09-17 14:27:54.903000,405.2979184717629,14
2024-09-17 14:27:54.917000,405.3061616439322,105
2024-09-17 14:27:55.051000,405.3120039676339,95
2024-09-17 14:27:55.107000,405.30775215047305,999
2024-09-17 14:27:55.145000,405.2997792501748,15
2024-09-17 14:27:55.157000,405.2790566226215,997
2024-09-17 14:27:55.194000,405.29660921128703,14
2024-09-17 14:27:55.240000,405.2926173241136,103
2024-09-17 14:27:55.252000,405.2882413504879,1002
2024-09-17 14:27:55.323000,405.295417712693,97
2024-09-17 14:27:55.367000,405.3266189683767,96
2024-09-17 14:27:55.403000,405.289759245912,98
2024-09-17 14:27:55.486000,405.2831007626946,999
2024-09-17 14:27:55.647000,405.2844359598723,998
2024-09-17 14:27:55.659000,405.2863938828349,7
2024-09-17 14:27:55.681000,405.2870122134085,105
2024-09-17 14:27:55.717000,405.2815755796912,998
2024-09-17 14:27:55.720000,405.28798370210046,104
2024-09-17 14:27:55.754000,405.2961647171635,998
2024-09-17 14:27:55.970000,405.3239518642236,999
2024-09-17 14:27:56.076000,405.28545818478057,95
2024-09-17 14:27:56.081000,405.2684810581366,8
2024-09-17 14:27:56.197000,405.2548263920967,102
2024-09-17 14:27:56.458000,405.28172317449753,101
2024-09-17 14:27:56.502000,405.2622597854393,14
2024-09-17 14:27:56.540000,405.26643665356426,1004
2024-09-17 14:27:56.552000,405.2703775264328,96
2024-09-17 14:27:56.634000,405.2776460230402,999
2024-09-17 14:27:56.718000,405.26481001636574,105
2024-09-17 14:27:56.739000,405.26806516975495,1000
2024-09-17 14:27:56.744000,405.26318208713593,1002
2024-09-17 14:27:56.754000,405.2674566169227,998
2024-09-17 14:27:56.882000,405.3015324717259,7
2024-09-17 14:27:56.964000,405.26479495746696,99
2024-09-17 14:27:57.121000,405.2632065924864,13
2024-09-17 14:27:57.160000,405.2617549418628,103
2024-09-17 14:27:57.196000,405.2776878433048,101
2024-09-17 14:27:57.232000,405.2782996646902,997
2024-09-17 14:27:57.248000,405.2530757889048,98
2024-09-17 14:27:57.313000,405.2734546656484,14
2024-09-17 14:27:57.347000,405.25139167063054,105
2024-09-17 14:27:57.383000,405.277105232729,103
2024-09-17 14:27:57.420000,405.2508625442665,96
2024-09-17 14:27:57.473000,405.2716652697164,998
2024-09-17 14:27:57.637000,405.2613341321051,11
2024-09-17 14:27:57.672000,405.27943743858685,1002
2024-09-17 14:27:57.684000,405.2374622281952,14
2024-09-17 14:27:57.863000,405.2441645677758,95
2024-09-17 14:27:57.911000,405.2748915252324,998
2024-09-17 14:27:57.958000,405.2308659156693,8
2024-09-17 14:27:58.018000,405.27028566824055,9
2024-09-17 14:27:58.065000,405.2923681050472,14
2024-09-17 14:27:58.103000,405.260948710319,97
2024-09-17 14:27:58.123000,405.3069406843952,14
2024-09-17 14:27:58.149000,405.303261194445,998
2024-09-17 14:27:58.193000,405.2473511303675,5
2024-09-17 14:27:58.212000,405.3070904687896,15
2024-09-17 14:27:58.261000,405.2398509371847,99
2024-09-17 14:27:58.307000,405.2349037444996,1005
2024-09-17 14:27:58.327000,405.3045422077172,13
2024-09-17 14:27:58.340000,405.2787682247605,999
2024-09-17 14:27:58.350000,405.263339777539,1002
2024-09-17 14:27:58.355000,405.2718417433991,997
2024-09-17 14:27:58.456000,405.2691006296204,1002
2024-09-17 14:27:58.524000,405.2498367277996,1001
2024-09-17 14:27:58.546000,405.271608661322,95
2024-09-17 14:27:58.571000,405.25494274075726,10
2024-09-17 14:27:58.585000,405.29718775910266,96
2024-09-17 14:27:58.684000,405.2500473867435,95
2024-09-17 14:27:58.750000,405.245210680244,102
2024-09-17 14:27:58.766000,405.2821376348738,1005
2024-09-17 14:27:58.816000,405.2995918769809,14
2024-09-17 14:27:58.893000,405.31250107702937,96
2024-09-17 14:27:58.927000,405.2586131815274,1003
2024-09-17 14:27:58.930000,405.3117111399903,10
2024-09-17 14:27:58.957000,405.2328228797392,1005
2024-09-17 14:27:58.981000,405.3088222388838,104
2024-09-17 14:27:59.044000,405.2428967305125,101
2024-09-17 14:27:59.049000,405.2684792963225,96
2024-09-17 14:27:59.186000,405.244989476062,996
2024-09-17 14:27:59.392000,405.1862335712658,8
2024-09-17 14:27:59.397000,405.2127676315473,999
2024-09-17 14:27:59.551000,405.1559040700192,8
2024-09-17 14:27:59.722000,405.1766821001698,1002
2024-09-17 14:27:59.774000,405.2058842385385,105
2024-09-17 14:27:59.827000,405.22695789608105,6
2024-09-17 14:27:59.836000,405.2898969685003,13
2024-09-17 14:27:59.893000,405.1728222894384,101
2024-09-17 14:27:59.998000,405.1786209123317,99
