Timestamp,Price,Size
2024-09-17 12:27:01.025000,406.922946938485,995
2024-09-17 12:27:01.073000,406.89033234528375,15
2024-09-17 12:27:01.083000,406.8816743516669,100
2024-09-17 12:27:01.091000,406.8583634726719,1005
2024-09-17 12:27:01.113000,406.9324944321461,1003
2024-09-17 12:27:01.231000,406.8909795249909,998
2024-09-17 12:27:01.268000,406.9003313308456,102
2024-09-17 12:27:01.307000,406.8901656048075,100
2024-09-17 12:27:01.456000,406.9012556671201,104
2024-09-17 12:27:01.489000,406.8722103144871,98
2024-09-17 12:27:01.512000,406.8880503088085,1005
2024-09-17 12:27:01.521000,406.89105591193766,1001
2024-09-17 12:27:01.591000,406.9036042795216,98
2024-09-17 12:27:01.636000,406.8782854800259,996
2024-09-17 12:27:01.717000,406.890719413032,9
2024-09-17 12:27:01.753000,406.91441138507207,105
2024-09-17 12:27:01.761000,406.874636173322,98
2024-09-17 12:27:01.770000,406.8675588522921,1005
2024-09-17 12:27:01.787000,406.87313809501,98
2024-09-17 12:27:01.793000,406.899281013221,1002
2024-09-17 12:27:01.830000,406.87216249835535,5
2024-09-17 12:27:01.835000,406.8821359266756,11
2024-09-17 12:27:01.897000,406.8817933024592,101
2024-09-17 12:27:01.898000,406.8637762607563,997
2024-09-17 12:27:01.951000,406.8739086951156,998
2024-09-17 12:27:01.992000,406.9169287877745,10
2024-09-17 12:27:02.107000,406.8843409168696,1003
2024-09-17 12:27:02.408000,406.8736833314923,101
2024-09-17 12:27:02.422000,406.8855699305024,1000
2024-09-17 12:27:02.836000,406.886094216739,1005
2024-09-17 12:27:03.020000,406.9537684732031,96
2024-09-17 12:27:03.056000,406.9496624351375,997
2024-09-17 12:27:03.422000,406.899189322557,102
2024-09-17 12:27:03.501000,406.928899950995,96
2024-09-17 12:27:04.586000,406.9598922790683,9
2024-09-17 12:27:04.597000,406.9526867839899,6
2024-09-17 12:27:04.854000,406.93752476767,5
2024-09-17 12:27:04.906000,406.9343437702868,997
2024-09-17 12:27:04.907000,406.94597572478034,6
2024-09-17 12:27:04.915000,406.9515391865753,97
2024-09-17 12:27:05.117000,406.9165400023489,105
2024-09-17 12:27:05.263000,406.9683552042081,13
2024-09-17 12:27:05.333000,406.8892783292053,101
2024-09-17 12:27:05.394000,406.9176570544555,12
2024-09-17 12:27:05.419000,406.9622090493567,102
2024-09-17 12:27:05.420000,406.9632462043328,13
2024-09-17 12:27:05.541000,406.85202952560127,98
2024-09-17 12:27:05.545000,406.9320173693423,14
2024-09-17 12:27:05.734000,406.96486863345774,99
2024-09-17 12:27:05.758000,406.9448831141008,1001
2024-09-17 12:27:05.763000,406.9094969458459,98
2024-09-17 12:27:05.839000,406.879502219708,8
2024-09-17 12:27:05.839000,406.86923173118345,100
2024-09-17 12:27:05.868000,406.9814018181722,995
2024-09-17 12:27:05.909000,406.9482151715849,1000
2024-09-17 12:27:06.008000,406.92912904502737,6
2024-09-17 12:27:06.041000,406.8517952409954,1003
2024-09-17 12:27:06.123000,406.9129373247152,6
2024-09-17 12:27:06.124000,406.8618111245057,5
2024-09-17 12:27:06.211000,406.9817023788676,9
2024-09-17 12:27:06.265000,406.8476265512247,997
2024-09-17 12:27:06.282000,406.9477327700935,95
2024-09-17 12:27:06.446000,406.9194329080737,101
2024-09-17 12:27:06.450000,406.9503403082177,12
2024-09-17 12:27:06.498000,406.851669714212,102
2024-09-17 12:27:06.506000,406.988825703728,1003
2024-09-17 12:27:06.540000,406.9385838257091,101
2024-09-17 12:27:06.581000,406.9940508418709,1002
2024-09-17 12:27:06.612000,406.9529922006306,101
2024-09-17 12:27:06.791000,406.9692074889358,96
2024-09-17 12:27:06.809000,406.86939849991103,1001
2024-09-17 12:27:06.855000,406.89591499664425,7
2024-09-17 12:27:07.087000,407.0359239261848,105
2024-09-17 12:27:07.100000,407.0060752861455,98
2024-09-17 12:27:07.108000,407.0182841724869,98
2024-09-17 12:27:07.162000,407.0485591888557,105
2024-09-17 12:27:07.181000,407.0180812475626,12
2024-09-17 12:27:07.219000,406.99153741312296,103
2024-09-17 12:27:07.290000,407.0265519850231,13
2024-09-17 12:27:07.329000,407.0321287504688,15
2024-09-17 12:27:07.337000,407.0260339522569,105
2024-09-17 12:27:07.395000,407.065713160072,995
2024-09-17 12:27:07.401000,406.9876875008095,95
2024-09-17 12:27:07.404000,407.0377926374168,1000
2024-09-17 12:27:07.411000,407.0254942172675,995
2024-09-17 12:27:07.458000,407.047568524057,13
2024-09-17 12:27:07.509000,407.0551354471013,11
2024-09-17 12:27:07.662000,407.0369459989293,998
2024-09-17 12:27:07.669000,407.0067373281258,1000
2024-09-17 12:27:07.720000,407.00529388906347,98
2024-09-17 12:27:07.728000,406.9873343350528,1001
2024-09-17 12:27:07.745000,407.0365178178194,103
2024-09-17 12:27:07.802000,407.0520873329039,15
2024-09-17 12:27:07.830000,407.0219814842112,8
2024-09-17 12:27:07.846000,407.029703072878,12
2024-09-17 12:27:07.882000,407.054372437949,1002
2024-09-17 12:27:07.902000,407.0217587003646,1005
2024-09-17 12:27:07.903000,407.05599377033553,14
2024-09-17 12:27:07.924000,407.04770467427977,105
2024-09-17 12:27:07.937000,407.0461485841355,14
2024-09-17 12:27:07.980000,407.0382263990207,12
2024-09-17 12:27:08.139000,407.0890410399316,7
2024-09-17 12:27:08.206000,407.0597165717468,14
2024-09-17 12:27:08.224000,407.0751121042038,998
2024-09-17 12:27:08.224000,407.06159974370513,997
2024-09-17 12:27:08.780000,407.0641471384311,6
2024-09-17 12:27:09.878000,407.0602024781964,95
2024-09-17 12:27:10.039000,407.03869908554026,1001
2024-09-17 12:27:10.056000,407.0448471255472,998
2024-09-17 12:27:10.095000,407.0590362032662,1002
2024-09-17 12:27:10.159000,407.0319724453108,97
2024-09-17 12:27:10.160000,407.0810855620737,97
2024-09-17 12:27:10.170000,407.023523612409,96
2024-09-17 12:27:10.181000,407.03857716480616,15
2024-09-17 12:27:10.195000,407.0860843956344,103
2024-09-17 12:27:10.237000,407.0607996232125,1005
2024-09-17 12:27:10.298000,407.0369259368786,995
2024-09-17 12:27:10.321000,407.073678584697,103
2024-09-17 12:27:10.327000,407.0260768652472,104
2024-09-17 12:27:10.331000,407.03346121395504,1001
2024-09-17 12:27:10.420000,406.9997049755214,7
2024-09-17 12:27:10.432000,407.03159804691205,7
2024-09-17 12:27:10.435000,407.0221421642089,105
2024-09-17 12:27:10.492000,407.0690213079153,5
2024-09-17 12:27:10.497000,407.0516005225511,6
2024-09-17 12:27:10.580000,407.0624457176201,95
2024-09-17 12:27:10.601000,407.0654697138292,1000
2024-09-17 12:27:10.644000,407.0405328156284,100
2024-09-17 12:27:10.671000,407.040032916292,1002
2024-09-17 12:27:10.723000,407.0768577299874,103
2024-09-17 12:27:10.734000,407.0422682462056,104
2024-09-17 12:27:10.803000,407.02647247903,1004
2024-09-17 12:27:10.840000,407.08879248280914,995
2024-09-17 12:27:10.908000,407.0262050699157,9
2024-09-17 12:27:10.944000,407.0397305463693,102
2024-09-17 12:27:10.954000,407.0259843524556,102
2024-09-17 12:27:10.977000,407.0423599095024,998
2024-09-17 12:27:11.085000,406.9853800026157,1001
2024-09-17 12:27:11.188000,406.9779471368653,1005
2024-09-17 12:27:11.200000,406.9511004107982,12
2024-09-17 12:27:11.424000,406.9702656506312,100
2024-09-17 12:27:11.457000,406.9934786734056,98
2024-09-17 12:27:11.496000,406.9708531850558,1000
2024-09-17 12:27:11.533000,407.0185087188602,97
2024-09-17 12:27:11.557000,406.989968283828,998
2024-09-17 12:27:11.575000,407.0234079391221,13
2024-09-17 12:27:11.788000,407.0131309219536,14
2024-09-17 12:27:11.926000,407.0152232457248,104
2024-09-17 12:27:11.990000,407.0134622255744,5
2024-09-17 12:27:12.056000,407.0544884305129,104
2024-09-17 12:27:12.107000,407.041059243912,14
2024-09-17 12:27:12.165000,407.05599419982616,11
2024-09-17 12:27:12.302000,407.0610262782057,14
2024-09-17 12:27:12.327000,407.0434938388656,103
2024-09-17 12:27:12.449000,407.0462779455451,102
2024-09-17 12:27:12.461000,407.0604925961056,12
2024-09-17 12:27:12.462000,407.0609715495784,1005
2024-09-17 12:27:12.564000,407.03071477816286,104
2024-09-17 12:27:13.040000,407.0235451125884,8
2024-09-17 12:27:13.150000,407.0331445507783,10
2024-09-17 12:27:13.262000,407.0366539913214,97
2024-09-17 12:27:13.308000,406.9926277308791,1003
2024-09-17 12:27:13.357000,406.99542112753625,13
2024-09-17 12:27:13.365000,407.0187604432854,14
2024-09-17 12:27:13.433000,407.0030519694917,8
2024-09-17 12:27:13.471000,406.983718585837,999
2024-09-17 12:27:13.505000,407.0099224917768,9
2024-09-17 12:27:13.541000,407.0017072341415,8
2024-09-17 12:27:13.565000,407.0143973284614,99
2024-09-17 12:27:13.589000,407.0028223660571,10
2024-09-17 12:27:13.674000,407.0198754268199,96
2024-09-17 12:27:13.730000,407.0021183847177,14
2024-09-17 12:27:13.777000,407.015725991016,99
2024-09-17 12:27:13.853000,407.00075798539945,6
2024-09-17 12:27:13.895000,407.01841444049086,13
2024-09-17 12:27:13.924000,407.0108710205959,999
2024-09-17 12:27:13.944000,407.00608955261606,101
2024-09-17 12:27:13.992000,406.9957310957882,14
2024-09-17 12:27:14.063000,407.0167445370392,7
2024-09-17 12:27:14.074000,407.0033118347659,996
2024-09-17 12:27:14.089000,407.01924455609657,99
2024-09-17 12:27:14.126000,407.0283700331243,95
2024-09-17 12:27:14.153000,407.0243696189413,95
2024-09-17 12:27:14.252000,406.9948758213122,1000
2024-09-17 12:27:14.263000,407.00157128213465,995
2024-09-17 12:27:14.279000,407.01238103562736,96
2024-09-17 12:27:14.347000,407.0383284998233,96
2024-09-17 12:27:14.371000,406.9962151212972,6
2024-09-17 12:27:14.416000,407.0312786825052,7
2024-09-17 12:27:14.497000,407.040936322929,1003
2024-09-17 12:27:14.723000,406.9975067861717,14
2024-09-17 12:27:14.745000,406.9975107546397,6
2024-09-17 12:27:14.771000,407.019326249176,11
2024-09-17 12:27:14.920000,407.0337885574677,995
2024-09-17 12:27:14.940000,407.0037251859949,9
2024-09-17 12:27:14.966000,407.0455702395308,98
2024-09-17 12:27:15.074000,406.9407754941684,99
2024-09-17 12:27:15.234000,406.9413278667463,103
2024-09-17 12:27:15.257000,407.0049316969433,5
2024-09-17 12:27:15.319000,406.9450845903799,1000
2024-09-17 12:27:15.505000,406.9453975293715,11
2024-09-17 12:27:15.577000,406.9674743600484,96
2024-09-17 12:27:15.589000,406.9655173486199,1004
2024-09-17 12:27:15.626000,406.9740757957504,10
2024-09-17 12:27:15.669000,406.9665213677562,6
2024-09-17 12:27:15.811000,406.98529665325896,98
2024-09-17 12:27:16.019000,407.0091106168656,998
2024-09-17 12:27:16.101000,406.9778706675453,12
2024-09-17 12:27:16.105000,407.01484861078734,14
2024-09-17 12:27:16.188000,407.0310112466869,105
2024-09-17 12:27:16.204000,407.02144123442974,101
2024-09-17 12:27:16.210000,407.0327319909114,100
2024-09-17 12:27:16.230000,407.0278414065956,5
2024-09-17 12:27:16.251000,407.03036903881264,97
2024-09-17 12:27:16.300000,407.03310468023926,1001
2024-09-17 12:27:16.354000,407.0115052415137,12
2024-09-17 12:27:16.355000,406.95573209312215,95
2024-09-17 12:27:16.385000,406.9639069325325,998
2024-09-17 12:27:16.401000,406.9666009849733,996
2024-09-17 12:27:16.439000,407.02957801655447,998
2024-09-17 12:27:16.496000,406.96228991673513,99
2024-09-17 12:27:16.523000,406.984456097826,102
2024-09-17 12:27:16.547000,406.9666012081788,13
2024-09-17 12:27:16.689000,406.9599644484193,7
2024-09-17 12:27:16.754000,406.9677304670662,98
2024-09-17 12:27:16.777000,406.97838983487367,15
2024-09-17 12:27:16.842000,407.0105098499515,1002
2024-09-17 12:27:16.846000,407.00145545017466,1005
2024-09-17 12:27:16.969000,406.9610365157571,103
2024-09-17 12:27:17.013000,407.0152279145894,105
2024-09-17 12:27:17.042000,407.0390799710007,6
2024-09-17 12:27:17.071000,407.0414009227556,14
2024-09-17 12:27:17.230000,407.0144033292368,105
2024-09-17 12:27:17.236000,407.0457365281584,7
2024-09-17 12:27:17.337000,407.0288869841144,98
2024-09-17 12:27:17.353000,406.9982045586504,1005
2024-09-17 12:27:17.400000,407.02993544285874,1003
2024-09-17 12:27:17.519000,407.0379267622861,10
2024-09-17 12:27:17.520000,407.04394914742346,5
2024-09-17 12:27:17.520000,407.0314116426439,9
2024-09-17 12:27:17.528000,407.0059275967027,102
2024-09-17 12:27:17.562000,407.0293934971799,1005
2024-09-17 12:27:17.645000,407.0240838481961,999
2024-09-17 12:27:17.757000,407.02834823224026,103
2024-09-17 12:27:17.773000,407.0048165886631,11
2024-09-17 12:27:17.809000,407.02341887491406,9
2024-09-17 12:27:17.907000,407.0217488978291,104
2024-09-17 12:27:17.946000,407.0499170695375,1004
2024-09-17 12:27:18.675000,407.0056465755264,13
2024-09-17 12:27:19.119000,406.9847518466916,98
2024-09-17 12:27:19.201000,407.0039677270248,1003
2024-09-17 12:27:19.203000,406.9733319679886,101
2024-09-17 12:27:19.223000,407.01814521748713,11
2024-09-17 12:27:19.254000,406.9887075215896,997
2024-09-17 12:27:19.651000,406.9903513127102,100
2024-09-17 12:27:19.835000,407.01316279480267,95
2024-09-17 12:27:20.007000,406.9993400960456,14
2024-09-17 12:27:20.013000,407.07834478976974,5
2024-09-17 12:27:20.032000,406.9890695407682,104
2024-09-17 12:27:20.072000,407.0014642251999,96
2024-09-17 12:27:20.116000,407.01320016449,1004
2024-09-17 12:27:20.123000,406.9968821711911,999
2024-09-17 12:27:20.148000,406.9859812776588,99
2024-09-17 12:27:20.190000,407.1031574390833,1000
2024-09-17 12:27:20.339000,407.0677823612656,997
2024-09-17 12:27:20.342000,407.0428850297178,14
2024-09-17 12:27:20.369000,406.9906234847761,1005
2024-09-17 12:27:20.380000,406.9786483369217,8
2024-09-17 12:27:20.382000,406.9795623164434,104
2024-09-17 12:27:20.460000,406.9670591470407,102
2024-09-17 12:27:20.466000,407.0367696107328,95
2024-09-17 12:27:20.485000,407.0131008929364,995
2024-09-17 12:27:20.516000,407.09622200889794,15
2024-09-17 12:27:20.556000,406.9977319043928,97
2024-09-17 12:27:20.836000,407.1243730845696,97
2024-09-17 12:27:20.853000,406.9836703871064,12
2024-09-17 12:27:20.866000,406.9964652580634,15
2024-09-17 12:27:20.954000,407.0187597146872,13
2024-09-17 12:27:21.005000,407.109467785221,14
2024-09-17 12:27:21.014000,407.1217324674162,10
2024-09-17 12:27:21.108000,407.1115647308902,11
2024-09-17 12:27:21.117000,407.1230929820635,103
2024-09-17 12:27:21.119000,407.1147602235002,996
2024-09-17 12:27:21.175000,407.1462053992883,104
2024-09-17 12:27:21.302000,407.09841871321646,104
2024-09-17 12:27:21.361000,407.1260587622294,105
2024-09-17 12:27:21.382000,407.1172032836242,999
2024-09-17 12:27:21.387000,407.1248066313488,13
2024-09-17 12:27:21.502000,407.1145381549463,105
2024-09-17 12:27:21.547000,407.1100423386346,996
2024-09-17 12:27:21.581000,407.11181326875646,995
2024-09-17 12:27:21.744000,407.104444250802,102
2024-09-17 12:27:21.746000,407.1243852157911,7
2024-09-17 12:27:21.775000,407.11455123521387,105
2024-09-17 12:27:21.775000,407.1259885279734,5
2024-09-17 12:27:21.817000,407.0911751790935,1002
2024-09-17 12:27:21.853000,407.1105346788091,96
2024-09-17 12:27:21.915000,407.1521094960756,998
2024-09-17 12:27:21.933000,407.10869695148654,103
2024-09-17 12:27:22.109000,407.1403056268549,102
2024-09-17 12:27:22.190000,407.171509898316,104
2024-09-17 12:27:22.238000,407.1500340717843,96
2024-09-17 12:27:22.251000,407.1550133538592,101
2024-09-17 12:27:22.281000,407.1583502861107,1005
2024-09-17 12:27:22.340000,407.15948637073575,1000
2024-09-17 12:27:22.437000,407.1628646885249,13
2024-09-17 12:27:22.456000,407.1583478359963,999
2024-09-17 12:27:22.508000,407.164475962582,1002
2024-09-17 12:27:22.678000,407.1661975243034,98
2024-09-17 12:27:22.725000,407.1523055528749,14
2024-09-17 12:27:22.732000,407.1554461074839,9
2024-09-17 12:27:22.755000,407.1563313732075,95
2024-09-17 12:27:22.767000,407.1805516089546,997
2024-09-17 12:27:22.785000,407.1417062042489,9
2024-09-17 12:27:22.818000,407.1546663257541,1001
2024-09-17 12:27:22.868000,407.18108895413127,14
2024-09-17 12:27:22.925000,407.1539568540836,997
2024-09-17 12:27:23.138000,407.2080435195324,997
2024-09-17 12:27:23.146000,407.1893570823547,9
2024-09-17 12:27:23.183000,407.1263399260199,1001
2024-09-17 12:27:23.199000,407.1897396421027,6
2024-09-17 12:27:23.221000,407.2023745618919,95
2024-09-17 12:27:23.438000,407.1530858675439,996
2024-09-17 12:27:23.446000,407.1793617241344,101
2024-09-17 12:27:23.446000,407.1777537262141,98
2024-09-17 12:27:23.457000,407.2011891773688,12
2024-09-17 12:27:23.457000,407.1715929883889,995
2024-09-17 12:27:23.521000,407.18049060007456,6
2024-09-17 12:27:23.564000,407.1486577017671,13
2024-09-17 12:27:23.671000,407.1791043331043,9
2024-09-17 12:27:23.834000,407.1841204790411,101
2024-09-17 12:27:23.860000,407.1989764687197,99
2024-09-17 12:27:23.896000,407.1696222604713,1000
2024-09-17 12:27:23.900000,407.1361134386651,98
2024-09-17 12:27:23.909000,407.1602128875194,1001
2024-09-17 12:27:23.986000,407.1658362719233,101
2024-09-17 12:27:24.005000,407.2069549332376,6
2024-09-17 12:27:24.009000,407.1980320684144,5
2024-09-17 12:27:24.025000,407.1809488998067,1002
2024-09-17 12:27:24.046000,407.1863146648335,100
2024-09-17 12:27:24.086000,407.1992925882799,14
2024-09-17 12:27:24.239000,407.1932219160352,10
2024-09-17 12:27:24.250000,407.18235001842856,9
2024-09-17 12:27:24.297000,407.2046778179224,1004
2024-09-17 12:27:24.357000,407.2097057818508,97
2024-09-17 12:27:24.545000,407.1860435888536,15
2024-09-17 12:27:24.747000,407.2101643321024,103
2024-09-17 12:27:24.757000,407.20615156706657,1004
2024-09-17 12:27:24.846000,407.19849062436674,15
2024-09-17 12:27:24.936000,407.1987981232135,95
2024-09-17 12:27:24.999000,407.2195554676293,9
2024-09-17 12:27:25.053000,407.1775173155351,100
2024-09-17 12:27:25.067000,407.1736030882431,1000
2024-09-17 12:27:25.097000,407.1678192376904,97
2024-09-17 12:27:25.236000,407.1649143276549,996
2024-09-17 12:27:25.310000,407.1865426319522,1001
2024-09-17 12:27:25.348000,407.175377096984,102
2024-09-17 12:27:25.358000,407.1645500413915,95
2024-09-17 12:27:25.417000,407.1889194403733,99
2024-09-17 12:27:25.434000,407.1770779013512,995
2024-09-17 12:27:25.589000,407.18290902785816,105
2024-09-17 12:27:25.608000,407.176922128234,15
2024-09-17 12:27:25.614000,407.17671669352825,102
2024-09-17 12:27:25.727000,407.1702650717297,12
2024-09-17 12:27:25.884000,407.1939872104032,1000
2024-09-17 12:27:25.911000,407.1644687373935,95
2024-09-17 12:27:26.001000,407.1832916830569,1002
2024-09-17 12:27:26.009000,407.2040896174754,95
2024-09-17 12:27:26.026000,407.2017055708926,10
2024-09-17 12:27:26.087000,407.196511750905,998
2024-09-17 12:27:26.122000,407.2102821492735,1005
2024-09-17 12:27:26.157000,407.1815010161189,12
2024-09-17 12:27:26.250000,407.2146340772656,101
2024-09-17 12:27:26.277000,407.1872400341165,6
2024-09-17 12:27:26.317000,407.19944152837775,999
2024-09-17 12:27:26.421000,407.1872862415888,95
2024-09-17 12:27:26.452000,407.2132473472501,995
2024-09-17 12:27:26.579000,407.2018319172125,1000
2024-09-17 12:27:26.738000,407.2162551746064,14
2024-09-17 12:27:26.808000,407.1970426328063,103
2024-09-17 12:27:26.842000,407.199453540674,12
2024-09-17 12:27:26.848000,407.1881611199565,995
2024-09-17 12:27:26.873000,407.2196900524431,998
2024-09-17 12:27:26.883000,407.2112036595599,95
2024-09-17 12:27:26.910000,407.18525125399793,98
2024-09-17 12:27:26.925000,407.188346877118,103
2024-09-17 12:27:26.968000,407.1676199056935,15
2024-09-17 12:27:26.994000,407.20752550838193,103
2024-09-17 12:27:26.997000,407.2029496862836,1004
2024-09-17 12:27:27.315000,407.3180999681408,13
2024-09-17 12:27:27.332000,407.3069927908725,6
2024-09-17 12:27:27.447000,407.21590327433375,1003
2024-09-17 12:27:27.518000,407.1911016246967,999
2024-09-17 12:27:27.594000,407.27109223717855,96
2024-09-17 12:27:27.641000,407.1988566451965,98
2024-09-17 12:27:27.764000,407.2969532795949,1000
2024-09-17 12:27:27.963000,407.2485799977989,102
2024-09-17 12:27:28.127000,407.29925638562594,10
2024-09-17 12:27:28.149000,407.3204471762608,98
2024-09-17 12:27:28.243000,407.3032717484427,999
2024-09-17 12:27:28.302000,407.29125678993927,1000
2024-09-17 12:27:29.075000,407.32321623125387,96
2024-09-17 12:27:29.091000,407.31026052994986,12
2024-09-17 12:27:29.279000,407.3359967048143,8
2024-09-17 12:27:29.286000,407.30371230467694,99
2024-09-17 12:27:29.313000,407.2924844977787,95
2024-09-17 12:27:29.555000,407.29142805191685,95
2024-09-17 12:27:29.759000,407.2829316133702,98
2024-09-17 12:27:29.770000,407.33331513301465,95
2024-09-17 12:27:29.770000,407.32360512592135,10
2024-09-17 12:27:29.834000,407.2748692529424,101
2024-09-17 12:27:29.888000,407.3270498411805,97
2024-09-17 12:27:29.946000,407.32582689767474,995
2024-09-17 12:27:29.969000,407.2921381341914,15
2024-09-17 12:27:30.061000,407.31283443100335,13
2024-09-17 12:27:30.151000,407.3232803557998,95
2024-09-17 12:27:30.153000,407.322431841604,996
2024-09-17 12:27:30.298000,407.2930903237384,7
2024-09-17 12:27:30.374000,407.2994157373731,103
2024-09-17 12:27:30.407000,407.2825735903656,11
2024-09-17 12:27:30.448000,407.297658082266,103
2024-09-17 12:27:30.489000,407.2963610781637,97
2024-09-17 12:27:30.515000,407.3086544463805,1002
2024-09-17 12:27:30.560000,407.2758413973956,6
2024-09-17 12:27:30.571000,407.2722941415679,15
2024-09-17 12:27:30.581000,407.3193042564574,96
2024-09-17 12:27:30.601000,407.311467601925,96
2024-09-17 12:27:30.603000,407.308882804832,13
2024-09-17 12:27:30.627000,407.3034348567844,997
2024-09-17 12:27:30.754000,407.29640558548886,105
2024-09-17 12:27:30.800000,407.296628217161,1004
2024-09-17 12:27:30.855000,407.2896741075609,1000
2024-09-17 12:27:30.875000,407.2822524442397,14
2024-09-17 12:27:30.890000,407.2871783228897,5
2024-09-17 12:27:30.894000,407.2814053394932,99
2024-09-17 12:27:30.943000,407.275082092054,102
2024-09-17 12:27:31.016000,407.3519157764205,100
2024-09-17 12:27:31.118000,407.347163956052,98
2024-09-17 12:27:31.175000,407.3252191695502,14
2024-09-17 12:27:31.256000,407.3123222250522,102
2024-09-17 12:27:31.311000,407.3210344031927,14
2024-09-17 12:27:31.320000,407.32983227924296,1000
2024-09-17 12:27:31.357000,407.3491271790247,5
2024-09-17 12:27:31.403000,407.3222520141628,101
2024-09-17 12:27:31.476000,407.3565651087433,1002
2024-09-17 12:27:31.596000,407.3131975970728,12
2024-09-17 12:27:31.644000,407.32488906232953,999
2024-09-17 12:27:31.666000,407.3545160305311,995
2024-09-17 12:27:31.752000,407.3084584435708,105
2024-09-17 12:27:31.763000,407.33539446157,100
2024-09-17 12:27:31.823000,407.32731051339897,99
2024-09-17 12:27:31.952000,407.30046421934327,101
2024-09-17 12:27:31.983000,407.32284850791336,996
2024-09-17 12:27:32.379000,407.296312586487,999
2024-09-17 12:27:32.801000,407.3039678089918,102
2024-09-17 12:27:32.836000,407.3031813837823,95
2024-09-17 12:27:33.103000,407.2348129637711,995
2024-09-17 12:27:33.136000,407.22460320995,12
2024-09-17 12:27:33.136000,407.2231835368245,14
2024-09-17 12:27:33.150000,407.21513674729954,5
2024-09-17 12:27:33.177000,407.2678745315641,104
2024-09-17 12:27:33.189000,407.2582567566808,97
2024-09-17 12:27:33.235000,407.2678824700864,7
2024-09-17 12:27:33.326000,407.2238221615919,98
2024-09-17 12:27:33.333000,407.2109345569145,9
2024-09-17 12:27:33.333000,407.2153475884272,99
2024-09-17 12:27:33.462000,407.2506759000436,105
2024-09-17 12:27:33.616000,407.22966660136274,1003
2024-09-17 12:27:33.617000,407.2349469647895,8
2024-09-17 12:27:33.660000,407.231143610214,6
2024-09-17 12:27:33.711000,407.2047069877185,100
2024-09-17 12:27:33.718000,407.25808640082255,103
2024-09-17 12:27:33.792000,407.2857212486754,5
2024-09-17 12:27:33.942000,407.2215447394551,12
2024-09-17 12:27:33.978000,407.2770123935856,5
2024-09-17 12:27:34.056000,407.27070315493614,102
2024-09-17 12:27:34.075000,407.3011569657372,1005
2024-09-17 12:27:34.116000,407.3024194363632,6
2024-09-17 12:27:34.275000,407.287493902997,9
2024-09-17 12:27:34.299000,407.2632719738549,15
2024-09-17 12:27:34.372000,407.25860090088827,98
2024-09-17 12:27:34.391000,407.2794071390555,13
2024-09-17 12:27:34.417000,407.30579325419086,104
2024-09-17 12:27:34.540000,407.29425989766986,995
2024-09-17 12:27:34.591000,407.2857790193296,11
2024-09-17 12:27:34.684000,407.2801065970365,103
2024-09-17 12:27:34.822000,407.3023790463919,104
2024-09-17 12:27:34.927000,407.3186941260774,98
2024-09-17 12:27:34.955000,407.3008956369658,96
2024-09-17 12:27:35.025000,407.32084699858586,997
2024-09-17 12:27:35.055000,407.33383421403846,8
2024-09-17 12:27:35.085000,407.3261066476259,998
2024-09-17 12:27:35.159000,407.2913921938217,105
2024-09-17 12:27:35.228000,407.3247266793084,995
2024-09-17 12:27:35.241000,407.3073993724231,1005
2024-09-17 12:27:35.301000,407.33402863436805,12
2024-09-17 12:27:35.317000,407.3129770039681,96
2024-09-17 12:27:35.321000,407.30647823826575,1000
2024-09-17 12:27:35.342000,407.28962448125225,7
2024-09-17 12:27:35.400000,407.3060515819185,997
2024-09-17 12:27:35.439000,407.32779207764446,998
2024-09-17 12:27:35.465000,407.3181358886408,996
2024-09-17 12:27:35.517000,407.31079799976703,99
2024-09-17 12:27:35.581000,407.2984620804554,105
2024-09-17 12:27:35.592000,407.3212204527375,99
2024-09-17 12:27:35.597000,407.3334271341531,1004
2024-09-17 12:27:35.682000,407.32451901856734,101
2024-09-17 12:27:35.852000,407.3040360283993,102
2024-09-17 12:27:35.863000,407.3372772288882,102
2024-09-17 12:27:35.891000,407.32649704720205,13
2024-09-17 12:27:35.958000,407.2852587205524,102
2024-09-17 12:27:35.984000,407.29289364155983,997
2024-09-17 12:27:36.055000,407.3166168499052,13
2024-09-17 12:27:36.241000,407.3168480031622,999
2024-09-17 12:27:36.249000,407.3385782668466,1003
2024-09-17 12:27:36.256000,407.3674030569972,1004
2024-09-17 12:27:36.319000,407.3544258377482,100
2024-09-17 12:27:36.378000,407.3825316368888,1000
2024-09-17 12:27:36.430000,407.33606471129673,997
2024-09-17 12:27:36.472000,407.3090471106496,99
2024-09-17 12:27:36.561000,407.3252640045108,99
2024-09-17 12:27:36.718000,407.3550897253088,1004
2024-09-17 12:27:36.765000,407.3691753996926,998
2024-09-17 12:27:36.766000,407.29914022791576,996
2024-09-17 12:27:36.794000,407.3402530948897,95
2024-09-17 12:27:36.806000,407.3041059196415,995
2024-09-17 12:27:37.033000,407.3219008151332,996
2024-09-17 12:27:37.041000,407.3918030820426,13
2024-09-17 12:27:37.049000,407.3158156594232,105
2024-09-17 12:27:37.094000,407.34674536246007,1001
2024-09-17 12:27:37.213000,407.32085628990126,101
2024-09-17 12:27:37.238000,407.3674256137449,97
2024-09-17 12:27:37.277000,407.3195759076992,1000
2024-09-17 12:27:37.365000,407.32482056732687,998
2024-09-17 12:27:37.371000,407.3441300437645,997
2024-09-17 12:27:37.388000,407.37107064309856,11
2024-09-17 12:27:37.408000,407.3199195056004,9
2024-09-17 12:27:37.425000,407.364489216818,12
2024-09-17 12:27:37.492000,407.3890989356373,15
2024-09-17 12:27:37.498000,407.3475451165692,96
2024-09-17 12:27:37.509000,407.34976598964266,95
2024-09-17 12:27:37.616000,407.34933832695,103
2024-09-17 12:27:37.649000,407.3175575614127,97
2024-09-17 12:27:37.675000,407.39401469349485,7
2024-09-17 12:27:37.686000,407.3332425505937,103
2024-09-17 12:27:37.744000,407.3914975052393,97
2024-09-17 12:27:37.773000,407.3109511416764,96
2024-09-17 12:27:37.782000,407.37813763471456,104
2024-09-17 12:27:37.839000,407.3712625988169,1003
2024-09-17 12:27:37.874000,407.3822958553735,12
2024-09-17 12:27:37.908000,407.3054700249032,995
2024-09-17 12:27:37.918000,407.3343343639657,101
2024-09-17 12:27:37.962000,407.3111187836492,1005
2024-09-17 12:27:38.150000,407.3137104286676,15
2024-09-17 12:27:38.322000,407.311950176537,1005
2024-09-17 12:27:38.446000,407.3253571894738,102
2024-09-17 12:27:38.534000,407.3151551342274,100
2024-09-17 12:27:38.616000,407.3435897919915,9
2024-09-17 12:27:38.658000,407.3296331461826,99
2024-09-17 12:27:38.839000,407.3238266867675,997
2024-09-17 12:27:39.624000,407.3224937680861,1002
2024-09-17 12:27:39.951000,407.3034935986407,998
2024-09-17 12:27:40.005000,407.3680239457729,1002
2024-09-17 12:27:40.011000,407.3867846797788,97
2024-09-17 12:27:40.097000,407.3751949972471,98
2024-09-17 12:27:40.098000,407.3765864243133,13
2024-09-17 12:27:40.103000,407.36133863983247,1003
2024-09-17 12:27:40.105000,407.3435313811149,105
2024-09-17 12:27:40.113000,407.3718232474671,1004
2024-09-17 12:27:40.134000,407.3628238174577,999
2024-09-17 12:27:40.225000,407.3368939183172,998
2024-09-17 12:27:40.227000,407.38105000432927,13
2024-09-17 12:27:40.256000,407.35578901023,99
2024-09-17 12:27:40.303000,407.3443813075124,95
2024-09-17 12:27:40.337000,407.3692520400528,100
2024-09-17 12:27:40.396000,407.3483494011912,100
2024-09-17 12:27:40.435000,407.3881303358935,7
2024-09-17 12:27:40.460000,407.35821724742095,1001
2024-09-17 12:27:40.542000,407.3790344158997,1001
2024-09-17 12:27:40.624000,407.31783848710216,98
2024-09-17 12:27:40.707000,407.3345765344443,10
2024-09-17 12:27:40.747000,407.3434949436746,1004
2024-09-17 12:27:40.823000,407.3578877190488,1000
2024-09-17 12:27:41.379000,407.4221834761893,97
2024-09-17 12:27:41.563000,407.4512539578,5
2024-09-17 12:27:41.599000,407.4350798944108,100
2024-09-17 12:27:41.667000,407.39949948170016,998
2024-09-17 12:27:41.742000,407.44172664042594,995
2024-09-17 12:27:41.748000,407.417579849768,1003
2024-09-17 12:27:41.869000,407.4345905965064,99
2024-09-17 12:27:41.873000,407.4222947129957,15
2024-09-17 12:27:42.008000,407.450524593702,7
2024-09-17 12:27:42.075000,407.4391847486406,8
2024-09-17 12:27:42.078000,407.4831703033653,1003
2024-09-17 12:27:42.085000,407.4786422079516,1000
2024-09-17 12:27:42.170000,407.4518715263552,95
2024-09-17 12:27:42.196000,407.4507203853966,98
2024-09-17 12:27:42.200000,407.4742546556493,105
2024-09-17 12:27:42.201000,407.4677749777266,13
2024-09-17 12:27:42.236000,407.4499176004469,1005
2024-09-17 12:27:42.554000,407.4553666363836,104
2024-09-17 12:27:42.593000,407.4842017224942,1004
2024-09-17 12:27:42.707000,407.4677110999211,97
2024-09-17 12:27:42.860000,407.4581256859749,10
2024-09-17 12:27:42.923000,407.4948807401928,1004
2024-09-17 12:27:42.941000,407.4640205413073,1001
2024-09-17 12:27:42.948000,407.4815668385016,98
2024-09-17 12:27:43.057000,407.4751445950236,104
2024-09-17 12:27:43.296000,407.48447178033047,11
2024-09-17 12:27:43.689000,407.5011746424832,12
2024-09-17 12:27:44.017000,407.4213421512357,105
2024-09-17 12:27:44.105000,407.3959739226947,1004
2024-09-17 12:27:44.141000,407.4857814207826,6
2024-09-17 12:27:44.183000,407.4203378585256,9
2024-09-17 12:27:44.201000,407.4108275278135,98
2024-09-17 12:27:44.488000,407.41758466000095,995
2024-09-17 12:27:44.576000,407.42087532394737,995
2024-09-17 12:27:44.647000,407.3981283495402,1003
2024-09-17 12:27:44.658000,407.41232789579664,1000
2024-09-17 12:27:44.681000,407.4546864307258,5
2024-09-17 12:27:44.689000,407.45770961417867,1003
2024-09-17 12:27:44.718000,407.40284052746455,1005
2024-09-17 12:27:44.799000,407.4922665671728,99
2024-09-17 12:27:44.833000,407.4320691426358,7
2024-09-17 12:27:44.855000,407.4105364802581,99
2024-09-17 12:27:44.859000,407.411623260692,1004
2024-09-17 12:27:44.889000,407.5045340906963,104
2024-09-17 12:27:44.994000,407.4579930526661,98
2024-09-17 12:27:45.021000,407.451083145242,13
2024-09-17 12:27:45.054000,407.3933146137077,1000
2024-09-17 12:27:45.077000,407.3905517892157,997
2024-09-17 12:27:45.110000,407.4434080238305,96
2024-09-17 12:27:45.284000,407.382810813099,1004
2024-09-17 12:27:45.285000,407.3873220450842,1005
2024-09-17 12:27:45.393000,407.3847570200597,1002
2024-09-17 12:27:45.441000,407.46908776086576,98
2024-09-17 12:27:45.474000,407.447486071707,998
2024-09-17 12:27:45.490000,407.4679550842596,13
2024-09-17 12:27:45.573000,407.3943411951024,1005
2024-09-17 12:27:45.602000,407.3938795257872,99
2024-09-17 12:27:45.640000,407.4096422539927,9
2024-09-17 12:27:45.672000,407.4579826520608,14
2024-09-17 12:27:45.702000,407.422837648612,9
2024-09-17 12:27:45.722000,407.38834839565095,1002
2024-09-17 12:27:45.747000,407.4685001596507,1002
2024-09-17 12:27:45.784000,407.3988885315144,7
2024-09-17 12:27:45.826000,407.4392993618046,5
2024-09-17 12:27:45.832000,407.3724713010162,105
2024-09-17 12:27:45.834000,407.3908236408281,996
2024-09-17 12:27:45.944000,407.4179306287103,1001
2024-09-17 12:27:45.991000,407.46542988470856,13
2024-09-17 12:27:46.333000,407.3950468479256,1005
2024-09-17 12:27:46.764000,407.37818742027486,7
2024-09-17 12:27:46.954000,407.36099269880447,1001
2024-09-17 12:27:47.249000,407.3346814836933,998
2024-09-17 12:27:47.397000,407.3085542787837,95
2024-09-17 12:27:47.656000,407.3300737750959,1000
2024-09-17 12:27:47.717000,407.3292434326431,102
2024-09-17 12:27:47.720000,407.3279145089779,14
2024-09-17 12:27:47.836000,407.3075703498764,101
2024-09-17 12:27:47.881000,407.3464549634773,15
2024-09-17 12:27:47.925000,407.355572961725,5
2024-09-17 12:27:50.022000,407.2839610579339,11
2024-09-17 12:27:50.026000,407.30049459293406,995
2024-09-17 12:27:50.163000,407.32772687416,13
2024-09-17 12:27:50.286000,407.346887821418,95
2024-09-17 12:27:50.337000,407.3472070012089,8
2024-09-17 12:27:50.371000,407.2873063713264,999
2024-09-17 12:27:50.380000,407.3100415348671,995
2024-09-17 12:27:50.440000,407.2968228103368,997
2024-09-17 12:27:50.542000,407.33464379813967,97
2024-09-17 12:27:50.563000,407.3376355669924,996
2024-09-17 12:27:50.613000,407.3176007316663,104
2024-09-17 12:27:50.710000,407.3054331418928,1001
2024-09-17 12:27:50.736000,407.2948929767957,999
2024-09-17 12:27:50.766000,407.30058087196034,98
2024-09-17 12:27:50.870000,407.2937064576904,1001
2024-09-17 12:27:50.919000,407.3083040170024,998
2024-09-17 12:27:50.933000,407.33382943041295,95
2024-09-17 12:27:50.933000,407.3281003919285,7
2024-09-17 12:27:50.954000,407.30580165374977,1002
2024-09-17 12:27:51.028000,407.3143508236941,97
2024-09-17 12:27:51.150000,407.31220807952127,1002
2024-09-17 12:27:51.162000,407.3075511981693,1000
2024-09-17 12:27:51.197000,407.3057333744245,996
2024-09-17 12:27:51.298000,407.3012476268184,1002
2024-09-17 12:27:51.309000,407.3203612650344,1003
2024-09-17 12:27:51.373000,407.3217269137641,5
2024-09-17 12:27:51.738000,407.3178421161232,97
2024-09-17 12:27:51.761000,407.3201145682055,10
2024-09-17 12:27:51.786000,407.3055226630053,1004
2024-09-17 12:27:51.818000,407.3112792591126,6
2024-09-17 12:27:51.832000,407.3221047919615,101
2024-09-17 12:27:51.931000,407.30095398928006,11
2024-09-17 12:27:51.948000,407.2951501265234,13
2024-09-17 12:27:51.950000,407.3054563691082,96
2024-09-17 12:27:51.969000,407.30177226292994,103
2024-09-17 12:27:51.970000,407.2771376730215,14
2024-09-17 12:27:52.124000,407.29250642335575,103
2024-09-17 12:27:52.190000,407.2777154812448,995
2024-09-17 12:27:53.083000,407.3047656911911,995
2024-09-17 12:27:53.220000,407.3110145271916,999
2024-09-17 12:27:53.384000,407.3251160770176,6
2024-09-17 12:27:53.418000,407.3318358601777,1002
2024-09-17 12:27:53.434000,407.2886869163283,98
2024-09-17 12:27:53.601000,407.3265914433086,12
2024-09-17 12:27:53.697000,407.34270305008687,14
2024-09-17 12:27:53.787000,407.29416936146765,1003
2024-09-17 12:27:54.015000,407.3363412916239,5
2024-09-17 12:27:54.028000,407.3745645565475,98
2024-09-17 12:27:54.043000,407.3329904356411,1000
2024-09-17 12:27:54.063000,407.328644880288,995
2024-09-17 12:27:54.583000,407.3428977690941,13
2024-09-17 12:27:54.584000,407.36595054112513,103
2024-09-17 12:27:54.588000,407.3726330120487,1003
2024-09-17 12:27:54.613000,407.3269103010713,13
2024-09-17 12:27:54.627000,407.3180644285429,6
2024-09-17 12:27:54.736000,407.3457245485897,6
2024-09-17 12:27:54.959000,407.35685408032185,99
2024-09-17 12:27:55.017000,407.2923833968245,96
2024-09-17 12:27:55.085000,407.3548023810622,103
2024-09-17 12:27:55.156000,407.3613921809948,14
2024-09-17 12:27:55.169000,407.3146872713573,1002
2024-09-17 12:27:55.188000,407.3346459751933,11
2024-09-17 12:27:55.206000,407.33123509183423,102
2024-09-17 12:27:55.275000,407.29905174099554,1004
2024-09-17 12:27:55.289000,407.3144054416108,96
2024-09-17 12:27:55.372000,407.2925604482267,11
2024-09-17 12:27:55.389000,407.3562507363396,103
2024-09-17 12:27:55.725000,407.2900263849066,7
2024-09-17 12:27:55.770000,407.31643992561294,11
2024-09-17 12:27:55.805000,407.30160127169336,97
2024-09-17 12:27:55.819000,407.3343821786171,13
2024-09-17 12:27:55.833000,407.3325414442156,1004
2024-09-17 12:27:55.928000,407.2878249563109,12
2024-09-17 12:27:55.934000,407.31119237302056,14
2024-09-17 12:27:56.065000,407.3892544671581,997
2024-09-17 12:27:56.170000,407.3428161802672,104
2024-09-17 12:27:56.386000,407.3478846972271,1004
2024-09-17 12:27:56.464000,407.36298898485103,6
2024-09-17 12:27:56.479000,407.374348761937,999
2024-09-17 12:27:56.567000,407.38207820718793,5
2024-09-17 12:27:56.636000,407.35528729519854,105
2024-09-17 12:27:56.642000,407.388224846006,1002
2024-09-17 12:27:56.694000,407.3844974155831,999
2024-09-17 12:27:56.783000,407.3860102823125,1004
2024-09-17 12:27:56.819000,407.37962218132014,1004
2024-09-17 12:27:56.883000,407.3386796800308,8
2024-09-17 12:27:56.971000,407.3362016439023,96
2024-09-17 12:27:57.087000,407.4110207864696,99
2024-09-17 12:27:57.206000,407.412311235901,5
2024-09-17 12:27:57.305000,407.38720684333146,12
2024-09-17 12:27:57.332000,407.38318421600366,100
2024-09-17 12:27:57.451000,407.3917617614191,1001
2024-09-17 12:27:57.468000,407.3916457282037,99
2024-09-17 12:27:57.583000,407.39146446749805,1002
2024-09-17 12:27:57.590000,407.38733305465473,1002
2024-09-17 12:27:57.941000,407.37524858408176,1004
2024-09-17 12:27:58.046000,407.4020027625316,7
2024-09-17 12:27:58.096000,407.4059408471172,12
2024-09-17 12:27:58.112000,407.3989215707865,100
2024-09-17 12:27:58.312000,407.3904520250544,103
2024-09-17 12:27:58.552000,407.42394483668096,11
2024-09-17 12:27:58.633000,407.3990095000746,1003
2024-09-17 12:27:58.742000,407.41100810471806,103
2024-09-17 12:27:58.882000,407.4194872101121,9
2024-09-17 12:27:58.923000,407.4173419833366,1001
2024-09-17 12:27:59.183000,407.4241078064686,996
2024-09-17 12:27:59.183000,407.477642266466,1003
2024-09-17 12:27:59.248000,407.43962082524473,1005
2024-09-17 12:27:59.304000,407.4700129974455,98
2024-09-17 12:27:59.341000,407.4126805054444,105
2024-09-17 12:27:59.401000,407.4069175799654,11
2024-09-17 12:27:59.461000,407.44480734717706,1004
2024-09-17 12:27:59.476000,407.4326899392582,12
2024-09-17 12:27:59.490000,407.4527580428378,1000
2024-09-17 12:27:59.562000,407.4267951180256,97
2024-09-17 12:27:59.596000,407.42094661034014,102
2024-09-17 12:27:59.637000,407.391680899018,6
2024-09-17 12:27:59.744000,407.46658494214864,97
2024-09-17 12:27:59.745000,407.4437125241783,96
2024-09-17 12:27:59.778000,407.4148097148166,7
2024-09-17 12:27:59.787000,407.4110957350712,10
2024-09-17 12:27:59.934000,407.4281649276619,1003
