Timestamp,Price,Size
2024-09-20 10:15:00.078000,423.7868011826827,101
2024-09-20 10:15:00.343000,423.7609622498825,104
2024-09-20 10:15:00.349000,423.775392712354,1000
2024-09-20 10:15:00.885000,423.775093614749,97
2024-09-20 10:15:00.895000,423.77423412857854,999
2024-09-20 10:15:00.995000,423.7817146531203,10
2024-09-20 10:15:01.517000,423.7882021493953,14
2024-09-20 10:15:01.590000,423.78714471372734,104
2024-09-20 10:15:01.607000,423.7828432131214,7
2024-09-20 10:15:03.001000,423.6660613286161,996
2024-09-20 10:15:03.083000,423.67170081192046,7
2024-09-20 10:15:03.131000,423.7706122555522,98
2024-09-20 10:15:03.191000,423.7094672228224,12
2024-09-20 10:15:03.226000,423.73712853397376,9
2024-09-20 10:15:03.229000,423.66122898689406,996
2024-09-20 10:15:03.273000,423.7681083722807,1000
2024-09-20 10:15:03.275000,423.64997695125714,996
2024-09-20 10:15:03.314000,423.75672293193537,99
2024-09-20 10:15:03.380000,423.7767277139377,104
2024-09-20 10:15:03.419000,423.7203401955232,1001
2024-09-20 10:15:03.478000,423.7130600194806,1001
2024-09-20 10:15:03.524000,423.647362439525,10
2024-09-20 10:15:03.555000,423.6690601570479,96
2024-09-20 10:15:03.559000,423.6659283756881,104
2024-09-20 10:15:03.596000,423.67680860399247,105
2024-09-20 10:15:03.641000,423.6879619046042,14
2024-09-20 10:15:03.656000,423.6475994374094,97
2024-09-20 10:15:03.701000,423.7655140495168,997
2024-09-20 10:15:03.780000,423.7769582569845,12
2024-09-20 10:15:03.788000,423.6822795527749,12
2024-09-20 10:15:03.812000,423.7636272271648,99
2024-09-20 10:15:03.816000,423.6830405014654,1005
2024-09-20 10:15:03.843000,423.6725853642427,13
2024-09-20 10:15:03.982000,423.7615401091697,100
2024-09-20 10:15:04.015000,423.6705985328764,996
2024-09-20 10:15:04.172000,423.678651093733,1004
2024-09-20 10:15:04.402000,423.6982560193326,10
2024-09-20 10:15:04.472000,423.6833267277856,999
2024-09-20 10:15:04.480000,423.6837597438484,97
2024-09-20 10:15:04.597000,423.6904520424965,9
2024-09-20 10:15:04.825000,423.66800147518455,8
2024-09-20 10:15:04.837000,423.6490199676365,101
2024-09-20 10:15:04.842000,423.6570161503969,95
2024-09-20 10:15:04.980000,423.64823468181305,1004
2024-09-20 10:15:04.999000,423.67313089446816,1003
2024-09-20 10:15:05.005000,423.5956917396367,96
2024-09-20 10:15:05.043000,423.673864875655,1002
2024-09-20 10:15:05.094000,423.6917718451633,101
2024-09-20 10:15:05.200000,423.6210431297476,100
2024-09-20 10:15:05.202000,423.6481071525938,15
2024-09-20 10:15:05.220000,423.6204437311599,99
2024-09-20 10:15:05.317000,423.5988281925437,5
2024-09-20 10:15:05.471000,423.59943857893626,998
2024-09-20 10:15:05.478000,423.6335509842197,1002
2024-09-20 10:15:05.611000,423.6160062368824,103
2024-09-20 10:15:05.665000,423.6625010726912,997
2024-09-20 10:15:05.672000,423.5827955359147,103
2024-09-20 10:15:05.702000,423.684658041103,104
2024-09-20 10:15:05.802000,423.6319672706039,1004
2024-09-20 10:15:05.829000,423.673854789489,99
2024-09-20 10:15:06.018000,423.6246213851838,997
2024-09-20 10:15:06.163000,423.6238435298904,997
2024-09-20 10:15:06.179000,423.6186729136654,998
2024-09-20 10:15:06.227000,423.59782203110296,996
2024-09-20 10:15:06.271000,423.5897890986886,6
2024-09-20 10:15:06.361000,423.585312617538,995
2024-09-20 10:15:06.718000,423.5865229556458,999
2024-09-20 10:15:06.718000,423.6179581964109,13
2024-09-20 10:15:06.834000,423.6318800650559,103
2024-09-20 10:15:06.884000,423.6029772843637,999
2024-09-20 10:15:06.905000,423.6150973548928,997
2024-09-20 10:15:06.917000,423.6014635352067,10
2024-09-20 10:15:06.925000,423.6033285798791,8
2024-09-20 10:15:06.957000,423.6063554121671,15
2024-09-20 10:15:06.975000,423.6231897932758,996
2024-09-20 10:15:07.075000,423.6030625174098,1003
2024-09-20 10:15:07.201000,423.6002000606071,95
2024-09-20 10:15:07.344000,423.6125710001558,100
2024-09-20 10:15:07.375000,423.6027652729784,1003
2024-09-20 10:15:07.444000,423.5940202476566,6
2024-09-20 10:15:07.719000,423.6024846123136,1005
2024-09-20 10:15:07.781000,423.59567991743126,1001
2024-09-20 10:15:08.040000,423.57058560785305,98
2024-09-20 10:15:08.050000,423.5670039848927,101
2024-09-20 10:15:08.064000,423.5427073807496,14
2024-09-20 10:15:08.155000,423.5544334001768,1005
2024-09-20 10:15:08.163000,423.5705044315746,1002
2024-09-20 10:15:08.175000,423.5763996137188,105
2024-09-20 10:15:08.392000,423.5488687528085,13
2024-09-20 10:15:08.425000,423.5431296843512,998
2024-09-20 10:15:08.434000,423.5458418668669,103
2024-09-20 10:15:08.465000,423.5498065801729,13
2024-09-20 10:15:08.655000,423.5955475045073,102
2024-09-20 10:15:08.765000,423.5613914104169,996
2024-09-20 10:15:08.774000,423.5458170894365,95
2024-09-20 10:15:08.793000,423.55200939138206,103
2024-09-20 10:15:08.817000,423.57489668770575,103
2024-09-20 10:15:08.823000,423.563385103027,9
2024-09-20 10:15:08.851000,423.5624185227384,100
2024-09-20 10:15:08.865000,423.5405321653794,8
2024-09-20 10:15:08.885000,423.575933164108,14
2024-09-20 10:15:08.933000,423.60126378868,9
2024-09-20 10:15:08.966000,423.581908657909,103
2024-09-20 10:15:08.995000,423.532658186198,7
2024-09-20 10:15:08.997000,423.5771282218555,9
2024-09-20 10:15:09.070000,423.5487912533965,12
2024-09-20 10:15:09.117000,423.5665105513264,1002
2024-09-20 10:15:09.328000,423.54777740981626,105
2024-09-20 10:15:09.332000,423.5466364527659,15
2024-09-20 10:15:09.365000,423.547182984138,105
2024-09-20 10:15:09.439000,423.5596513931536,1002
2024-09-20 10:15:09.739000,423.5602762579207,104
2024-09-20 10:15:09.771000,423.5766422078699,102
2024-09-20 10:15:09.798000,423.5737637388674,997
2024-09-20 10:15:09.807000,423.5619293098642,95
2024-09-20 10:15:09.819000,423.5525308426353,8
2024-09-20 10:15:10.102000,423.5387900628881,1003
2024-09-20 10:15:10.117000,423.5247595912029,103
2024-09-20 10:15:10.126000,423.4994646451811,15
2024-09-20 10:15:10.250000,423.5398321837282,104
2024-09-20 10:15:10.342000,423.54375708106863,1002
2024-09-20 10:15:10.392000,423.5464249719093,1001
2024-09-20 10:15:10.703000,423.5264287420188,103
2024-09-20 10:15:10.975000,423.51679231146977,1002
2024-09-20 10:15:11.076000,423.4886272006468,96
2024-09-20 10:15:11.235000,423.5050788019311,10
2024-09-20 10:15:11.281000,423.5451122694162,14
2024-09-20 10:15:11.368000,423.5172072306928,1004
2024-09-20 10:15:11.481000,423.5256364865684,11
2024-09-20 10:15:11.503000,423.5209620896369,6
2024-09-20 10:15:11.752000,423.52673173232375,100
2024-09-20 10:15:11.785000,423.499575662644,101
2024-09-20 10:15:11.876000,423.5138425739209,14
2024-09-20 10:15:12.184000,423.5943783397032,105
2024-09-20 10:15:12.231000,423.647846254867,1005
2024-09-20 10:15:12.263000,423.6638527394829,12
2024-09-20 10:15:12.268000,423.5207865350046,14
2024-09-20 10:15:12.315000,423.5011270025408,13
2024-09-20 10:15:12.327000,423.5849200263718,95
2024-09-20 10:15:12.363000,423.6771346001396,10
2024-09-20 10:15:12.368000,423.6139439468304,11
2024-09-20 10:15:12.398000,423.54859793037065,13
2024-09-20 10:15:12.424000,423.6387129300624,7
2024-09-20 10:15:12.493000,423.5999294090801,1002
2024-09-20 10:15:12.556000,423.51810890996944,105
2024-09-20 10:15:12.562000,423.5812991819683,11
2024-09-20 10:15:12.569000,423.52213680397847,96
2024-09-20 10:15:12.607000,423.6578560163621,996
2024-09-20 10:15:12.610000,423.630034198254,995
2024-09-20 10:15:12.674000,423.49911886253807,1000
2024-09-20 10:15:12.675000,423.68607477332273,101
2024-09-20 10:15:12.700000,423.6695374163844,997
2024-09-20 10:15:12.747000,423.5658986426135,12
2024-09-20 10:15:12.764000,423.5704602725244,96
2024-09-20 10:15:12.778000,423.5952824408072,8
2024-09-20 10:15:12.812000,423.6105977616191,97
2024-09-20 10:15:12.816000,423.571954548477,102
2024-09-20 10:15:12.832000,423.6653011919886,100
2024-09-20 10:15:12.842000,423.6435778720103,105
2024-09-20 10:15:12.930000,423.6377181053985,97
2024-09-20 10:15:13.301000,423.5681604235157,105
2024-09-20 10:15:13.321000,423.6016738156907,10
2024-09-20 10:15:13.361000,423.5834139968185,998
2024-09-20 10:15:13.464000,423.5863693131635,997
2024-09-20 10:15:13.894000,423.5823686998789,103
2024-09-20 10:15:13.908000,423.59614141766656,9
2024-09-20 10:15:13.960000,423.584481579492,999
2024-09-20 10:15:15.712000,423.5508120576377,1005
2024-09-20 10:15:16.064000,423.5573720743656,996
2024-09-20 10:15:16.191000,423.5392222875711,995
2024-09-20 10:15:16.475000,423.5551903003985,995
2024-09-20 10:15:16.639000,423.5342977392207,105
2024-09-20 10:15:17.112000,423.57669184067566,96
2024-09-20 10:15:17.136000,423.58509953124695,997
2024-09-20 10:15:17.154000,423.5898988347262,995
2024-09-20 10:15:17.401000,423.5601066101885,999
2024-09-20 10:15:17.899000,423.57944831739536,999
2024-09-20 10:15:17.955000,423.5536816395276,11
2024-09-20 10:15:18.050000,423.61201750792367,9
2024-09-20 10:15:18.072000,423.6272455062598,1003
2024-09-20 10:15:18.144000,423.60249356054544,97
2024-09-20 10:15:18.150000,423.6879530698741,13
2024-09-20 10:15:18.243000,423.6891660768448,13
2024-09-20 10:15:18.270000,423.6854514374887,96
2024-09-20 10:15:18.325000,423.6106747097261,1003
2024-09-20 10:15:18.329000,423.6601360402431,103
2024-09-20 10:15:18.336000,423.676783483476,9
2024-09-20 10:15:18.401000,423.6306338515339,102
2024-09-20 10:15:18.404000,423.6974004005869,999
2024-09-20 10:15:18.560000,423.5967564697072,8
2024-09-20 10:15:18.568000,423.6823512642311,8
2024-09-20 10:15:18.572000,423.6849937783186,96
2024-09-20 10:15:18.606000,423.6852914225871,14
2024-09-20 10:15:18.643000,423.6373409911636,996
2024-09-20 10:15:18.659000,423.5799765373405,102
2024-09-20 10:15:18.669000,423.6249111601393,9
2024-09-20 10:15:18.776000,423.60612802435423,101
2024-09-20 10:15:18.867000,423.70485980626415,999
2024-09-20 10:15:18.922000,423.673346854915,1004
2024-09-20 10:15:18.928000,423.6973691530648,11
2024-09-20 10:15:18.978000,423.6185293548072,999
2024-09-20 10:15:18.979000,423.63480050459606,11
2024-09-20 10:15:18.987000,423.6625219920696,1003
2024-09-20 10:15:19.049000,423.65917759929965,14
2024-09-20 10:15:19.057000,423.63564255464905,105
2024-09-20 10:15:19.098000,423.6440073566627,9
2024-09-20 10:15:19.187000,423.63011911194207,995
2024-09-20 10:15:19.321000,423.6533859851255,99
2024-09-20 10:15:19.348000,423.6440358603448,13
2024-09-20 10:15:19.369000,423.66629452198754,10
2024-09-20 10:15:19.409000,423.6424454604685,7
2024-09-20 10:15:19.443000,423.6417256308904,12
2024-09-20 10:15:19.617000,423.670798577096,15
2024-09-20 10:15:19.658000,423.6457211046256,13
2024-09-20 10:15:19.674000,423.63188660910544,15
2024-09-20 10:15:19.761000,423.6498839731744,102
2024-09-20 10:15:19.808000,423.6463915450682,99
2024-09-20 10:15:19.991000,423.6391799994563,105
2024-09-20 10:15:20.053000,423.6703495570847,98
2024-09-20 10:15:20.212000,423.6726767677612,13
2024-09-20 10:15:20.404000,423.68462475827255,1004
2024-09-20 10:15:20.419000,423.6848492951151,101
2024-09-20 10:15:20.574000,423.66452858143225,1003
2024-09-20 10:15:20.643000,423.6877068607913,96
2024-09-20 10:15:20.836000,423.66701502147066,996
2024-09-20 10:15:22.049000,423.6670979165743,9
2024-09-20 10:15:22.075000,423.6540116396419,1002
2024-09-20 10:15:22.132000,423.6593554281727,11
2024-09-20 10:15:22.137000,423.6682228104156,5
2024-09-20 10:15:22.201000,423.6256015658834,13
2024-09-20 10:15:22.250000,423.6465376090928,997
2024-09-20 10:15:22.323000,423.7006871865356,14
2024-09-20 10:15:22.329000,423.6343020584087,10
2024-09-20 10:15:22.343000,423.6631824582929,1000
2024-09-20 10:15:22.458000,423.64683397234126,1000
2024-09-20 10:15:22.495000,423.6773314914676,14
2024-09-20 10:15:22.621000,423.638571228352,102
2024-09-20 10:15:22.714000,423.6614119997877,996
2024-09-20 10:15:22.738000,423.65675579798926,8
2024-09-20 10:15:22.750000,423.6925497932216,6
2024-09-20 10:15:22.794000,423.6492333693728,12
2024-09-20 10:15:22.824000,423.6524342397696,1001
2024-09-20 10:15:22.838000,423.6643630987196,100
2024-09-20 10:15:22.842000,423.63256878263104,102
2024-09-20 10:15:22.999000,423.6739207774102,1005
2024-09-20 10:15:23.445000,423.7069884009079,1005
2024-09-20 10:15:23.918000,423.7015096395036,1004
2024-09-20 10:15:24.004000,423.6922573259598,95
2024-09-20 10:15:24.010000,423.7275215701784,1001
2024-09-20 10:15:24.052000,423.727996496398,95
2024-09-20 10:15:24.088000,423.7275023542143,98
2024-09-20 10:15:24.110000,423.7272281598719,98
2024-09-20 10:15:24.156000,423.6958494521749,100
2024-09-20 10:15:24.393000,423.70656494632834,1000
2024-09-20 10:15:24.450000,423.7343460659048,103
2024-09-20 10:15:24.521000,423.72225623249005,1003
2024-09-20 10:15:24.571000,423.7028048328336,103
2024-09-20 10:15:24.581000,423.72967892123313,12
2024-09-20 10:15:24.660000,423.7115637569552,14
2024-09-20 10:15:24.660000,423.7102526105684,15
2024-09-20 10:15:24.667000,423.70707769819086,1005
2024-09-20 10:15:24.706000,423.7151115160101,11
2024-09-20 10:15:24.711000,423.70968195144,5
2024-09-20 10:15:24.797000,423.7072357370417,7
2024-09-20 10:15:24.846000,423.72716549712095,8
2024-09-20 10:15:24.948000,423.7090491312396,96
2024-09-20 10:15:24.959000,423.7296894245375,14
2024-09-20 10:15:24.964000,423.7048885181079,105
2024-09-20 10:15:25.621000,423.7014490351675,10
2024-09-20 10:15:25.694000,423.69548862456656,13
2024-09-20 10:15:25.710000,423.7005610281812,97
2024-09-20 10:15:25.915000,423.6964126245122,9
2024-09-20 10:15:25.973000,423.7139259669264,103
2024-09-20 10:15:26.001000,423.7300140615276,5
2024-09-20 10:15:26.163000,423.76758742901376,100
2024-09-20 10:15:26.367000,423.7530005596017,95
2024-09-20 10:15:26.435000,423.7062745138485,102
2024-09-20 10:15:26.451000,423.7286542596378,8
2024-09-20 10:15:26.513000,423.736942366246,998
2024-09-20 10:15:26.575000,423.7182112695359,1002
2024-09-20 10:15:26.616000,423.7528079055635,97
2024-09-20 10:15:26.672000,423.7432266982199,100
2024-09-20 10:15:26.790000,423.7262666463921,9
2024-09-20 10:15:27.020000,423.77748547368,1005
2024-09-20 10:15:27.251000,423.79246533298425,996
2024-09-20 10:15:27.269000,423.82066790600913,15
2024-09-20 10:15:27.304000,423.8017314004281,9
2024-09-20 10:15:27.413000,423.75919872854433,997
2024-09-20 10:15:27.548000,423.728281607956,7
2024-09-20 10:15:27.550000,423.8311409183201,11
2024-09-20 10:15:27.617000,423.76489280095257,104
2024-09-20 10:15:27.680000,423.8269861741579,997
2024-09-20 10:15:27.716000,423.7867010077949,996
2024-09-20 10:15:27.888000,423.7729165671453,996
2024-09-20 10:15:27.928000,423.80507070432463,10
2024-09-20 10:15:28.145000,423.7538954791121,102
2024-09-20 10:15:28.204000,423.7727145646812,995
2024-09-20 10:15:28.204000,423.7517312307321,995
2024-09-20 10:15:28.290000,423.7592079647384,10
2024-09-20 10:15:28.374000,423.7512942264589,1003
2024-09-20 10:15:28.384000,423.761825437054,998
2024-09-20 10:15:28.406000,423.7498863064839,6
2024-09-20 10:15:28.469000,423.7282214948913,999
2024-09-20 10:15:28.532000,423.7306997427104,100
2024-09-20 10:15:28.634000,423.794931947981,96
2024-09-20 10:15:28.651000,423.75350540127727,97
2024-09-20 10:15:28.696000,423.7346889168644,14
2024-09-20 10:15:28.772000,423.7346994841403,6
2024-09-20 10:15:28.786000,423.7272950269427,101
2024-09-20 10:15:28.809000,423.7401152365272,1005
2024-09-20 10:15:28.835000,423.7821030255164,997
2024-09-20 10:15:29.006000,423.74495775772033,103
2024-09-20 10:15:29.014000,423.734676952314,997
2024-09-20 10:15:29.081000,423.8269734903419,100
2024-09-20 10:15:29.131000,423.8093384912527,997
2024-09-20 10:15:29.148000,423.7294980390843,5
2024-09-20 10:15:29.153000,423.7260398866286,104
2024-09-20 10:15:29.163000,423.7692413685787,105
2024-09-20 10:15:29.204000,423.7311384334973,998
2024-09-20 10:15:29.289000,423.73422884688034,13
2024-09-20 10:15:29.346000,423.7551903255343,7
2024-09-20 10:15:29.347000,423.7377735604275,99
2024-09-20 10:15:29.357000,423.7365777518342,1003
2024-09-20 10:15:29.538000,423.73869098852725,999
2024-09-20 10:15:29.571000,423.74395649596335,12
2024-09-20 10:15:29.581000,423.8462053239227,100
2024-09-20 10:15:29.607000,423.7733023627733,6
2024-09-20 10:15:29.642000,423.7901035996664,96
2024-09-20 10:15:29.671000,423.79597598213786,8
2024-09-20 10:15:29.711000,423.7300566863127,10
2024-09-20 10:15:29.768000,423.808697785616,101
2024-09-20 10:15:29.798000,423.7253852127753,1005
2024-09-20 10:15:29.934000,423.8352474747548,6
2024-09-20 10:15:29.946000,423.7421587757867,1001
2024-09-20 10:15:29.954000,423.81654369084606,7
2024-09-20 10:15:29.973000,423.75742617162,15
2024-09-20 10:15:29.978000,423.7462532917607,1001
2024-09-20 10:15:30.068000,423.8979537573491,95
2024-09-20 10:15:30.171000,423.8417617709546,13
2024-09-20 10:15:30.210000,423.88141595148863,15
2024-09-20 10:15:30.235000,423.8743861576228,103
2024-09-20 10:15:30.257000,423.8905610862112,1000
2024-09-20 10:15:30.479000,423.8106894287693,1000
2024-09-20 10:15:30.535000,423.8814379889921,99
2024-09-20 10:15:30.577000,423.8349256330878,11
2024-09-20 10:15:30.599000,423.88383467825554,995
2024-09-20 10:15:30.622000,423.8585632214085,101
2024-09-20 10:15:30.631000,423.852318308062,97
2024-09-20 10:15:30.647000,423.856763569328,15
2024-09-20 10:15:30.829000,423.8618024740824,10
2024-09-20 10:15:30.831000,423.887290537254,105
2024-09-20 10:15:30.889000,423.8748762823153,998
2024-09-20 10:15:30.938000,423.84619809517,1004
2024-09-20 10:15:31.001000,423.9200527355645,995
2024-09-20 10:15:31.018000,423.903614771496,1001
2024-09-20 10:15:31.068000,423.8704294378077,8
2024-09-20 10:15:31.124000,423.8492635547305,7
2024-09-20 10:15:31.165000,423.9075268376891,8
2024-09-20 10:15:31.266000,423.83332878345146,13
2024-09-20 10:15:31.317000,423.924475558571,8
2024-09-20 10:15:31.406000,423.8921142876106,1000
2024-09-20 10:15:31.409000,423.9128860499696,1000
2024-09-20 10:15:31.501000,423.9036855096895,100
2024-09-20 10:15:31.520000,423.8475625464151,105
2024-09-20 10:15:31.539000,423.9027665116453,996
2024-09-20 10:15:31.554000,423.9437375839671,14
2024-09-20 10:15:31.604000,423.8970009631735,995
2024-09-20 10:15:31.621000,423.9210286739049,996
2024-09-20 10:15:31.676000,423.9270996722889,999
2024-09-20 10:15:31.820000,423.8928574806097,105
2024-09-20 10:15:31.867000,423.8921519896695,14
2024-09-20 10:15:31.883000,423.8433100674631,15
2024-09-20 10:15:31.899000,423.8942296536515,998
2024-09-20 10:15:32.078000,423.84041960002446,1002
2024-09-20 10:15:32.117000,423.86728601042114,102
2024-09-20 10:15:32.147000,423.8807749258687,1005
2024-09-20 10:15:32.165000,423.8908325053,999
2024-09-20 10:15:32.222000,423.8835492016391,5
2024-09-20 10:15:32.232000,423.8750363942176,6
2024-09-20 10:15:32.253000,423.8808876490016,12
2024-09-20 10:15:32.543000,423.837878921776,97
2024-09-20 10:15:32.563000,423.8590130715074,1001
2024-09-20 10:15:32.582000,423.8379563799611,998
2024-09-20 10:15:32.615000,423.8992788772713,99
2024-09-20 10:15:32.626000,423.8754880979593,1005
2024-09-20 10:15:32.674000,423.8674018147933,95
2024-09-20 10:15:32.714000,423.8499191931225,104
2024-09-20 10:15:32.733000,423.8770128549744,10
2024-09-20 10:15:32.764000,423.8809766088824,6
2024-09-20 10:15:32.846000,423.847194078807,11
2024-09-20 10:15:32.861000,423.8706699670229,996
2024-09-20 10:15:32.876000,423.8406497437346,7
2024-09-20 10:15:32.938000,423.8649270877075,9
2024-09-20 10:15:33.007000,423.9651127005358,14
2024-09-20 10:15:33.152000,423.8924458772754,11
2024-09-20 10:15:33.183000,423.8918338532121,6
2024-09-20 10:15:33.205000,423.8947993836946,9
2024-09-20 10:15:33.256000,423.9780056193901,7
2024-09-20 10:15:33.312000,423.9534656007695,96
2024-09-20 10:15:33.393000,423.90519563715645,1004
2024-09-20 10:15:33.395000,423.9132607180942,6
2024-09-20 10:15:33.429000,423.8906679726363,11
2024-09-20 10:15:33.436000,423.9269481820745,997
2024-09-20 10:15:33.504000,423.9187231436596,999
2024-09-20 10:15:33.674000,423.9669711768236,1005
2024-09-20 10:15:33.968000,423.9305550742161,1003
2024-09-20 10:15:33.971000,423.98458355112217,997
2024-09-20 10:15:33.997000,423.9045925194698,997
2024-09-20 10:15:34.052000,423.9767944610374,997
2024-09-20 10:15:34.088000,424.00693673633737,12
2024-09-20 10:15:34.228000,423.95326169085297,105
2024-09-20 10:15:34.281000,423.9785795783062,95
2024-09-20 10:15:34.407000,423.92101087702287,10
2024-09-20 10:15:34.449000,423.989463916528,10
2024-09-20 10:15:34.456000,423.99116366125367,101
2024-09-20 10:15:34.463000,423.9383310455737,101
2024-09-20 10:15:34.481000,423.985378422626,15
2024-09-20 10:15:34.506000,423.97328609176895,97
2024-09-20 10:15:34.510000,423.9289037681445,1004
2024-09-20 10:15:34.532000,423.9679442118171,999
2024-09-20 10:15:34.562000,423.9887453718394,1001
2024-09-20 10:15:34.565000,423.976214652712,5
2024-09-20 10:15:34.582000,423.9721741783763,10
2024-09-20 10:15:34.607000,423.9955039767861,1004
2024-09-20 10:15:34.630000,423.958693663268,996
2024-09-20 10:15:34.648000,424.0070844264289,997
2024-09-20 10:15:34.659000,423.9883364112614,100
2024-09-20 10:15:34.685000,423.9950464415809,1001
2024-09-20 10:15:34.702000,423.92822035586136,99
2024-09-20 10:15:34.820000,423.9983939528344,1004
2024-09-20 10:15:34.847000,423.9608952514141,13
2024-09-20 10:15:34.960000,423.982736662584,997
2024-09-20 10:15:34.977000,423.9880506168056,1003
2024-09-20 10:15:34.988000,424.0047443799724,11
2024-09-20 10:15:35.166000,423.96621497822986,6
2024-09-20 10:15:35.188000,423.9799852916852,998
2024-09-20 10:15:35.240000,423.94426395867146,15
2024-09-20 10:15:35.301000,423.8944703391272,6
2024-09-20 10:15:35.393000,423.9195424725239,97
2024-09-20 10:15:35.448000,423.898732964552,95
2024-09-20 10:15:35.599000,423.9740958254822,99
2024-09-20 10:15:35.660000,423.96501344700863,7
2024-09-20 10:15:35.983000,423.9553344051797,999
2024-09-20 10:15:36.007000,423.9448618841442,6
2024-09-20 10:15:36.042000,423.9233064829472,102
2024-09-20 10:15:36.108000,423.8939321749972,8
2024-09-20 10:15:36.165000,423.8959885807948,102
2024-09-20 10:15:36.191000,423.88575780689314,8
2024-09-20 10:15:36.285000,423.90733920049786,1004
2024-09-20 10:15:36.348000,423.9132519097158,9
2024-09-20 10:15:36.455000,423.9017025374625,1001
2024-09-20 10:15:36.493000,423.897580408075,1004
2024-09-20 10:15:36.502000,423.9046866057221,102
2024-09-20 10:15:36.550000,423.94672225490615,1004
2024-09-20 10:15:36.657000,423.89373486101306,101
2024-09-20 10:15:36.734000,423.9016408485775,5
2024-09-20 10:15:36.862000,423.9024372517572,101
2024-09-20 10:15:36.915000,423.9282181285365,96
2024-09-20 10:15:37.082000,423.8984357887149,97
2024-09-20 10:15:37.167000,423.905677929856,1001
2024-09-20 10:15:37.193000,423.8931880747792,15
2024-09-20 10:15:37.492000,423.9067983436254,99
2024-09-20 10:15:37.527000,423.9382422123182,1003
2024-09-20 10:15:37.643000,423.9099627635303,1004
2024-09-20 10:15:37.664000,423.9105493546057,99
2024-09-20 10:15:37.760000,423.87954821036266,105
2024-09-20 10:15:37.870000,423.92461724329513,101
2024-09-20 10:15:37.962000,423.88971290233707,1005
2024-09-20 10:15:37.974000,423.8759855377396,13
2024-09-20 10:15:38.100000,423.90738282130246,5
2024-09-20 10:15:38.224000,423.8928522967821,12
2024-09-20 10:15:38.849000,423.87528625881697,105
2024-09-20 10:15:39.059000,423.8861788958133,11
2024-09-20 10:15:39.155000,423.8663025486385,6
2024-09-20 10:15:39.157000,423.87759885817286,12
2024-09-20 10:15:39.162000,423.8721309199297,7
2024-09-20 10:15:39.166000,423.8821754250649,1005
2024-09-20 10:15:39.171000,423.8782183381901,15
2024-09-20 10:15:39.180000,423.8703457923342,996
2024-09-20 10:15:39.210000,423.882821198059,6
2024-09-20 10:15:39.241000,423.86983245555285,10
2024-09-20 10:15:39.261000,423.8921968421862,104
2024-09-20 10:15:39.275000,423.89119950211466,5
2024-09-20 10:15:39.325000,423.8962236890071,999
2024-09-20 10:15:39.355000,423.8682467693032,105
2024-09-20 10:15:39.358000,423.8895255621886,1000
2024-09-20 10:15:39.370000,423.8733017461971,6
2024-09-20 10:15:39.433000,423.8528378104469,995
2024-09-20 10:15:39.451000,423.8688040809896,996
2024-09-20 10:15:39.508000,423.8674555531617,997
2024-09-20 10:15:39.566000,423.8464544967743,102
2024-09-20 10:15:39.583000,423.888179459784,100
2024-09-20 10:15:39.657000,423.88238153860186,8
2024-09-20 10:15:39.739000,423.8692235644388,995
2024-09-20 10:15:39.785000,423.859035247357,10
2024-09-20 10:15:39.868000,423.8510242416738,6
2024-09-20 10:15:39.914000,423.8691869921664,9
2024-09-20 10:15:40.006000,423.81646688359416,102
2024-09-20 10:15:40.012000,423.8659851395068,9
2024-09-20 10:15:40.038000,423.8380718897656,997
2024-09-20 10:15:40.130000,423.8597123299196,15
2024-09-20 10:15:40.135000,423.8781482863317,999
2024-09-20 10:15:40.213000,423.8375999302947,997
2024-09-20 10:15:40.244000,423.8463118913093,102
2024-09-20 10:15:40.369000,423.8316152361331,6
2024-09-20 10:15:40.393000,423.8302184345451,12
2024-09-20 10:15:40.413000,423.8082651600568,1005
2024-09-20 10:15:40.420000,423.8385696871147,1002
2024-09-20 10:15:40.577000,423.8547113139914,995
2024-09-20 10:15:40.591000,423.8193839351514,101
2024-09-20 10:15:40.594000,423.8429360521948,995
2024-09-20 10:15:40.604000,423.8330961179008,105
2024-09-20 10:15:40.620000,423.8615281178029,10
2024-09-20 10:15:40.637000,423.8804737162564,1003
2024-09-20 10:15:40.682000,423.8572231370723,995
2024-09-20 10:15:40.751000,423.87668375344265,996
2024-09-20 10:15:40.752000,423.81533609497103,99
2024-09-20 10:15:40.805000,423.8640248091143,14
2024-09-20 10:15:40.843000,423.8754442948705,6
2024-09-20 10:15:40.880000,423.8738588526137,100
2024-09-20 10:15:41.202000,423.7919510610113,1004
2024-09-20 10:15:41.350000,423.8628983261842,15
2024-09-20 10:15:41.367000,423.8119207065635,95
2024-09-20 10:15:41.399000,423.7696540626018,105
2024-09-20 10:15:41.422000,423.8206095536348,9
2024-09-20 10:15:41.666000,423.8420175885825,6
2024-09-20 10:15:41.773000,423.8267589050786,8
2024-09-20 10:15:41.881000,423.7989294107933,1004
2024-09-20 10:15:42.026000,423.7931406194601,1005
2024-09-20 10:15:42.258000,423.78646043455103,100
2024-09-20 10:15:42.406000,423.79086007091206,99
2024-09-20 10:15:42.408000,423.8216523285347,98
2024-09-20 10:15:42.421000,423.7803138940789,10
2024-09-20 10:15:42.442000,423.8001894502712,6
2024-09-20 10:15:42.498000,423.7887632017686,6
2024-09-20 10:15:42.529000,423.7745002539828,999
2024-09-20 10:15:42.592000,423.8062299714639,10
2024-09-20 10:15:42.604000,423.7887926065073,12
2024-09-20 10:15:42.664000,423.7814006818266,8
2024-09-20 10:15:42.803000,423.81383266948126,1005
2024-09-20 10:15:42.956000,423.8113961188616,1001
2024-09-20 10:15:42.992000,423.78641449114025,996
2024-09-20 10:15:43.564000,423.753142158982,998
2024-09-20 10:15:43.813000,423.7426930821092,95
2024-09-20 10:15:43.905000,423.7618642888864,997
2024-09-20 10:15:43.959000,423.77239556107145,1002
2024-09-20 10:15:44.021000,423.8145757939194,5
2024-09-20 10:15:44.046000,423.7302005259586,12
2024-09-20 10:15:44.077000,423.839322720962,11
2024-09-20 10:15:44.120000,423.7253344146764,101
2024-09-20 10:15:44.145000,423.823870310951,100
2024-09-20 10:15:44.146000,423.7328410745771,997
2024-09-20 10:15:44.215000,423.8309570077009,10
2024-09-20 10:15:44.242000,423.7831109846184,8
2024-09-20 10:15:44.290000,423.829063782599,11
2024-09-20 10:15:44.316000,423.8362183015096,5
2024-09-20 10:15:44.397000,423.838959862783,12
2024-09-20 10:15:44.453000,423.7590407490106,97
2024-09-20 10:15:44.637000,423.853626628382,100
2024-09-20 10:15:44.708000,423.7429177392497,14
2024-09-20 10:15:44.741000,423.75844359625626,97
2024-09-20 10:15:44.782000,423.7509884722156,7
2024-09-20 10:15:44.819000,423.7892203864326,997
2024-09-20 10:15:44.851000,423.79991154592966,1001
2024-09-20 10:15:44.853000,423.766739752361,105
2024-09-20 10:15:44.885000,423.7662012107533,995
2024-09-20 10:15:44.941000,423.73150979726495,105
2024-09-20 10:15:45.048000,423.8930563718604,995
2024-09-20 10:15:45.109000,423.8612521818824,12
2024-09-20 10:15:45.207000,423.8742169485519,5
2024-09-20 10:15:45.255000,423.85463153067104,999
2024-09-20 10:15:45.398000,423.8681107787218,103
2024-09-20 10:15:45.517000,423.8882547935768,6
2024-09-20 10:15:45.602000,423.8772776819206,101
2024-09-20 10:15:45.659000,423.8708910654578,1000
2024-09-20 10:15:45.792000,423.8876738676356,999
2024-09-20 10:15:45.850000,423.8828290193175,10
2024-09-20 10:15:46.037000,423.92557809296346,1002
2024-09-20 10:15:46.106000,423.8768878348576,101
2024-09-20 10:15:46.146000,423.9249854630212,997
2024-09-20 10:15:46.216000,423.9340135783185,1003
2024-09-20 10:15:46.219000,423.9096931854223,6
2024-09-20 10:15:46.342000,423.8780264103203,9
2024-09-20 10:15:46.351000,423.9214347831411,103
2024-09-20 10:15:46.540000,423.92243287458615,10
2024-09-20 10:15:46.555000,423.9020230475856,996
2024-09-20 10:15:46.560000,423.8986515464999,95
2024-09-20 10:15:46.750000,423.8771496603503,102
2024-09-20 10:15:46.756000,423.873542248406,5
2024-09-20 10:15:46.764000,423.9372498578768,98
2024-09-20 10:15:46.774000,423.9079469302061,105
2024-09-20 10:15:46.865000,423.9333472614354,997
2024-09-20 10:15:46.965000,423.9243861266298,103
2024-09-20 10:15:48.085000,423.9140808951813,998
2024-09-20 10:15:48.092000,423.8835873798728,96
2024-09-20 10:15:48.165000,423.8374344137762,103
2024-09-20 10:15:48.240000,423.90712063437,8
2024-09-20 10:15:48.323000,423.8925557157595,96
2024-09-20 10:15:48.327000,423.9033210583241,8
2024-09-20 10:15:48.357000,423.9322689161435,998
2024-09-20 10:15:48.362000,423.8313158496213,998
2024-09-20 10:15:48.397000,423.9142573552873,10
2024-09-20 10:15:48.436000,423.9303352107342,1004
2024-09-20 10:15:48.457000,423.92743494256416,11
2024-09-20 10:15:48.490000,423.92142313366514,104
2024-09-20 10:15:48.504000,423.9293720789555,997
2024-09-20 10:15:48.529000,423.947870604807,1001
2024-09-20 10:15:48.570000,423.9203882063336,10
2024-09-20 10:15:48.583000,423.90861732904574,100
2024-09-20 10:15:48.586000,423.914801220078,1000
2024-09-20 10:15:48.616000,423.8862575266757,8
2024-09-20 10:15:48.622000,423.9170103496133,999
2024-09-20 10:15:48.694000,423.9221861801962,96
2024-09-20 10:15:48.706000,423.8703820497833,96
2024-09-20 10:15:48.740000,423.9013825104559,14
2024-09-20 10:15:48.751000,423.8403072831058,1001
2024-09-20 10:15:48.754000,423.8413795626984,6
2024-09-20 10:15:48.771000,423.8413645457037,101
2024-09-20 10:15:48.791000,423.87674645494855,1002
2024-09-20 10:15:48.814000,423.89241415421526,14
2024-09-20 10:15:48.817000,423.87205639775374,999
2024-09-20 10:15:48.836000,423.8457313804121,998
2024-09-20 10:15:48.878000,423.9261140059326,1003
2024-09-20 10:15:49.135000,423.90392062909154,1002
2024-09-20 10:15:49.170000,423.9075072031048,98
2024-09-20 10:15:49.465000,423.9308082555152,995
2024-09-20 10:15:49.525000,423.90649647465904,1004
2024-09-20 10:15:49.624000,423.9092525715831,999
2024-09-20 10:15:49.695000,423.901100234023,102
2024-09-20 10:15:49.727000,423.9049549657933,104
2024-09-20 10:15:49.762000,423.9202954630223,101
2024-09-20 10:15:49.771000,423.9209462303695,1004
2024-09-20 10:15:49.811000,423.9244544107889,97
2024-09-20 10:15:49.929000,423.9292436739887,12
2024-09-20 10:15:49.958000,423.9296792453711,1003
2024-09-20 10:15:49.969000,423.9242868128598,98
2024-09-20 10:15:50.052000,423.97679652164834,97
2024-09-20 10:15:50.082000,423.92216235790505,99
2024-09-20 10:15:50.100000,423.9331881824606,15
2024-09-20 10:15:50.114000,423.92589801859714,9
2024-09-20 10:15:50.178000,423.93177824724336,5
2024-09-20 10:15:50.183000,424.0021170178192,99
2024-09-20 10:15:50.187000,423.99128969862807,15
2024-09-20 10:15:50.209000,423.9877515782362,98
2024-09-20 10:15:50.210000,423.9879105640916,6
2024-09-20 10:15:50.275000,423.98667453024,96
2024-09-20 10:15:50.303000,423.9672212243628,105
2024-09-20 10:15:50.358000,423.9819959505815,14
2024-09-20 10:15:50.374000,423.96055455970384,102
2024-09-20 10:15:50.390000,423.9869928374309,997
2024-09-20 10:15:50.390000,423.937328304448,95
2024-09-20 10:15:50.425000,423.9327683401036,11
2024-09-20 10:15:50.453000,423.9812865016469,100
2024-09-20 10:15:50.466000,423.91979598087687,95
2024-09-20 10:15:50.467000,423.9941706393066,99
2024-09-20 10:15:50.510000,423.935334607294,6
2024-09-20 10:15:50.556000,423.9938738079201,995
2024-09-20 10:15:50.852000,423.971237741168,99
2024-09-20 10:15:50.960000,423.9899292379695,8
2024-09-20 10:15:50.961000,423.9822615963322,7
2024-09-20 10:15:50.979000,423.9928646090221,1005
2024-09-20 10:15:51.135000,424.00287380668607,998
2024-09-20 10:15:51.163000,423.98060045681257,9
2024-09-20 10:15:51.182000,423.9936787463805,8
2024-09-20 10:15:51.202000,423.9898944019127,997
2024-09-20 10:15:51.409000,423.9757626746476,999
2024-09-20 10:15:51.455000,424.0066031437855,999
2024-09-20 10:15:51.467000,423.9909391948252,996
2024-09-20 10:15:51.497000,424.0128012737585,999
2024-09-20 10:15:51.533000,424.0069729320373,99
2024-09-20 10:15:51.684000,423.9886883396028,105
2024-09-20 10:15:51.766000,424.00915319075136,11
2024-09-20 10:15:51.793000,424.0085625873123,1002
2024-09-20 10:15:51.833000,423.98371457397417,98
2024-09-20 10:15:51.903000,423.99773378070654,102
2024-09-20 10:15:51.922000,423.9782351212028,97
2024-09-20 10:15:51.937000,423.979203724779,99
2024-09-20 10:15:51.964000,423.97907856779386,995
2024-09-20 10:15:52.098000,423.96629034175305,14
2024-09-20 10:15:52.141000,423.9485487150429,1005
2024-09-20 10:15:52.164000,423.9789895330231,14
2024-09-20 10:15:52.182000,423.97689402616766,101
2024-09-20 10:15:52.191000,423.9208739340024,998
2024-09-20 10:15:52.223000,423.9167765395129,9
2024-09-20 10:15:52.242000,423.9450811766872,11
2024-09-20 10:15:52.247000,423.9344888410008,10
2024-09-20 10:15:52.282000,423.96699264849656,103
2024-09-20 10:15:52.284000,423.9754902870071,1004
2024-09-20 10:15:52.441000,423.96596772646456,13
2024-09-20 10:15:52.449000,423.9740299483102,997
2024-09-20 10:15:52.498000,423.9420490287145,12
2024-09-20 10:15:52.506000,423.9661135658549,103
2024-09-20 10:15:52.555000,423.9119162515619,103
2024-09-20 10:15:52.570000,423.9269748952566,5
2024-09-20 10:15:52.570000,423.9766750856088,14
2024-09-20 10:15:52.627000,423.9310913035045,100
2024-09-20 10:15:52.662000,423.9699991332316,9
2024-09-20 10:15:52.663000,423.9690808182472,100
2024-09-20 10:15:52.731000,423.8948673218287,997
2024-09-20 10:15:52.737000,423.965995936109,105
2024-09-20 10:15:52.824000,423.916655517731,102
2024-09-20 10:15:52.841000,423.9534801712618,8
2024-09-20 10:15:52.900000,423.9510854100605,10
2024-09-20 10:15:52.916000,423.9530638552335,12
2024-09-20 10:15:52.925000,423.934195495532,14
2024-09-20 10:15:52.931000,423.9205831257034,995
2024-09-20 10:15:52.983000,423.9469814347643,97
2024-09-20 10:15:53.119000,423.955348061324,13
2024-09-20 10:15:53.212000,423.9503840347604,102
2024-09-20 10:15:53.223000,423.94633097305245,14
2024-09-20 10:15:53.446000,423.96690839038473,7
2024-09-20 10:15:53.471000,423.92931821342097,997
2024-09-20 10:15:53.478000,423.9599105160492,13
2024-09-20 10:15:53.682000,423.96724999532194,105
2024-09-20 10:15:53.736000,423.9394164320329,15
2024-09-20 10:15:53.742000,423.9506879804301,1005
2024-09-20 10:15:53.780000,423.92052620086247,1005
2024-09-20 10:15:53.874000,423.93588575413446,97
2024-09-20 10:15:53.937000,423.9361688395171,97
2024-09-20 10:15:54.074000,423.9292810583924,9
2024-09-20 10:15:54.119000,423.9089329966593,7
2024-09-20 10:15:54.158000,423.9136501277743,7
2024-09-20 10:15:54.256000,423.9850024533265,1002
2024-09-20 10:15:54.260000,423.92623708441937,1005
2024-09-20 10:15:54.319000,423.9208775008256,9
2024-09-20 10:15:54.404000,423.928131955151,1000
2024-09-20 10:15:54.417000,423.9831297437411,95
2024-09-20 10:15:54.543000,423.9207549962826,105
2024-09-20 10:15:54.557000,423.9155453482181,104
2024-09-20 10:15:54.592000,423.9372819384802,14
2024-09-20 10:15:54.592000,423.9093350308855,102
2024-09-20 10:15:54.620000,423.905015838663,11
2024-09-20 10:15:54.631000,423.9310363996129,100
2024-09-20 10:15:54.723000,423.9194035603393,9
2024-09-20 10:15:54.747000,423.9682609424307,14
2024-09-20 10:15:54.761000,423.920354888164,1000
2024-09-20 10:15:54.932000,424.00973538768926,12
2024-09-20 10:15:54.987000,423.9301895319495,998
2024-09-20 10:15:55.008000,423.9983287656419,7
2024-09-20 10:15:55.186000,424.0363691794837,95
2024-09-20 10:15:55.207000,423.99264534969234,102
2024-09-20 10:15:55.486000,424.0440383493587,995
2024-09-20 10:15:55.591000,424.0447451803391,14
2024-09-20 10:15:55.592000,424.0736593005964,99
2024-09-20 10:15:55.622000,423.9988048251866,104
2024-09-20 10:15:55.626000,424.019169182117,13
2024-09-20 10:15:55.629000,424.0125045326277,104
2024-09-20 10:15:55.641000,424.0569852371627,6
2024-09-20 10:15:55.650000,424.0035381688424,8
2024-09-20 10:15:55.674000,424.0027032398512,98
2024-09-20 10:15:55.857000,424.0079176277152,1005
2024-09-20 10:15:55.976000,424.0269185011831,12
2024-09-20 10:15:56.124000,424.11430225432576,8
2024-09-20 10:15:56.154000,424.1215623170289,1005
2024-09-20 10:15:56.227000,424.08043400657095,9
2024-09-20 10:15:56.306000,424.1020513546586,1005
2024-09-20 10:15:56.311000,424.0961380067296,1002
2024-09-20 10:15:56.315000,424.1183635898145,105
2024-09-20 10:15:56.327000,424.122968501792,14
2024-09-20 10:15:56.344000,424.11855231300416,995
2024-09-20 10:15:56.360000,424.1203215745396,997
2024-09-20 10:15:56.364000,424.0814041296524,99
2024-09-20 10:15:56.364000,424.062094461312,99
2024-09-20 10:15:56.523000,424.0996128085657,999
2024-09-20 10:15:56.531000,424.1041644158018,6
2024-09-20 10:15:56.575000,424.07675532124097,1001
2024-09-20 10:15:56.643000,424.0602985661872,100
2024-09-20 10:15:56.666000,424.1115003259486,11
2024-09-20 10:15:56.786000,424.138365841432,98
2024-09-20 10:15:56.789000,424.0759760445852,7
2024-09-20 10:15:56.870000,424.1149920605977,1003
2024-09-20 10:15:56.983000,424.0771098121928,995
2024-09-20 10:15:56.997000,424.0634921544213,104
2024-09-20 10:15:57.070000,424.1077409271567,105
2024-09-20 10:15:57.144000,424.077549768885,7
2024-09-20 10:15:57.147000,424.09281377290296,103
2024-09-20 10:15:57.158000,424.1484646995872,14
2024-09-20 10:15:57.239000,424.1221401743133,1002
2024-09-20 10:15:57.281000,424.1314991706796,5
2024-09-20 10:15:57.325000,424.0995321049449,103
2024-09-20 10:15:57.344000,424.1374630559567,995
2024-09-20 10:15:57.377000,424.1149514784871,1004
2024-09-20 10:15:57.513000,424.08185448763305,95
2024-09-20 10:15:57.557000,424.10754130491625,99
2024-09-20 10:15:57.586000,424.1290575635219,7
2024-09-20 10:15:57.622000,424.08790128212274,101
2024-09-20 10:15:57.757000,424.1247209900664,1001
2024-09-20 10:15:57.866000,424.1060042017588,102
2024-09-20 10:15:58.392000,424.1205978384815,11
2024-09-20 10:15:58.820000,424.123827396672,1003
2024-09-20 10:15:59.054000,424.1237536322713,1001
2024-09-20 10:15:59.136000,424.07697947621415,95
2024-09-20 10:15:59.171000,424.0794760633757,7
2024-09-20 10:15:59.185000,424.0738047955932,13
2024-09-20 10:15:59.196000,424.0726616159378,97
2024-09-20 10:15:59.215000,424.0771164662453,103
2024-09-20 10:15:59.276000,424.10630451664633,1005
2024-09-20 10:15:59.390000,424.1197620063091,97
2024-09-20 10:15:59.519000,424.0903151993824,99
2024-09-20 10:15:59.691000,424.1288598227109,101
2024-09-20 10:15:59.703000,424.0800065431124,101
2024-09-20 10:15:59.711000,424.0848971291472,995
2024-09-20 10:15:59.745000,424.0844026790688,12
2024-09-20 10:15:59.772000,424.0720634938631,96
2024-09-20 10:15:59.861000,424.0889221575096,996
2024-09-20 10:15:59.863000,424.0748687440855,1002
2024-09-20 10:15:59.952000,424.0806559160061,104
