Timestamp,Price,Size
2024-09-18 13:37:00.002000,415.5349266644477,100
2024-09-18 13:37:00.033000,415.500484331786,1004
2024-09-18 13:37:00.054000,415.5284153947823,1005
2024-09-18 13:37:00.107000,415.4920740349111,1001
2024-09-18 13:37:00.122000,415.5545818075152,5
2024-09-18 13:37:00.201000,415.4736782729976,101
2024-09-18 13:37:00.220000,415.47753759019184,14
2024-09-18 13:37:00.233000,415.5257640619794,5
2024-09-18 13:37:00.260000,415.4840418134566,5
2024-09-18 13:37:00.272000,415.4987052776277,1002
2024-09-18 13:37:00.281000,415.5358517649461,1002
2024-09-18 13:37:00.287000,415.5135202472303,10
2024-09-18 13:37:00.328000,415.5409051727868,98
2024-09-18 13:37:00.370000,415.49487823535,1000
2024-09-18 13:37:00.400000,415.55035086364416,5
2024-09-18 13:37:00.421000,415.4879427866271,98
2024-09-18 13:37:00.466000,415.4926741576956,95
2024-09-18 13:37:00.466000,415.4827965454657,1004
2024-09-18 13:37:00.506000,415.4703397032712,13
2024-09-18 13:37:00.514000,415.46683116667367,105
2024-09-18 13:37:00.549000,415.464961500987,98
2024-09-18 13:37:00.637000,415.5194930406586,101
2024-09-18 13:37:00.667000,415.4955061893882,99
2024-09-18 13:37:00.719000,415.51663487734896,9
2024-09-18 13:37:00.765000,415.4746198201304,98
2024-09-18 13:37:00.821000,415.4747332373645,1003
2024-09-18 13:37:00.869000,415.4927151192376,995
2024-09-18 13:37:00.984000,415.4781011213951,11
2024-09-18 13:37:01.050000,415.54177551156425,103
2024-09-18 13:37:01.215000,415.5331381635328,13
2024-09-18 13:37:01.216000,415.54928626861255,12
2024-09-18 13:37:01.241000,415.5547897009342,997
2024-09-18 13:37:01.384000,415.526578656264,5
2024-09-18 13:37:01.402000,415.5643757894118,8
2024-09-18 13:37:01.472000,415.5383424082771,105
2024-09-18 13:37:01.542000,415.5507182880236,104
2024-09-18 13:37:01.610000,415.5424713847029,98
2024-09-18 13:37:01.643000,415.5471193671069,98
2024-09-18 13:37:01.697000,415.54194063308194,1001
2024-09-18 13:37:01.712000,415.5298742075768,1002
2024-09-18 13:37:01.790000,415.5452343089718,96
2024-09-18 13:37:01.819000,415.5486983292594,103
2024-09-18 13:37:01.973000,415.54358686632463,105
2024-09-18 13:37:02.028000,415.4421903780443,105
2024-09-18 13:37:02.070000,415.45938732302926,1001
2024-09-18 13:37:02.077000,415.4804489423684,10
2024-09-18 13:37:02.209000,415.478495887281,7
2024-09-18 13:37:02.217000,415.4645134516432,1005
2024-09-18 13:37:02.307000,415.44296448821,1003
2024-09-18 13:37:02.361000,415.4755889699027,101
2024-09-18 13:37:02.376000,415.4723328332847,998
2024-09-18 13:37:02.392000,415.4211586186584,5
2024-09-18 13:37:02.443000,415.43887731866727,15
2024-09-18 13:37:02.597000,415.453150925456,10
2024-09-18 13:37:02.656000,415.4397436430506,97
2024-09-18 13:37:02.841000,415.455635141514,995
2024-09-18 13:37:02.845000,415.4769098213594,998
2024-09-18 13:37:02.901000,415.4899433427055,1002
2024-09-18 13:37:02.947000,415.4660672605529,1004
2024-09-18 13:37:04.021000,415.3804638365982,1005
2024-09-18 13:37:04.024000,415.4392059804815,95
2024-09-18 13:37:04.134000,415.427442156282,98
2024-09-18 13:37:04.135000,415.4086409638952,99
2024-09-18 13:37:04.194000,415.4336682924791,7
2024-09-18 13:37:04.221000,415.4140293275914,95
2024-09-18 13:37:04.234000,415.4247814742617,7
2024-09-18 13:37:04.333000,415.3838742711859,1002
2024-09-18 13:37:04.460000,415.3706884335372,12
2024-09-18 13:37:04.537000,415.4405446237496,1002
2024-09-18 13:37:04.542000,415.3638332384612,103
2024-09-18 13:37:04.692000,415.36447426765176,1000
2024-09-18 13:37:04.792000,415.4433797441615,105
2024-09-18 13:37:04.809000,415.3786380504766,100
2024-09-18 13:37:04.810000,415.4096825457858,103
2024-09-18 13:37:04.856000,415.3901070276156,1003
2024-09-18 13:37:04.857000,415.4035791179129,1002
2024-09-18 13:37:04.877000,415.4044218159575,995
2024-09-18 13:37:04.893000,415.3652285488088,13
2024-09-18 13:37:04.907000,415.4070608975412,1000
2024-09-18 13:37:04.983000,415.39719512526034,1003
2024-09-18 13:37:04.998000,415.42629268508176,98
2024-09-18 13:37:05.632000,415.39589274738313,1002
2024-09-18 13:37:06.017000,415.3227978229072,13
2024-09-18 13:37:06.064000,415.30373556281023,1002
2024-09-18 13:37:06.100000,415.3103903429159,104
2024-09-18 13:37:06.128000,415.2983341402707,13
2024-09-18 13:37:06.132000,415.3727829225977,9
2024-09-18 13:37:06.215000,415.3871655373385,996
2024-09-18 13:37:06.285000,415.36306037625474,1000
2024-09-18 13:37:06.312000,415.3052902430907,96
2024-09-18 13:37:06.329000,415.36991841675234,11
2024-09-18 13:37:06.427000,415.3201228124908,15
2024-09-18 13:37:06.623000,415.3137744477327,13
2024-09-18 13:37:06.783000,415.3888218316491,998
2024-09-18 13:37:06.808000,415.3211572526948,14
2024-09-18 13:37:06.827000,415.3157059657748,1001
2024-09-18 13:37:06.834000,415.3842265244148,12
2024-09-18 13:37:06.843000,415.3604292563365,12
2024-09-18 13:37:06.884000,415.3175231805691,103
2024-09-18 13:37:06.893000,415.3123785152264,997
2024-09-18 13:37:06.909000,415.3259860728701,5
2024-09-18 13:37:06.939000,415.292510122608,96
2024-09-18 13:37:06.943000,415.2916846035805,1001
2024-09-18 13:37:06.947000,415.3358433151326,105
2024-09-18 13:37:07.026000,415.3390786579188,998
2024-09-18 13:37:07.135000,415.2938844693703,1005
2024-09-18 13:37:07.186000,415.3224639481538,997
2024-09-18 13:37:07.187000,415.28550325982906,100
2024-09-18 13:37:07.202000,415.2957445301144,995
2024-09-18 13:37:07.276000,415.2978844733044,996
2024-09-18 13:37:07.574000,415.2940264927975,105
2024-09-18 13:37:07.640000,415.3421664574317,8
2024-09-18 13:37:07.663000,415.325736757206,997
2024-09-18 13:37:07.673000,415.3380941556815,8
2024-09-18 13:37:07.723000,415.3063654372093,998
2024-09-18 13:37:07.727000,415.32368430330814,97
2024-09-18 13:37:07.855000,415.34660448247416,1001
2024-09-18 13:37:07.888000,415.3302258422717,14
2024-09-18 13:37:07.894000,415.2893867484783,12
2024-09-18 13:37:07.901000,415.3401796829287,99
2024-09-18 13:37:07.909000,415.3009240037964,8
2024-09-18 13:37:07.951000,415.2911576902903,1000
2024-09-18 13:37:07.952000,415.2997279529137,105
2024-09-18 13:37:07.971000,415.328557799024,100
2024-09-18 13:37:08.003000,415.39598694033054,9
2024-09-18 13:37:08.052000,415.36290005639535,103
2024-09-18 13:37:08.073000,415.3896399828826,101
2024-09-18 13:37:08.110000,415.34123894962886,1000
2024-09-18 13:37:08.326000,415.3824634208653,96
2024-09-18 13:37:08.389000,415.39210531144033,999
2024-09-18 13:37:08.399000,415.3843202198874,98
2024-09-18 13:37:08.449000,415.4002245251608,98
2024-09-18 13:37:08.450000,415.3648000409997,5
2024-09-18 13:37:08.498000,415.393859578776,102
2024-09-18 13:37:08.513000,415.4035115932217,996
2024-09-18 13:37:08.546000,415.3912508514337,13
2024-09-18 13:37:08.561000,415.3679636224832,102
2024-09-18 13:37:08.622000,415.3549135216746,999
2024-09-18 13:37:08.623000,415.35022240763897,101
2024-09-18 13:37:08.720000,415.406756164108,13
2024-09-18 13:37:08.770000,415.36505715148735,1001
2024-09-18 13:37:08.786000,415.3717000655744,995
2024-09-18 13:37:08.793000,415.4398155176151,99
2024-09-18 13:37:08.821000,415.3899076277337,998
2024-09-18 13:37:08.838000,415.3728430369649,1000
2024-09-18 13:37:08.851000,415.3810659038455,1002
2024-09-18 13:37:08.853000,415.4424702973897,999
2024-09-18 13:37:08.880000,415.3860290912128,998
2024-09-18 13:37:08.907000,415.413174590353,7
2024-09-18 13:37:08.934000,415.3690117437328,103
2024-09-18 13:37:08.954000,415.36359741886594,14
2024-09-18 13:37:08.970000,415.3800873583604,98
2024-09-18 13:37:09.005000,415.4231433151912,999
2024-09-18 13:37:09.030000,415.4337194321159,95
2024-09-18 13:37:09.074000,415.4551391928733,1001
2024-09-18 13:37:09.168000,415.3818371176982,100
2024-09-18 13:37:09.348000,415.4272399466146,102
2024-09-18 13:37:09.365000,415.4590310521747,103
2024-09-18 13:37:09.383000,415.4433935314353,105
2024-09-18 13:37:09.384000,415.424506282344,998
2024-09-18 13:37:09.459000,415.477833296354,9
2024-09-18 13:37:09.478000,415.4358218247467,12
2024-09-18 13:37:09.491000,415.4180084528488,1001
2024-09-18 13:37:09.523000,415.4747767970217,6
2024-09-18 13:37:09.616000,415.4589990672951,101
2024-09-18 13:37:09.661000,415.4650300717653,98
2024-09-18 13:37:09.669000,415.4577709951713,100
2024-09-18 13:37:09.725000,415.4343179957866,1005
2024-09-18 13:37:09.747000,415.4261790760851,1004
2024-09-18 13:37:09.776000,415.4808583819608,105
2024-09-18 13:37:09.785000,415.3823847763106,105
2024-09-18 13:37:09.811000,415.4570011873553,7
2024-09-18 13:37:09.853000,415.3967088660997,6
2024-09-18 13:37:09.889000,415.4365658053453,105
2024-09-18 13:37:09.903000,415.4348535886167,11
2024-09-18 13:37:09.924000,415.4195992386417,1002
2024-09-18 13:37:09.960000,415.46431862768526,15
2024-09-18 13:37:09.963000,415.4427207733621,6
2024-09-18 13:37:10,415.3918298613256,103
2024-09-18 13:37:10.058000,415.3900533607257,1005
2024-09-18 13:37:10.077000,415.3887440906586,14
2024-09-18 13:37:10.140000,415.3832041419787,14
2024-09-18 13:37:10.146000,415.3931898565021,1004
2024-09-18 13:37:10.200000,415.3857049592734,11
2024-09-18 13:37:10.204000,415.41037812849305,999
2024-09-18 13:37:10.305000,415.38377830693634,104
2024-09-18 13:37:10.431000,415.3838080717787,6
2024-09-18 13:37:10.486000,415.3854653371832,1004
2024-09-18 13:37:10.515000,415.38185645546713,998
2024-09-18 13:37:10.516000,415.37891006553326,15
2024-09-18 13:37:10.527000,415.3742560789197,997
2024-09-18 13:37:10.600000,415.3867824704912,99
2024-09-18 13:37:10.618000,415.38628263580455,98
2024-09-18 13:37:10.813000,415.4194569675609,100
2024-09-18 13:37:10.841000,415.423213134265,995
2024-09-18 13:37:10.846000,415.3805956713843,996
2024-09-18 13:37:11.042000,415.4300063219105,5
2024-09-18 13:37:11.211000,415.4315128804626,14
2024-09-18 13:37:11.302000,415.4313012337231,99
2024-09-18 13:37:11.544000,415.4309685718697,96
2024-09-18 13:37:11.598000,415.4311438675261,996
2024-09-18 13:37:11.654000,415.42056434795103,101
2024-09-18 13:37:11.761000,415.4290080267028,99
2024-09-18 13:37:11.833000,415.4265216904171,11
2024-09-18 13:37:12.148000,415.43229778680654,100
2024-09-18 13:37:12.233000,415.3886704326635,12
2024-09-18 13:37:12.246000,415.4230101969283,8
2024-09-18 13:37:12.279000,415.4168003377858,99
2024-09-18 13:37:12.283000,415.3883537397233,7
2024-09-18 13:37:12.310000,415.4217794261618,997
2024-09-18 13:37:12.362000,415.3887144751517,1000
2024-09-18 13:37:12.409000,415.3991700890076,999
2024-09-18 13:37:12.540000,415.44124239408825,98
2024-09-18 13:37:12.610000,415.4302294509649,7
2024-09-18 13:37:12.651000,415.4175001499797,95
2024-09-18 13:37:12.714000,415.38586283725374,999
2024-09-18 13:37:12.799000,415.3968071483172,998
2024-09-18 13:37:12.809000,415.4152832657493,8
2024-09-18 13:37:12.870000,415.4023530693196,99
2024-09-18 13:37:12.885000,415.4139512452192,12
2024-09-18 13:37:12.903000,415.4048169397584,998
2024-09-18 13:37:12.993000,415.3940661823548,1004
2024-09-18 13:37:13.004000,415.3929811714772,105
2024-09-18 13:37:13.019000,415.3630930834105,103
2024-09-18 13:37:13.037000,415.3711217397749,103
2024-09-18 13:37:13.058000,415.3284864106599,1001
2024-09-18 13:37:13.074000,415.3816186459373,995
2024-09-18 13:37:13.140000,415.3739377734569,15
2024-09-18 13:37:13.205000,415.398631192936,5
2024-09-18 13:37:13.289000,415.3278366207553,99
2024-09-18 13:37:13.307000,415.3785605982556,1003
2024-09-18 13:37:13.421000,415.40127689927647,9
2024-09-18 13:37:13.467000,415.3861692579145,98
2024-09-18 13:37:13.481000,415.3321836631926,1000
2024-09-18 13:37:13.643000,415.40121800134,11
2024-09-18 13:37:13.715000,415.3264555731635,97
2024-09-18 13:37:13.778000,415.4072465112079,995
2024-09-18 13:37:13.784000,415.394699967558,15
2024-09-18 13:37:13.827000,415.3327877852705,996
2024-09-18 13:37:13.828000,415.3743237642348,12
2024-09-18 13:37:13.859000,415.3736394729553,100
2024-09-18 13:37:13.902000,415.4014674220199,1005
2024-09-18 13:37:13.907000,415.3657711296543,102
2024-09-18 13:37:13.981000,415.315371617614,95
2024-09-18 13:37:14.071000,415.3058580234721,998
2024-09-18 13:37:14.112000,415.3398308060342,14
2024-09-18 13:37:14.269000,415.324649524213,1005
2024-09-18 13:37:14.470000,415.295380772996,96
2024-09-18 13:37:14.603000,415.3462014490533,8
2024-09-18 13:37:14.620000,415.32619070262894,997
2024-09-18 13:37:14.666000,415.3098111552789,103
2024-09-18 13:37:14.681000,415.2857006035255,98
2024-09-18 13:37:14.690000,415.32726655679016,997
2024-09-18 13:37:14.696000,415.31304016501633,999
2024-09-18 13:37:14.797000,415.3325473873381,102
2024-09-18 13:37:14.798000,415.297311926073,6
2024-09-18 13:37:14.913000,415.3039362951021,98
2024-09-18 13:37:14.999000,415.304521197013,5
2024-09-18 13:37:15.006000,415.312138464233,98
2024-09-18 13:37:15.068000,415.3230685358906,1003
2024-09-18 13:37:15.125000,415.3693146679105,101
2024-09-18 13:37:15.371000,415.3387300875076,8
2024-09-18 13:37:15.382000,415.3307772224813,99
2024-09-18 13:37:15.536000,415.3358172416069,11
2024-09-18 13:37:15.599000,415.36054786495976,102
2024-09-18 13:37:15.636000,415.3046984994192,96
2024-09-18 13:37:15.679000,415.3213592976748,1000
2024-09-18 13:37:15.739000,415.3192684879115,1001
2024-09-18 13:37:15.746000,415.3610236071884,13
2024-09-18 13:37:15.796000,415.34495666562407,6
2024-09-18 13:37:15.820000,415.3666483289039,5
2024-09-18 13:37:15.865000,415.2993886539675,99
2024-09-18 13:37:15.900000,415.3268785466449,99
2024-09-18 13:37:15.903000,415.3621959956821,15
2024-09-18 13:37:15.942000,415.36855300275175,5
2024-09-18 13:37:16.228000,415.2782763719452,104
2024-09-18 13:37:16.335000,415.2961554889471,1001
2024-09-18 13:37:16.601000,415.3145108272853,11
2024-09-18 13:37:16.900000,415.2815834931741,995
2024-09-18 13:37:17.113000,415.2490805393479,96
2024-09-18 13:37:17.304000,415.2770262626389,103
2024-09-18 13:37:17.325000,415.2516877071301,97
2024-09-18 13:37:17.334000,415.2909135717833,1000
2024-09-18 13:37:17.388000,415.288710495423,99
2024-09-18 13:37:17.453000,415.2885501792984,1001
2024-09-18 13:37:17.622000,415.271605739559,1001
2024-09-18 13:37:17.652000,415.2697981422769,97
2024-09-18 13:37:17.691000,415.2958461745972,9
2024-09-18 13:37:17.905000,415.2610409959244,9
2024-09-18 13:37:17.988000,415.2987889287597,1005
2024-09-18 13:37:18.202000,415.30826725035945,98
2024-09-18 13:37:18.334000,415.30304506353343,102
2024-09-18 13:37:19.176000,415.3192546549572,9
2024-09-18 13:37:19.491000,415.3214033125902,999
2024-09-18 13:37:19.509000,415.3021080917243,995
2024-09-18 13:37:19.564000,415.31517123228434,9
2024-09-18 13:37:19.585000,415.3362495521149,100
2024-09-18 13:37:19.591000,415.3087085508112,1004
2024-09-18 13:37:19.655000,415.324046044608,997
2024-09-18 13:37:19.730000,415.31602126794456,1004
2024-09-18 13:37:19.803000,415.3069218821456,97
2024-09-18 13:37:19.907000,415.3347380136643,998
2024-09-18 13:37:19.911000,415.3148457507641,102
2024-09-18 13:37:19.992000,415.3105875214437,999
2024-09-18 13:37:20.116000,415.34548442994617,100
2024-09-18 13:37:20.324000,415.3205661587231,11
2024-09-18 13:37:20.591000,415.3508343314575,5
2024-09-18 13:37:20.769000,415.329145360526,8
2024-09-18 13:37:20.838000,415.3569553948868,1002
2024-09-18 13:37:21.066000,415.4025396884062,100
2024-09-18 13:37:21.126000,415.427088642143,97
2024-09-18 13:37:21.390000,415.4206099736596,15
2024-09-18 13:37:21.473000,415.4036167346263,7
2024-09-18 13:37:21.726000,415.3727628574331,1004
2024-09-18 13:37:21.730000,415.41057695624113,1001
2024-09-18 13:37:21.773000,415.3876306121055,1001
2024-09-18 13:37:21.804000,415.3896226143452,96
2024-09-18 13:37:21.842000,415.3891005239111,6
2024-09-18 13:37:21.951000,415.3942806575538,99
2024-09-18 13:37:21.987000,415.4400312801188,1000
2024-09-18 13:37:22,415.3525847113005,1000
2024-09-18 13:37:22.024000,415.408434545229,996
2024-09-18 13:37:22.061000,415.3968391381427,15
2024-09-18 13:37:22.082000,415.3784985101219,9
2024-09-18 13:37:22.100000,415.436151782332,5
2024-09-18 13:37:22.107000,415.3865495553381,1004
2024-09-18 13:37:22.194000,415.413985787453,14
2024-09-18 13:37:22.235000,415.39157940793774,13
2024-09-18 13:37:22.263000,415.44100091575706,7
2024-09-18 13:37:22.299000,415.4346962012157,102
2024-09-18 13:37:22.300000,415.4048600710965,996
2024-09-18 13:37:22.365000,415.4378943014664,6
2024-09-18 13:37:22.516000,415.4198657271889,999
2024-09-18 13:37:22.537000,415.3526066709636,1001
2024-09-18 13:37:22.545000,415.37663959429386,9
2024-09-18 13:37:22.601000,415.3715585233341,8
2024-09-18 13:37:22.637000,415.3625449901847,1003
2024-09-18 13:37:22.651000,415.4262490626336,995
2024-09-18 13:37:22.657000,415.3992693692259,5
2024-09-18 13:37:22.659000,415.4232057534032,998
2024-09-18 13:37:22.668000,415.3845796597739,14
2024-09-18 13:37:22.759000,415.37711058959707,1005
2024-09-18 13:37:22.772000,415.406781731979,1003
2024-09-18 13:37:22.909000,415.4139442697309,999
2024-09-18 13:37:22.961000,415.4336301580105,1004
2024-09-18 13:37:22.980000,415.4083288718282,98
2024-09-18 13:37:22.997000,415.3862343832478,1002
2024-09-18 13:37:23.032000,415.39129173037645,6
2024-09-18 13:37:23.037000,415.3915068385608,9
2024-09-18 13:37:23.172000,415.3997678677084,104
2024-09-18 13:37:23.198000,415.3872050456636,999
2024-09-18 13:37:23.480000,415.3790716445147,7
2024-09-18 13:37:23.533000,415.3965673236637,95
2024-09-18 13:37:23.993000,415.3876541159224,1000
2024-09-18 13:37:24.035000,415.3955189440096,9
2024-09-18 13:37:24.049000,415.395479983075,1001
2024-09-18 13:37:24.221000,415.4197998006282,97
2024-09-18 13:37:24.294000,415.3839752423655,1000
2024-09-18 13:37:24.315000,415.38272816856426,12
2024-09-18 13:37:24.364000,415.3994296250733,101
2024-09-18 13:37:24.456000,415.3767571962179,9
2024-09-18 13:37:24.677000,415.4035542402195,1001
2024-09-18 13:37:24.689000,415.4056826243024,12
2024-09-18 13:37:24.809000,415.3869469049134,997
2024-09-18 13:37:24.896000,415.3876110799824,99
2024-09-18 13:37:24.897000,415.3673540018139,1004
2024-09-18 13:37:24.923000,415.4302064132754,999
2024-09-18 13:37:24.937000,415.4285808777538,1003
2024-09-18 13:37:25.009000,415.3869185276734,7
2024-09-18 13:37:25.089000,415.36982092444106,1005
2024-09-18 13:37:25.113000,415.3784014096957,101
2024-09-18 13:37:25.159000,415.37255233077417,15
2024-09-18 13:37:25.216000,415.3756440996623,96
2024-09-18 13:37:25.515000,415.4153913483117,103
2024-09-18 13:37:25.756000,415.3483204437645,995
2024-09-18 13:37:25.764000,415.3673344606934,995
2024-09-18 13:37:25.809000,415.35249912540286,8
2024-09-18 13:37:25.830000,415.28303746260025,102
2024-09-18 13:37:25.853000,415.2955697492756,1002
2024-09-18 13:37:25.929000,415.4175374702954,1004
2024-09-18 13:37:25.951000,415.35948071600336,97
2024-09-18 13:37:25.955000,415.3896633038175,97
2024-09-18 13:37:25.968000,415.4197068011311,6
2024-09-18 13:37:25.975000,415.4240624434752,99
2024-09-18 13:37:25.975000,415.35154336068,96
2024-09-18 13:37:25.994000,415.35593405411896,104
2024-09-18 13:37:26.010000,415.28715523957015,1004
2024-09-18 13:37:26.104000,415.3033566124132,15
2024-09-18 13:37:26.128000,415.32018927031726,1003
2024-09-18 13:37:26.141000,415.3153094557548,12
2024-09-18 13:37:26.534000,415.3098228888175,11
2024-09-18 13:37:26.577000,415.32535112960977,97
2024-09-18 13:37:26.610000,415.3127932732807,996
2024-09-18 13:37:26.612000,415.30934822897,13
2024-09-18 13:37:26.669000,415.292668808563,996
2024-09-18 13:37:26.692000,415.2923980131097,1001
2024-09-18 13:37:26.730000,415.3168728717022,104
2024-09-18 13:37:26.748000,415.3159889623387,6
2024-09-18 13:37:26.855000,415.31082958363294,99
2024-09-18 13:37:26.898000,415.29865666322337,8
2024-09-18 13:37:27,415.295254156453,997
2024-09-18 13:37:27.145000,415.3265269026452,104
2024-09-18 13:37:27.178000,415.3339191088754,11
2024-09-18 13:37:27.194000,415.33323338891006,996
2024-09-18 13:37:27.321000,415.300597309924,1005
2024-09-18 13:37:27.406000,415.294442091868,6
2024-09-18 13:37:27.411000,415.31850670677073,101
2024-09-18 13:37:27.444000,415.3054844727618,6
2024-09-18 13:37:27.458000,415.3032492809359,1004
2024-09-18 13:37:27.543000,415.3522947130451,7
2024-09-18 13:37:27.560000,415.30501450292905,997
2024-09-18 13:37:27.667000,415.3244648692684,997
2024-09-18 13:37:27.739000,415.3423375832749,102
2024-09-18 13:37:27.796000,415.3069825925668,1005
2024-09-18 13:37:27.863000,415.3072363747592,1003
2024-09-18 13:37:27.869000,415.32407599807897,102
2024-09-18 13:37:28.038000,415.4480456977328,100
2024-09-18 13:37:28.099000,415.3298969037891,102
2024-09-18 13:37:28.137000,415.359788396186,995
2024-09-18 13:37:28.212000,415.4225193863156,995
2024-09-18 13:37:28.215000,415.4259114917622,15
2024-09-18 13:37:28.359000,415.42984308907415,995
2024-09-18 13:37:28.372000,415.3383632374852,5
2024-09-18 13:37:28.400000,415.36031206011984,101
2024-09-18 13:37:28.408000,415.4550296264352,100
2024-09-18 13:37:28.418000,415.3784142880322,999
2024-09-18 13:37:28.486000,415.42101366292735,8
2024-09-18 13:37:28.492000,415.4047618971655,996
2024-09-18 13:37:28.538000,415.428212477555,14
2024-09-18 13:37:28.564000,415.4274524736191,95
2024-09-18 13:37:28.624000,415.3233470389096,13
2024-09-18 13:37:28.683000,415.3936536320976,14
2024-09-18 13:37:28.702000,415.4254777885911,1005
2024-09-18 13:37:28.714000,415.3208054871653,8
2024-09-18 13:37:28.736000,415.3396213434909,1001
2024-09-18 13:37:28.791000,415.4152620267524,997
2024-09-18 13:37:28.795000,415.35070885030734,99
2024-09-18 13:37:28.802000,415.4250623642741,5
2024-09-18 13:37:28.833000,415.4275894786795,998
2024-09-18 13:37:28.844000,415.3968232090325,103
2024-09-18 13:37:28.855000,415.4255797380473,96
2024-09-18 13:37:28.876000,415.3485149018791,10
2024-09-18 13:37:28.902000,415.4639610258535,1005
2024-09-18 13:37:28.919000,415.4321365210577,995
2024-09-18 13:37:29.462000,415.4166352291996,1004
2024-09-18 13:37:29.543000,415.4072711003726,996
2024-09-18 13:37:29.920000,415.40668218847264,15
2024-09-18 13:37:29.943000,415.3972193002495,13
2024-09-18 13:37:30.058000,415.3797807241698,9
2024-09-18 13:37:30.088000,415.3950276663412,997
2024-09-18 13:37:30.719000,415.3878807415384,7
2024-09-18 13:37:30.962000,415.3823538046468,13
2024-09-18 13:37:31.003000,415.3343837619536,11
2024-09-18 13:37:31.009000,415.34648809236336,96
2024-09-18 13:37:31.166000,415.3484136652143,999
2024-09-18 13:37:31.208000,415.3187611942511,12
2024-09-18 13:37:31.245000,415.3400456963904,1002
2024-09-18 13:37:31.431000,415.3143768914408,1004
2024-09-18 13:37:31.442000,415.31373408417465,13
2024-09-18 13:37:31.478000,415.3497199932304,100
2024-09-18 13:37:31.535000,415.3365003975543,997
2024-09-18 13:37:31.632000,415.3393548712225,12
2024-09-18 13:37:31.661000,415.3467000163104,99
2024-09-18 13:37:31.672000,415.3430959418175,14
2024-09-18 13:37:31.673000,415.3469338286947,99
2024-09-18 13:37:31.692000,415.3160454452662,996
2024-09-18 13:37:31.696000,415.3277234384233,1005
2024-09-18 13:37:31.727000,415.3420454217553,999
2024-09-18 13:37:31.766000,415.3243249009493,99
2024-09-18 13:37:31.836000,415.3306788180464,99
2024-09-18 13:37:31.853000,415.3433185072272,105
2024-09-18 13:37:31.855000,415.3342163841452,96
2024-09-18 13:37:31.858000,415.3539221859281,10
2024-09-18 13:37:31.867000,415.3269988003219,995
2024-09-18 13:37:31.918000,415.32641234768806,102
2024-09-18 13:37:32.019000,415.3117773101499,6
2024-09-18 13:37:32.030000,415.26768748927503,996
2024-09-18 13:37:32.074000,415.2736286348113,1001
2024-09-18 13:37:32.106000,415.3117990434041,9
2024-09-18 13:37:32.156000,415.24885226561247,97
2024-09-18 13:37:32.166000,415.3048568842983,101
2024-09-18 13:37:32.194000,415.304196738201,1003
2024-09-18 13:37:32.198000,415.3004018870775,104
2024-09-18 13:37:32.237000,415.2676535299338,13
2024-09-18 13:37:32.292000,415.31625548396914,96
2024-09-18 13:37:32.481000,415.2812169780692,96
2024-09-18 13:37:32.510000,415.2736937491073,5
2024-09-18 13:37:32.551000,415.2588698535986,95
2024-09-18 13:37:32.619000,415.2521668917714,95
2024-09-18 13:37:32.661000,415.2807360683639,95
2024-09-18 13:37:32.771000,415.3103476308586,97
2024-09-18 13:37:32.801000,415.3166077006019,1005
2024-09-18 13:37:32.839000,415.2511779992652,11
2024-09-18 13:37:32.843000,415.2831984900287,1003
2024-09-18 13:37:32.862000,415.3072276496801,1000
2024-09-18 13:37:32.922000,415.3239793450904,98
2024-09-18 13:37:32.980000,415.2680161280829,1001
2024-09-18 13:37:33.033000,415.30585755708006,10
2024-09-18 13:37:33.052000,415.32118626379673,97
2024-09-18 13:37:33.178000,415.3064382310479,96
2024-09-18 13:37:33.348000,415.3000937771098,997
2024-09-18 13:37:34.001000,415.3106053372597,10
2024-09-18 13:37:34.021000,415.3293437839712,996
2024-09-18 13:37:34.056000,415.2807650247424,1004
2024-09-18 13:37:34.056000,415.2905022692975,98
2024-09-18 13:37:34.076000,415.2889892236799,98
2024-09-18 13:37:34.131000,415.33146532803295,13
2024-09-18 13:37:34.229000,415.2934526232806,1000
2024-09-18 13:37:34.304000,415.2931175392358,995
2024-09-18 13:37:34.346000,415.3046915826619,998
2024-09-18 13:37:34.360000,415.3224697269965,999
2024-09-18 13:37:34.405000,415.3409463663183,10
2024-09-18 13:37:34.423000,415.3163510156723,14
2024-09-18 13:37:34.491000,415.3240482758328,9
2024-09-18 13:37:34.515000,415.3071526678654,98
2024-09-18 13:37:34.568000,415.2821423230192,97
2024-09-18 13:37:34.719000,415.2828158841043,13
2024-09-18 13:37:34.803000,415.2897327212914,12
2024-09-18 13:37:34.856000,415.2999865980064,9
2024-09-18 13:37:35.034000,415.23172565081086,15
2024-09-18 13:37:35.076000,415.2212457121012,97
2024-09-18 13:37:35.102000,415.176445170522,104
2024-09-18 13:37:35.117000,415.19573407478975,15
2024-09-18 13:37:35.212000,415.288139660326,1000
2024-09-18 13:37:35.216000,415.2646730995492,100
2024-09-18 13:37:35.230000,415.2085885171879,998
2024-09-18 13:37:35.243000,415.19122786187467,998
2024-09-18 13:37:35.296000,415.2183940120322,97
2024-09-18 13:37:35.300000,415.2035290559745,7
2024-09-18 13:37:35.326000,415.2412308260146,1005
2024-09-18 13:37:35.375000,415.21140115544415,10
2024-09-18 13:37:35.409000,415.2123323111626,995
2024-09-18 13:37:35.450000,415.20151285773295,97
2024-09-18 13:37:35.529000,415.1954186857422,1001
2024-09-18 13:37:35.545000,415.1954478320279,1000
2024-09-18 13:37:35.587000,415.1932429835063,105
2024-09-18 13:37:35.596000,415.2173876508336,95
2024-09-18 13:37:35.623000,415.2211564686487,1002
2024-09-18 13:37:35.697000,415.2173099681635,1003
2024-09-18 13:37:35.699000,415.2024644666985,98
2024-09-18 13:37:35.779000,415.189929639309,13
2024-09-18 13:37:35.829000,415.1795789712955,995
2024-09-18 13:37:35.829000,415.2269675952971,102
2024-09-18 13:37:35.857000,415.2250531889512,10
2024-09-18 13:37:35.911000,415.2103829146708,1001
2024-09-18 13:37:35.916000,415.2044919525867,103
2024-09-18 13:37:35.927000,415.2047305659436,99
2024-09-18 13:37:35.989000,415.1998984143147,999
2024-09-18 13:37:35.993000,415.1949028091954,1005
2024-09-18 13:37:36.085000,415.1822036210259,102
2024-09-18 13:37:36.092000,415.2228706755379,103
2024-09-18 13:37:36.306000,415.2111580170802,95
2024-09-18 13:37:36.421000,415.1726492983448,1004
2024-09-18 13:37:36.528000,415.2256955187081,1002
2024-09-18 13:37:36.722000,415.2107380345092,100
2024-09-18 13:37:36.767000,415.1652711316838,8
2024-09-18 13:37:36.803000,415.19867620925805,995
2024-09-18 13:37:36.844000,415.20499945180296,5
2024-09-18 13:37:36.972000,415.2129504148794,10
2024-09-18 13:37:36.978000,415.1712238642244,10
2024-09-18 13:37:36.993000,415.2269559785585,5
2024-09-18 13:37:37.127000,415.217070488537,105
2024-09-18 13:37:38.011000,415.25519696013953,95
2024-09-18 13:37:38.268000,415.23574157765023,105
2024-09-18 13:37:38.560000,415.23415182803245,100
2024-09-18 13:37:38.569000,415.2874901181277,7
2024-09-18 13:37:38.673000,415.2307379504117,105
2024-09-18 13:37:38.707000,415.2670096314839,104
2024-09-18 13:37:38.719000,415.2894004600709,997
2024-09-18 13:37:38.928000,415.2631369957051,97
2024-09-18 13:37:39.059000,415.2708736509677,999
2024-09-18 13:37:39.068000,415.2678687448088,98
2024-09-18 13:37:39.089000,415.266880045897,100
2024-09-18 13:37:39.297000,415.2604072416794,10
2024-09-18 13:37:39.365000,415.27812205688457,5
2024-09-18 13:37:39.535000,415.2742230381208,11
2024-09-18 13:37:39.550000,415.2649587779338,7
2024-09-18 13:37:39.560000,415.2908652358212,997
2024-09-18 13:37:39.572000,415.27166102181553,1001
2024-09-18 13:37:39.687000,415.26897792738646,997
2024-09-18 13:37:39.688000,415.2927083754962,5
2024-09-18 13:37:39.851000,415.26866164340487,103
2024-09-18 13:37:39.941000,415.2565685568699,99
2024-09-18 13:37:40.029000,415.2673341476667,101
2024-09-18 13:37:40.090000,415.249694275061,101
2024-09-18 13:37:40.106000,415.2659637792033,105
2024-09-18 13:37:40.160000,415.3094773531712,1001
2024-09-18 13:37:40.245000,415.2610900847421,95
2024-09-18 13:37:40.246000,415.2546692131491,100
2024-09-18 13:37:40.356000,415.2527693633188,1001
2024-09-18 13:37:40.378000,415.238614353752,15
2024-09-18 13:37:40.389000,415.29028005985634,996
2024-09-18 13:37:40.393000,415.2606346215808,998
2024-09-18 13:37:40.406000,415.2503052553259,5
2024-09-18 13:37:40.432000,415.2654425633364,12
2024-09-18 13:37:40.494000,415.2553491591535,11
2024-09-18 13:37:40.498000,415.2687454067184,1003
2024-09-18 13:37:40.503000,415.2166392485731,97
2024-09-18 13:37:40.544000,415.2247843620184,999
2024-09-18 13:37:40.612000,415.258987051696,101
2024-09-18 13:37:40.631000,415.2539351991076,998
2024-09-18 13:37:40.659000,415.24542622708367,100
2024-09-18 13:37:40.696000,415.2735520893927,102
2024-09-18 13:37:40.698000,415.2701441237658,97
2024-09-18 13:37:40.755000,415.2255875061095,998
2024-09-18 13:37:40.795000,415.2677496695045,95
2024-09-18 13:37:40.846000,415.2598010137687,103
2024-09-18 13:37:40.937000,415.2531849962333,105
2024-09-18 13:37:41.021000,415.4222702874263,998
2024-09-18 13:37:41.125000,415.375098135147,1003
2024-09-18 13:37:41.375000,415.34528001327766,999
2024-09-18 13:37:41.437000,415.4160555258957,1001
2024-09-18 13:37:41.518000,415.3444692818614,1000
2024-09-18 13:37:41.522000,415.37042039769375,100
2024-09-18 13:37:41.538000,415.4349680179888,996
2024-09-18 13:37:41.570000,415.3984892674421,12
2024-09-18 13:37:41.609000,415.355472331705,998
2024-09-18 13:37:41.711000,415.3702017282128,96
2024-09-18 13:37:41.750000,415.36648935317913,15
2024-09-18 13:37:41.829000,415.4208923756415,8
2024-09-18 13:37:41.869000,415.4330346404136,101
2024-09-18 13:37:41.914000,415.3361731697492,998
2024-09-18 13:37:42.019000,415.3981339134517,1001
2024-09-18 13:37:42.850000,415.4035109852755,7
2024-09-18 13:37:42.942000,415.37392728668647,1005
2024-09-18 13:37:43.050000,415.38815651011134,999
2024-09-18 13:37:43.076000,415.4335618014477,10
2024-09-18 13:37:43.079000,415.4760733292576,8
2024-09-18 13:37:43.106000,415.37385968721367,995
2024-09-18 13:37:43.116000,415.4280738008988,97
2024-09-18 13:37:43.186000,415.3917361398091,101
2024-09-18 13:37:43.297000,415.431804766394,100
2024-09-18 13:37:43.369000,415.44347087318806,1005
2024-09-18 13:37:43.487000,415.4567101932629,9
2024-09-18 13:37:43.511000,415.3846266634852,1002
2024-09-18 13:37:43.655000,415.4060588198614,1004
2024-09-18 13:37:43.706000,415.455030923702,1004
2024-09-18 13:37:43.727000,415.38405678898494,997
2024-09-18 13:37:43.784000,415.35694503549206,103
2024-09-18 13:37:43.806000,415.43932524315466,999
2024-09-18 13:37:43.860000,415.376892463243,97
2024-09-18 13:37:43.869000,415.4120512181785,997
2024-09-18 13:37:43.870000,415.420659592229,1004
2024-09-18 13:37:43.938000,415.4632943524573,95
2024-09-18 13:37:43.939000,415.377215567391,15
2024-09-18 13:37:43.950000,415.4394722939208,5
2024-09-18 13:37:43.954000,415.3948062848512,11
2024-09-18 13:37:44.019000,415.5025671186138,8
2024-09-18 13:37:44.057000,415.5098152888544,998
2024-09-18 13:37:44.092000,415.4941616962261,12
2024-09-18 13:37:44.105000,415.5185961666961,8
2024-09-18 13:37:44.116000,415.4653513862812,10
2024-09-18 13:37:44.220000,415.5080361359738,103
2024-09-18 13:37:44.239000,415.46716386819605,12
2024-09-18 13:37:44.316000,415.46853716905616,13
2024-09-18 13:37:44.326000,415.49692012123296,996
2024-09-18 13:37:44.349000,415.5048389251498,998
2024-09-18 13:37:44.425000,415.4900214579149,11
2024-09-18 13:37:44.476000,415.5031104581216,98
2024-09-18 13:37:44.532000,415.5107999517641,98
2024-09-18 13:37:44.645000,415.5068453809334,999
2024-09-18 13:37:44.663000,415.4701690111815,1000
2024-09-18 13:37:44.775000,415.4752111856239,10
2024-09-18 13:37:44.809000,415.5079770714127,997
2024-09-18 13:37:44.867000,415.4564040890537,8
2024-09-18 13:37:44.875000,415.5065074729745,1005
2024-09-18 13:37:44.892000,415.51149760622366,1002
2024-09-18 13:37:44.895000,415.46431823131854,97
2024-09-18 13:37:44.931000,415.45415058530455,15
2024-09-18 13:37:44.940000,415.4972444387292,1002
2024-09-18 13:37:44.962000,415.5051412286652,95
2024-09-18 13:37:44.970000,415.4449744712018,5
2024-09-18 13:37:45.065000,415.4766151899436,101
2024-09-18 13:37:45.075000,415.492670692115,997
2024-09-18 13:37:45.174000,415.4920045451086,6
2024-09-18 13:37:45.782000,415.5015271669022,8
2024-09-18 13:37:45.875000,415.4889627020521,1002
2024-09-18 13:37:46.013000,415.4952931218231,1003
2024-09-18 13:37:46.067000,415.4627338573011,997
2024-09-18 13:37:46.155000,415.4920462578771,1001
2024-09-18 13:37:46.228000,415.50798603789895,12
2024-09-18 13:37:46.343000,415.5196396384737,997
2024-09-18 13:37:46.419000,415.4940784672986,103
2024-09-18 13:37:46.432000,415.5066248063425,6
2024-09-18 13:37:46.465000,415.473011916983,9
2024-09-18 13:37:46.619000,415.4861666679631,1002
2024-09-18 13:37:46.708000,415.476206662182,6
2024-09-18 13:37:46.910000,415.4856682451794,13
2024-09-18 13:37:46.924000,415.4921141841603,96
2024-09-18 13:37:46.999000,415.4944125008335,1001
2024-09-18 13:37:47.005000,415.5365463517173,8
2024-09-18 13:37:47.169000,415.5330309328239,1003
2024-09-18 13:37:47.330000,415.5227341571276,9
2024-09-18 13:37:47.855000,415.5250095472647,101
2024-09-18 13:37:48.004000,415.5385021436868,97
2024-09-18 13:37:48.011000,415.5364871859416,996
2024-09-18 13:37:48.013000,415.5302843964456,1000
2024-09-18 13:37:48.059000,415.5460022834068,1000
2024-09-18 13:37:48.095000,415.5565834109914,104
2024-09-18 13:37:48.149000,415.57201250487407,96
2024-09-18 13:37:48.166000,415.538346589976,15
2024-09-18 13:37:48.172000,415.5529963263549,102
2024-09-18 13:37:48.230000,415.520349633079,1001
2024-09-18 13:37:48.310000,415.5474820463479,1002
2024-09-18 13:37:48.422000,415.55950674262,96
2024-09-18 13:37:48.484000,415.5625253171568,101
2024-09-18 13:37:48.533000,415.538905161313,999
2024-09-18 13:37:48.610000,415.554133518598,1003
2024-09-18 13:37:48.643000,415.5641162276029,7
2024-09-18 13:37:48.645000,415.5692605192289,12
2024-09-18 13:37:48.654000,415.5424623801176,11
2024-09-18 13:37:48.871000,415.5286486311612,6
2024-09-18 13:37:48.871000,415.52638516308457,100
2024-09-18 13:37:48.873000,415.5506305226637,998
2024-09-18 13:37:48.873000,415.57080461304616,997
2024-09-18 13:37:48.879000,415.5459219893489,12
2024-09-18 13:37:48.919000,415.5360022290965,1001
2024-09-18 13:37:48.927000,415.56138841448376,10
2024-09-18 13:37:48.964000,415.5336927896378,1002
2024-09-18 13:37:49.031000,415.5422970480164,999
2024-09-18 13:37:49.094000,415.53897001725886,7
2024-09-18 13:37:49.216000,415.5278731757014,1003
2024-09-18 13:37:49.274000,415.5231559239442,105
2024-09-18 13:37:49.600000,415.5405326332415,95
2024-09-18 13:37:49.752000,415.5415380433996,96
2024-09-18 13:37:49.795000,415.55263716460536,9
2024-09-18 13:37:49.828000,415.53390936795233,997
2024-09-18 13:37:49.880000,415.5521895550648,103
2024-09-18 13:37:49.970000,415.5515722937661,1001
2024-09-18 13:37:50.064000,415.5381798283544,98
2024-09-18 13:37:50.127000,415.5292370897792,12
2024-09-18 13:37:50.128000,415.53910127718126,104
2024-09-18 13:37:50.248000,415.502830209295,995
2024-09-18 13:37:50.250000,415.4795729279359,996
2024-09-18 13:37:50.252000,415.475261674259,105
2024-09-18 13:37:50.332000,415.5447905637621,12
2024-09-18 13:37:50.395000,415.5082828147361,101
2024-09-18 13:37:50.525000,415.47171571913896,13
2024-09-18 13:37:50.552000,415.5081853013808,96
2024-09-18 13:37:50.556000,415.5031250287129,103
2024-09-18 13:37:50.572000,415.5420100421735,104
2024-09-18 13:37:50.606000,415.497264544164,104
2024-09-18 13:37:50.647000,415.49399455135074,6
2024-09-18 13:37:50.672000,415.4791418954663,5
2024-09-18 13:37:50.730000,415.48681180071327,1002
2024-09-18 13:37:50.876000,415.4919876363061,95
2024-09-18 13:37:50.912000,415.53517161745447,9
2024-09-18 13:37:50.987000,415.47342561088624,9
2024-09-18 13:37:50.990000,415.53309281347225,999
2024-09-18 13:37:51.200000,415.4812376612218,95
2024-09-18 13:37:51.353000,415.4928057963236,997
2024-09-18 13:37:51.449000,415.47713755104746,1005
2024-09-18 13:37:51.481000,415.47479331044826,101
2024-09-18 13:37:51.532000,415.4829220370744,96
2024-09-18 13:37:51.715000,415.4815448421954,98
2024-09-18 13:37:51.778000,415.45669975619,100
2024-09-18 13:37:51.783000,415.4759907689659,1004
2024-09-18 13:37:51.804000,415.4673581950308,5
2024-09-18 13:37:51.932000,415.478529845954,15
2024-09-18 13:37:51.977000,415.5038750924247,95
2024-09-18 13:37:52.083000,415.4855393215004,998
2024-09-18 13:37:52.324000,415.5038319019419,1003
2024-09-18 13:37:52.483000,415.5014194718392,1002
2024-09-18 13:37:52.655000,415.4697520229155,7
2024-09-18 13:37:52.677000,415.4983866074452,5
2024-09-18 13:37:52.830000,415.49979954287926,995
2024-09-18 13:37:53.002000,415.5452835484767,999
2024-09-18 13:37:53.205000,415.5528947706192,998
2024-09-18 13:37:53.218000,415.5682669508163,7
2024-09-18 13:37:53.262000,415.5394112320596,98
2024-09-18 13:37:53.307000,415.546561269243,998
2024-09-18 13:37:53.347000,415.5343208735303,1005
2024-09-18 13:37:53.488000,415.5367843854405,96
2024-09-18 13:37:53.489000,415.5704036778787,99
2024-09-18 13:37:53.586000,415.5487141847906,13
2024-09-18 13:37:53.712000,415.5400110996531,7
2024-09-18 13:37:53.934000,415.5447642842897,103
2024-09-18 13:37:53.961000,415.5152657892528,998
2024-09-18 13:37:53.998000,415.53617184489934,100
2024-09-18 13:37:54.112000,415.5177296844441,5
2024-09-18 13:37:54.190000,415.51328309243513,101
2024-09-18 13:37:54.200000,415.568289974821,1000
2024-09-18 13:37:54.242000,415.5183161971301,104
2024-09-18 13:37:54.459000,415.5131125394735,95
2024-09-18 13:37:54.608000,415.51479102560165,11
2024-09-18 13:37:54.700000,415.52797144550897,10
2024-09-18 13:37:54.744000,415.5276529828927,999
2024-09-18 13:37:54.751000,415.52450782133104,15
2024-09-18 13:37:54.761000,415.5060015278206,1001
2024-09-18 13:37:54.838000,415.5128134038221,997
2024-09-18 13:37:54.918000,415.5285016414176,12
2024-09-18 13:37:55.045000,415.4842406733874,12
2024-09-18 13:37:55.096000,415.51151458229657,99
2024-09-18 13:37:55.106000,415.4514353823163,7
2024-09-18 13:37:55.163000,415.486790251933,98
2024-09-18 13:37:55.200000,415.4879213166189,105
2024-09-18 13:37:55.207000,415.4384858830676,15
2024-09-18 13:37:55.343000,415.44616743897245,105
2024-09-18 13:37:55.367000,415.4546337602576,6
2024-09-18 13:37:55.374000,415.4505080004298,1000
2024-09-18 13:37:55.544000,415.425019334028,101
2024-09-18 13:37:55.547000,415.47759780106,1005
2024-09-18 13:37:55.603000,415.4677854552274,13
2024-09-18 13:37:55.670000,415.45141653461343,11
2024-09-18 13:37:55.741000,415.51529968198776,101
2024-09-18 13:37:55.762000,415.4641459889869,15
2024-09-18 13:37:55.944000,415.4607362297596,1003
2024-09-18 13:37:56.049000,415.5405012321588,12
2024-09-18 13:37:56.089000,415.5627631098414,995
2024-09-18 13:37:56.136000,415.5870508570074,1003
2024-09-18 13:37:56.141000,415.4852209875247,999
2024-09-18 13:37:56.144000,415.53233238596727,8
2024-09-18 13:37:56.153000,415.587118854665,105
2024-09-18 13:37:56.252000,415.4746181027572,104
2024-09-18 13:37:56.305000,415.4907566524153,9
2024-09-18 13:37:56.329000,415.5839444961357,98
2024-09-18 13:37:56.442000,415.5042447763501,11
2024-09-18 13:37:56.448000,415.5166475527827,7
2024-09-18 13:37:56.610000,415.5513565849116,9
2024-09-18 13:37:56.612000,415.4741395571243,6
2024-09-18 13:37:56.650000,415.5962919663685,13
2024-09-18 13:37:56.739000,415.5043763409369,999
2024-09-18 13:37:56.761000,415.5206173043623,95
2024-09-18 13:37:56.761000,415.5999830164643,105
2024-09-18 13:37:56.772000,415.4958060588753,998
2024-09-18 13:37:56.878000,415.4851069920022,1003
2024-09-18 13:37:56.912000,415.6040802090123,1000
2024-09-18 13:37:56.920000,415.55589297002047,1002
2024-09-18 13:37:56.920000,415.5958350210444,11
2024-09-18 13:37:57.517000,415.5864628160172,13
2024-09-18 13:37:58.187000,415.6070285252911,997
2024-09-18 13:37:58.235000,415.6127504160698,1005
2024-09-18 13:37:58.267000,415.6182922602302,8
2024-09-18 13:37:58.357000,415.601579451282,99
2024-09-18 13:37:58.386000,415.58964155794166,99
2024-09-18 13:37:58.587000,415.59922876244656,1005
2024-09-18 13:37:58.843000,415.6092635682326,5
2024-09-18 13:37:59.067000,415.5910297855355,1001
2024-09-18 13:37:59.140000,415.6070587821828,12
2024-09-18 13:37:59.293000,415.5840761132092,9
2024-09-18 13:37:59.456000,415.5849746662075,12
2024-09-18 13:37:59.486000,415.6154580585928,95
2024-09-18 13:37:59.487000,415.59956664343457,102
2024-09-18 13:37:59.577000,415.5750423068204,100
2024-09-18 13:37:59.745000,415.5812938973672,997
2024-09-18 13:37:59.762000,415.6125674060784,12
2024-09-18 13:37:59.812000,415.5779448391762,102
