Timestamp,Price,Size
2024-09-18 10:40:00.126000,414.0733756843095,999
2024-09-18 10:40:00.177000,414.0543708996808,100
2024-09-18 10:40:00.213000,414.0076334665048,97
2024-09-18 10:40:00.225000,414.0598211403898,7
2024-09-18 10:40:00.500000,414.0239614090811,996
2024-09-18 10:40:00.503000,414.01868439661,997
2024-09-18 10:40:00.543000,414.0273226929039,11
2024-09-18 10:40:00.548000,414.0621423650664,97
2024-09-18 10:40:00.704000,414.0127048949036,13
2024-09-18 10:40:00.778000,414.0673934974105,999
2024-09-18 10:40:00.791000,414.0354184203731,10
2024-09-18 10:40:00.866000,414.0263622906535,102
2024-09-18 10:40:01.060000,414.1012654598913,10
2024-09-18 10:40:01.080000,414.1114786028328,105
2024-09-18 10:40:01.150000,414.12337659675546,997
2024-09-18 10:40:01.158000,414.11995626603,1003
2024-09-18 10:40:01.252000,414.0608455132646,1005
2024-09-18 10:40:01.285000,414.08383086536384,9
2024-09-18 10:40:01.480000,414.11442932750697,103
2024-09-18 10:40:01.488000,414.1118375325503,15
2024-09-18 10:40:01.499000,414.1025521762392,1003
2024-09-18 10:40:01.539000,414.1041218670664,5
2024-09-18 10:40:01.646000,414.0819397142933,1002
2024-09-18 10:40:01.728000,414.09210782829183,96
2024-09-18 10:40:01.773000,414.0991302737439,5
2024-09-18 10:40:01.806000,414.1110558725832,9
2024-09-18 10:40:01.912000,414.1070040232474,9
2024-09-18 10:40:01.963000,414.0991208409864,100
2024-09-18 10:40:02.048000,414.1202292268888,8
2024-09-18 10:40:02.116000,414.1187737348845,5
2024-09-18 10:40:02.127000,414.1416981245408,15
2024-09-18 10:40:02.185000,414.108683986664,100
2024-09-18 10:40:02.193000,414.1184864887719,97
2024-09-18 10:40:02.343000,414.1309166677818,99
2024-09-18 10:40:02.536000,414.1163872855209,1003
2024-09-18 10:40:02.735000,414.1121246970503,15
2024-09-18 10:40:02.901000,414.1325759738352,105
2024-09-18 10:40:02.944000,414.09822730601326,15
2024-09-18 10:40:03.021000,414.1178166704212,995
2024-09-18 10:40:03.028000,414.0299876231521,97
2024-09-18 10:40:03.104000,414.0638424912992,1003
2024-09-18 10:40:03.128000,414.0476558701437,100
2024-09-18 10:40:03.138000,414.1020569034888,5
2024-09-18 10:40:03.209000,414.06110213439496,104
2024-09-18 10:40:03.264000,414.0734236203497,6
2024-09-18 10:40:03.348000,414.0637824813522,995
2024-09-18 10:40:03.355000,414.06809871741376,105
2024-09-18 10:40:03.377000,414.0454331387511,996
2024-09-18 10:40:03.386000,414.1012862417269,8
2024-09-18 10:40:03.482000,414.0379874816869,7
2024-09-18 10:40:03.495000,414.0713111482244,14
2024-09-18 10:40:03.496000,414.05770302862544,1001
2024-09-18 10:40:03.561000,414.0401781152556,1000
2024-09-18 10:40:03.566000,414.0495487475832,997
2024-09-18 10:40:03.591000,414.0588502083627,995
2024-09-18 10:40:03.899000,414.05726532305135,104
2024-09-18 10:40:04.017000,413.9776287707422,1000
2024-09-18 10:40:04.107000,414.0038934254123,1004
2024-09-18 10:40:04.110000,413.998698000004,1001
2024-09-18 10:40:04.196000,414.0272556246435,6
2024-09-18 10:40:04.272000,414.0500683284965,104
2024-09-18 10:40:04.277000,413.99158317954834,1000
2024-09-18 10:40:04.278000,413.9787730987683,10
2024-09-18 10:40:04.300000,413.9861157995075,95
2024-09-18 10:40:04.316000,413.99413705435165,1003
2024-09-18 10:40:04.355000,414.0406676668318,103
2024-09-18 10:40:04.384000,414.0320605802133,995
2024-09-18 10:40:04.607000,414.0103270447488,104
2024-09-18 10:40:04.617000,413.97399169127686,6
2024-09-18 10:40:04.675000,413.9960864938725,1005
2024-09-18 10:40:04.871000,413.9901144376793,104
2024-09-18 10:40:04.897000,413.9568379242317,5
2024-09-18 10:40:04.922000,413.99375241795445,10
2024-09-18 10:40:04.944000,414.0412839665639,14
2024-09-18 10:40:04.954000,414.0617596496382,101
2024-09-18 10:40:05.026000,413.8933543601475,996
2024-09-18 10:40:05.114000,413.9083370878025,98
2024-09-18 10:40:05.117000,413.9456058795105,1001
2024-09-18 10:40:05.226000,413.94011020364,10
2024-09-18 10:40:05.250000,413.8881053682438,1002
2024-09-18 10:40:05.489000,413.91721794105865,103
2024-09-18 10:40:05.578000,413.8931998100754,997
2024-09-18 10:40:05.768000,413.9444215892407,1003
2024-09-18 10:40:05.889000,413.90904307664727,97
2024-09-18 10:40:05.889000,413.8716743743246,995
2024-09-18 10:40:05.957000,413.8822568138481,99
2024-09-18 10:40:06.046000,413.9904932326602,7
2024-09-18 10:40:06.061000,413.9726432697763,10
2024-09-18 10:40:06.148000,413.9984274203941,995
2024-09-18 10:40:06.174000,413.9779672729358,995
2024-09-18 10:40:06.205000,413.9954928801242,1000
2024-09-18 10:40:06.237000,413.9861499829655,5
2024-09-18 10:40:06.278000,414.0063281178512,105
2024-09-18 10:40:06.281000,413.9773258922568,103
2024-09-18 10:40:06.296000,413.985757351403,1001
2024-09-18 10:40:06.427000,413.9845364635232,95
2024-09-18 10:40:06.442000,413.9812196044503,1002
2024-09-18 10:40:06.461000,413.9765850324727,1001
2024-09-18 10:40:06.493000,413.9886441376924,102
2024-09-18 10:40:06.544000,414.0002230692397,105
2024-09-18 10:40:06.572000,414.00319092887486,1005
2024-09-18 10:40:06.578000,414.0074938022267,997
2024-09-18 10:40:06.596000,413.99902297043326,102
2024-09-18 10:40:06.607000,413.98120228858267,10
2024-09-18 10:40:06.613000,413.9494738551578,101
2024-09-18 10:40:06.709000,413.95858627992703,9
2024-09-18 10:40:06.793000,413.994477858405,95
2024-09-18 10:40:06.834000,413.9673459562762,15
2024-09-18 10:40:06.890000,413.9858278918367,5
2024-09-18 10:40:06.952000,413.985356694792,1002
2024-09-18 10:40:07.014000,414.06597388203454,999
2024-09-18 10:40:07.021000,414.0195350336384,1001
2024-09-18 10:40:07.023000,414.0404835605723,996
2024-09-18 10:40:07.025000,414.0329307991962,1001
2024-09-18 10:40:07.030000,414.024671335437,97
2024-09-18 10:40:07.075000,414.0169262682088,995
2024-09-18 10:40:07.254000,414.0476437413955,105
2024-09-18 10:40:07.255000,414.0174405046744,10
2024-09-18 10:40:07.282000,414.0298605822092,104
2024-09-18 10:40:07.287000,414.03408277116864,1001
2024-09-18 10:40:07.341000,414.032270940301,97
2024-09-18 10:40:07.366000,414.0170553125917,7
2024-09-18 10:40:07.379000,414.04772444708425,999
2024-09-18 10:40:07.417000,414.0346784315572,7
2024-09-18 10:40:07.496000,414.0315634318876,1001
2024-09-18 10:40:07.520000,414.0121830737698,998
2024-09-18 10:40:07.535000,414.01558254038974,1000
2024-09-18 10:40:07.603000,414.04243956555325,15
2024-09-18 10:40:07.603000,414.0432605089897,1001
2024-09-18 10:40:07.607000,414.0276042571339,97
2024-09-18 10:40:07.751000,414.0179008275937,101
2024-09-18 10:40:07.776000,414.0355898702718,105
2024-09-18 10:40:07.803000,414.0443914313993,14
2024-09-18 10:40:07.927000,414.04269334997537,9
2024-09-18 10:40:07.939000,414.02207473852695,99
2024-09-18 10:40:07.990000,414.0395903510155,1004
2024-09-18 10:40:08.070000,413.9997478925319,101
2024-09-18 10:40:08.354000,414.010158265924,102
2024-09-18 10:40:08.659000,413.99441637644657,97
2024-09-18 10:40:08.815000,413.9995119421653,105
2024-09-18 10:40:09.417000,414.0709477409749,99
2024-09-18 10:40:09.689000,414.0229555235912,10
2024-09-18 10:40:09.989000,414.0435519259718,102
2024-09-18 10:40:10.170000,414.04933149490415,5
2024-09-18 10:40:10.326000,414.0590668292159,996
2024-09-18 10:40:10.371000,414.0478648446359,98
2024-09-18 10:40:10.562000,414.02638429666206,98
2024-09-18 10:40:10.585000,414.0192410428732,99
2024-09-18 10:40:10.635000,414.05998723312166,999
2024-09-18 10:40:10.659000,414.05217900260686,15
2024-09-18 10:40:10.675000,414.05044513447126,1004
2024-09-18 10:40:10.689000,414.0440352719056,97
2024-09-18 10:40:10.821000,414.0490268453643,14
2024-09-18 10:40:10.896000,414.04069980978073,10
2024-09-18 10:40:10.999000,414.04777395415385,999
2024-09-18 10:40:11.056000,414.053141364486,5
2024-09-18 10:40:11.062000,414.0398958306155,15
2024-09-18 10:40:11.233000,414.0358440788837,6
2024-09-18 10:40:11.239000,414.06395202520815,6
2024-09-18 10:40:11.251000,414.0193853674084,999
2024-09-18 10:40:11.261000,414.0450323305176,101
2024-09-18 10:40:11.267000,414.05102653180137,9
2024-09-18 10:40:11.324000,414.0489286706687,10
2024-09-18 10:40:11.332000,414.0575204360839,102
2024-09-18 10:40:11.368000,414.0506939374834,99
2024-09-18 10:40:11.392000,414.0385392785835,103
2024-09-18 10:40:11.652000,414.0225623618569,12
2024-09-18 10:40:11.748000,414.0212877248506,101
2024-09-18 10:40:11.845000,414.0239624583407,98
2024-09-18 10:40:11.960000,414.01684867152767,7
2024-09-18 10:40:11.991000,414.04046041692254,103
2024-09-18 10:40:12.015000,414.024415504961,97
2024-09-18 10:40:12.087000,414.0639371533173,11
2024-09-18 10:40:12.135000,414.0971775849143,105
2024-09-18 10:40:12.198000,414.0142444648692,1005
2024-09-18 10:40:12.203000,414.0190395349001,99
2024-09-18 10:40:12.224000,414.0939540774208,14
2024-09-18 10:40:12.336000,414.0466311462702,98
2024-09-18 10:40:12.361000,414.0442550915213,1002
2024-09-18 10:40:12.383000,414.0762262512498,5
2024-09-18 10:40:12.383000,414.1159965947612,1004
2024-09-18 10:40:12.386000,414.0890196458056,996
2024-09-18 10:40:12.450000,414.0871562585176,105
2024-09-18 10:40:12.457000,414.07283589932825,1001
2024-09-18 10:40:12.463000,414.0441529815731,1003
2024-09-18 10:40:12.508000,414.07708709586745,5
2024-09-18 10:40:12.564000,414.06227167676,1005
2024-09-18 10:40:12.573000,414.062407454581,997
2024-09-18 10:40:12.600000,414.07759316238014,98
2024-09-18 10:40:12.619000,414.0627619842781,10
2024-09-18 10:40:12.716000,414.0317740102959,997
2024-09-18 10:40:12.728000,414.09914749825487,1002
2024-09-18 10:40:12.754000,414.1067800225622,1002
2024-09-18 10:40:12.777000,414.0866858423349,997
2024-09-18 10:40:12.870000,414.0295300911555,100
2024-09-18 10:40:12.879000,414.0614613685944,1000
2024-09-18 10:40:12.879000,414.0520280909464,14
2024-09-18 10:40:12.925000,414.04703851563954,997
2024-09-18 10:40:12.937000,414.0728923519079,99
2024-09-18 10:40:12.959000,414.0941182043577,15
2024-09-18 10:40:13.026000,414.0340168831332,1001
2024-09-18 10:40:13.044000,414.0610004664357,996
2024-09-18 10:40:13.148000,414.0390878730245,6
2024-09-18 10:40:13.301000,414.0447558664886,1002
2024-09-18 10:40:13.340000,414.01231124900943,13
2024-09-18 10:40:13.342000,414.037237111949,8
2024-09-18 10:40:13.352000,414.0508874789552,5
2024-09-18 10:40:13.362000,414.0415433609083,9
2024-09-18 10:40:13.391000,414.0677671787165,100
2024-09-18 10:40:13.478000,414.04465056189656,1001
2024-09-18 10:40:13.516000,414.0148433338,104
2024-09-18 10:40:13.533000,414.023694609077,1000
2024-09-18 10:40:13.538000,414.0649477708103,104
2024-09-18 10:40:13.599000,414.0406227978067,12
2024-09-18 10:40:13.629000,414.0498833153815,6
2024-09-18 10:40:13.684000,414.0349241670924,102
2024-09-18 10:40:13.698000,414.0466155618594,999
2024-09-18 10:40:13.711000,414.0378434780672,95
2024-09-18 10:40:13.746000,414.0181487105044,100
2024-09-18 10:40:13.861000,414.0267570228477,98
2024-09-18 10:40:13.869000,414.0328041549904,104
2024-09-18 10:40:13.893000,414.0304931603798,13
2024-09-18 10:40:13.938000,414.0432456775761,95
2024-09-18 10:40:13.953000,414.0515575099488,8
2024-09-18 10:40:13.977000,414.0341181155048,8
2024-09-18 10:40:13.981000,414.042606429053,102
2024-09-18 10:40:13.990000,414.0248105616389,15
2024-09-18 10:40:14.077000,414.035115711142,13
2024-09-18 10:40:14.119000,414.0338494387114,95
2024-09-18 10:40:14.200000,414.02035929981633,10
2024-09-18 10:40:14.252000,414.019623602909,97
2024-09-18 10:40:14.471000,414.0558475953715,999
2024-09-18 10:40:14.478000,414.0128890276221,1002
2024-09-18 10:40:14.705000,414.05485688097633,997
2024-09-18 10:40:14.744000,414.0360132695099,7
2024-09-18 10:40:14.813000,414.0476335315827,1003
2024-09-18 10:40:14.819000,414.0533708658352,996
2024-09-18 10:40:14.855000,414.03789858100674,97
2024-09-18 10:40:15.037000,414.0995653911263,995
2024-09-18 10:40:15.100000,414.0431412493664,10
2024-09-18 10:40:15.120000,414.0207311737392,10
2024-09-18 10:40:15.232000,414.0992088829218,11
2024-09-18 10:40:15.278000,413.9838517523243,97
2024-09-18 10:40:15.308000,414.03602958421175,96
2024-09-18 10:40:15.312000,414.0403440962718,105
2024-09-18 10:40:15.330000,413.98440240008136,96
2024-09-18 10:40:15.474000,413.9665460005437,998
2024-09-18 10:40:15.497000,414.0846219638633,11
2024-09-18 10:40:15.509000,414.0003358032794,95
2024-09-18 10:40:15.519000,414.0972002535002,101
2024-09-18 10:40:15.542000,414.0059851946774,10
2024-09-18 10:40:15.543000,414.0688301412423,12
2024-09-18 10:40:15.609000,414.1087181032892,105
2024-09-18 10:40:15.616000,414.0075239612169,104
2024-09-18 10:40:15.644000,414.0652784253578,1003
2024-09-18 10:40:15.693000,413.95233526939785,102
2024-09-18 10:40:15.753000,414.0324823480901,1001
2024-09-18 10:40:15.758000,414.07004658594326,7
2024-09-18 10:40:15.767000,413.96244849735086,102
2024-09-18 10:40:15.775000,413.9936088275601,997
2024-09-18 10:40:15.775000,414.0282798849519,8
2024-09-18 10:40:15.788000,414.0862761397229,1004
2024-09-18 10:40:15.850000,413.9776966837087,12
2024-09-18 10:40:15.866000,414.081490293118,995
2024-09-18 10:40:15.868000,414.11303991878793,999
2024-09-18 10:40:15.873000,414.0402616742661,997
2024-09-18 10:40:15.992000,414.0106955972119,1004
2024-09-18 10:40:16.127000,414.03765251758784,97
2024-09-18 10:40:16.189000,414.1006048850165,998
2024-09-18 10:40:16.196000,414.04715570489,8
2024-09-18 10:40:16.198000,414.0934466469153,96
2024-09-18 10:40:16.220000,414.0856394092206,1001
2024-09-18 10:40:16.400000,414.0859012706005,102
2024-09-18 10:40:16.422000,414.0669781163712,7
2024-09-18 10:40:16.522000,414.0558716549676,103
2024-09-18 10:40:16.527000,414.0482141465821,12
2024-09-18 10:40:16.605000,414.0853218707247,998
2024-09-18 10:40:16.632000,414.09710092426656,103
2024-09-18 10:40:16.745000,414.0527507726506,996
2024-09-18 10:40:16.781000,414.043020645572,1003
2024-09-18 10:40:16.800000,414.0456572257156,9
2024-09-18 10:40:16.880000,414.06266396675386,996
2024-09-18 10:40:17.013000,414.05654637208335,12
2024-09-18 10:40:17.110000,414.0601266349932,5
2024-09-18 10:40:17.159000,414.0038681768448,999
2024-09-18 10:40:17.188000,414.0060883045066,97
2024-09-18 10:40:17.198000,414.0180333604462,15
2024-09-18 10:40:17.409000,413.98384098599774,5
2024-09-18 10:40:17.410000,414.02144927540434,11
2024-09-18 10:40:17.432000,414.0258620900712,99
2024-09-18 10:40:17.463000,414.0347636850938,100
2024-09-18 10:40:17.471000,414.0098114895839,995
2024-09-18 10:40:17.476000,414.0032720353445,102
2024-09-18 10:40:17.534000,413.9993814747671,97
2024-09-18 10:40:17.537000,414.05924060729023,995
2024-09-18 10:40:17.553000,414.0043927730141,101
2024-09-18 10:40:17.586000,413.992158542522,1002
2024-09-18 10:40:17.671000,413.9989946703777,1005
2024-09-18 10:40:17.702000,413.9979301005978,997
2024-09-18 10:40:17.742000,414.044932471714,998
2024-09-18 10:40:17.758000,414.0112702734758,996
2024-09-18 10:40:17.780000,413.9809613846783,9
2024-09-18 10:40:17.950000,414.00210239860576,13
2024-09-18 10:40:17.995000,413.9890238523656,98
2024-09-18 10:40:18.063000,414.0110077250041,104
2024-09-18 10:40:18.426000,414.0068619944374,1002
2024-09-18 10:40:18.554000,414.0126117231753,1004
2024-09-18 10:40:18.662000,414.015963911388,98
2024-09-18 10:40:18.777000,414.0415736132759,102
2024-09-18 10:40:19.119000,414.0404572448426,997
2024-09-18 10:40:19.219000,414.0485886231515,9
2024-09-18 10:40:19.234000,414.037702251748,998
2024-09-18 10:40:19.235000,414.0520251867752,95
2024-09-18 10:40:19.250000,414.0312375742427,95
2024-09-18 10:40:19.328000,414.060330899789,102
2024-09-18 10:40:19.336000,414.0709176196537,1002
2024-09-18 10:40:19.381000,414.0323760876413,105
2024-09-18 10:40:19.434000,414.0571946014939,105
2024-09-18 10:40:19.440000,414.0690821613874,1002
2024-09-18 10:40:19.446000,414.0431324744554,97
2024-09-18 10:40:19.543000,414.0634528582413,1003
2024-09-18 10:40:19.549000,414.0546564851458,102
2024-09-18 10:40:19.591000,414.0382909994978,995
2024-09-18 10:40:19.621000,414.0358057855973,12
2024-09-18 10:40:19.644000,414.07121798431655,10
2024-09-18 10:40:19.691000,414.0415427982553,96
2024-09-18 10:40:19.720000,414.0714703921252,6
2024-09-18 10:40:19.768000,414.0579472745116,15
2024-09-18 10:40:19.769000,414.0321674432668,96
2024-09-18 10:40:19.810000,414.0723157021563,12
2024-09-18 10:40:19.817000,414.0459345407252,97
2024-09-18 10:40:19.861000,414.0310183393975,15
2024-09-18 10:40:19.906000,414.0582854758465,13
2024-09-18 10:40:19.939000,414.0389786138233,100
2024-09-18 10:40:19.973000,414.0368783378848,999
2024-09-18 10:40:20.067000,414.056468045452,104
2024-09-18 10:40:20.085000,414.0635366535994,997
2024-09-18 10:40:20.124000,414.0581517147252,1002
2024-09-18 10:40:20.176000,414.2084284585095,101
2024-09-18 10:40:20.185000,414.0766997995906,999
2024-09-18 10:40:20.211000,414.17880636028485,100
2024-09-18 10:40:20.236000,414.0680495379767,1003
2024-09-18 10:40:20.296000,414.1489851392864,97
2024-09-18 10:40:20.326000,414.0852653502042,7
2024-09-18 10:40:20.367000,414.19278095312495,104
2024-09-18 10:40:20.377000,414.0547158496319,998
2024-09-18 10:40:20.398000,414.0605635951837,996
2024-09-18 10:40:20.408000,414.0916108885268,10
2024-09-18 10:40:20.430000,414.1040759028299,1000
2024-09-18 10:40:20.444000,414.0861404359852,105
2024-09-18 10:40:20.486000,414.113334035053,101
2024-09-18 10:40:20.558000,414.0748892584415,995
2024-09-18 10:40:20.569000,414.07737231716055,6
2024-09-18 10:40:20.572000,414.1761229130792,15
2024-09-18 10:40:20.623000,414.20190290511977,1004
2024-09-18 10:40:20.660000,414.1675582433672,1004
2024-09-18 10:40:20.687000,414.05111973178657,99
2024-09-18 10:40:20.703000,414.1026452412396,100
2024-09-18 10:40:20.720000,414.1735501962322,10
2024-09-18 10:40:20.916000,414.1775484342358,995
2024-09-18 10:40:20.916000,414.1730091990033,6
2024-09-18 10:40:20.978000,414.1801820990904,98
2024-09-18 10:40:21.478000,414.1834725387078,102
2024-09-18 10:40:21.690000,414.1611786599816,103
2024-09-18 10:40:21.811000,414.1840895374942,10
2024-09-18 10:40:21.949000,414.1801006388897,97
2024-09-18 10:40:21.975000,414.16773338874737,1003
2024-09-18 10:40:21.976000,414.1833752615517,999
2024-09-18 10:40:22.016000,414.1361948380609,103
2024-09-18 10:40:22.022000,414.1527852885528,100
2024-09-18 10:40:22.091000,414.1372950032716,7
2024-09-18 10:40:22.092000,414.1568793943589,11
2024-09-18 10:40:22.099000,414.1798719822813,97
2024-09-18 10:40:22.191000,414.16927000949386,998
2024-09-18 10:40:22.237000,414.1427685729072,10
2024-09-18 10:40:22.281000,414.1433675410842,9
2024-09-18 10:40:22.282000,414.13851623737065,104
2024-09-18 10:40:22.292000,414.1638646964584,1004
2024-09-18 10:40:22.320000,414.1593886552536,998
2024-09-18 10:40:22.321000,414.1377984458135,103
2024-09-18 10:40:22.333000,414.1423043571338,15
2024-09-18 10:40:22.420000,414.15357551881465,1002
2024-09-18 10:40:22.504000,414.1210422747161,105
2024-09-18 10:40:22.544000,414.1680512307807,100
2024-09-18 10:40:22.586000,414.1269757640212,105
2024-09-18 10:40:22.646000,414.1352916718527,96
2024-09-18 10:40:22.704000,414.1725905096618,102
2024-09-18 10:40:22.704000,414.1196506529009,11
2024-09-18 10:40:22.926000,414.1511712825439,995
2024-09-18 10:40:22.952000,414.127338051689,996
2024-09-18 10:40:22.957000,414.1401154923214,996
2024-09-18 10:40:23.063000,414.1110359803822,996
2024-09-18 10:40:23.115000,414.08571207898063,101
2024-09-18 10:40:23.212000,414.10672029633696,8
2024-09-18 10:40:23.511000,414.09932565034535,8
2024-09-18 10:40:23.578000,414.1128418155327,96
2024-09-18 10:40:23.911000,414.1087722274402,96
2024-09-18 10:40:23.956000,414.1051479490917,996
2024-09-18 10:40:24.023000,414.1082360272218,12
2024-09-18 10:40:24.029000,414.1185944258265,5
2024-09-18 10:40:24.056000,414.1934082832064,12
2024-09-18 10:40:24.066000,414.1848449539484,99
2024-09-18 10:40:24.318000,414.1340794313483,102
2024-09-18 10:40:24.541000,414.1582692212637,105
2024-09-18 10:40:24.681000,414.13926684079024,995
2024-09-18 10:40:24.957000,414.1473664462512,103
2024-09-18 10:40:24.979000,414.1296482333813,999
2024-09-18 10:40:25.558000,414.213987207521,95
2024-09-18 10:40:25.655000,414.2020894214776,103
2024-09-18 10:40:25.814000,414.2090752817112,998
2024-09-18 10:40:25.895000,414.1985541057962,995
2024-09-18 10:40:26.014000,414.20370287245805,1003
2024-09-18 10:40:26.019000,414.21808984657054,97
2024-09-18 10:40:26.083000,414.21624924972815,1005
2024-09-18 10:40:26.100000,414.2176316536825,97
2024-09-18 10:40:26.110000,414.1985841976948,104
2024-09-18 10:40:26.133000,414.1811164682896,1005
2024-09-18 10:40:26.258000,414.20303476283806,8
2024-09-18 10:40:26.300000,414.19043389102137,95
2024-09-18 10:40:26.316000,414.21646774143767,1004
2024-09-18 10:40:26.398000,414.1988820408732,105
2024-09-18 10:40:26.459000,414.199281966162,96
2024-09-18 10:40:26.550000,414.1749345182734,101
2024-09-18 10:40:26.603000,414.1872715083823,999
2024-09-18 10:40:26.604000,414.1814163232645,12
2024-09-18 10:40:26.669000,414.20791155966856,1000
2024-09-18 10:40:26.697000,414.2068452895456,95
2024-09-18 10:40:26.727000,414.17272686275896,11
2024-09-18 10:40:26.775000,414.2082671239377,1001
2024-09-18 10:40:26.808000,414.2115984765666,105
2024-09-18 10:40:26.809000,414.1956003402707,96
2024-09-18 10:40:26.816000,414.2057679546693,104
2024-09-18 10:40:26.839000,414.2010809732554,14
2024-09-18 10:40:26.877000,414.1935562165235,103
2024-09-18 10:40:26.942000,414.1949071392302,97
2024-09-18 10:40:26.942000,414.1810613518659,1004
2024-09-18 10:40:26.945000,414.2091344559528,1002
2024-09-18 10:40:27.027000,414.2075944900465,15
2024-09-18 10:40:27.074000,414.26714882567256,105
2024-09-18 10:40:27.121000,414.2576229345578,13
2024-09-18 10:40:27.126000,414.21721248814697,10
2024-09-18 10:40:27.126000,414.2612560344054,995
2024-09-18 10:40:27.164000,414.2615629982455,1005
2024-09-18 10:40:27.185000,414.2421447304119,98
2024-09-18 10:40:27.231000,414.2433411695884,996
2024-09-18 10:40:27.340000,414.2600132788325,10
2024-09-18 10:40:27.428000,414.225869662862,1003
2024-09-18 10:40:27.438000,414.2732154134864,995
2024-09-18 10:40:27.449000,414.27908007960576,96
2024-09-18 10:40:27.466000,414.2560056494603,95
2024-09-18 10:40:27.468000,414.27042322158576,97
2024-09-18 10:40:27.503000,414.2745394900379,10
2024-09-18 10:40:27.524000,414.24834338431066,1001
2024-09-18 10:40:27.880000,414.2613873628627,7
2024-09-18 10:40:27.890000,414.22593824750015,99
2024-09-18 10:40:27.955000,414.1960568240386,95
2024-09-18 10:40:27.975000,414.2589505382777,999
2024-09-18 10:40:28.095000,414.22219666989855,101
2024-09-18 10:40:28.126000,414.2268763591271,97
2024-09-18 10:40:28.643000,414.2441073150599,15
2024-09-18 10:40:29.139000,414.256489120761,13
2024-09-18 10:40:29.144000,414.25785476936255,1001
2024-09-18 10:40:29.230000,414.2575469302916,13
2024-09-18 10:40:29.404000,414.2447983348912,105
2024-09-18 10:40:29.425000,414.2271416072293,104
2024-09-18 10:40:29.442000,414.2527481781927,102
2024-09-18 10:40:29.457000,414.2550892417223,104
2024-09-18 10:40:29.620000,414.23750667225767,1004
2024-09-18 10:40:29.777000,414.2383663369612,10
2024-09-18 10:40:29.849000,414.2586588602167,7
2024-09-18 10:40:30.121000,414.1826653083945,1004
2024-09-18 10:40:30.133000,414.2147345649583,15
2024-09-18 10:40:30.177000,414.1437890242161,1004
2024-09-18 10:40:30.238000,414.1795468571791,999
2024-09-18 10:40:30.400000,414.1826756022099,101
2024-09-18 10:40:30.419000,414.1401252323161,9
2024-09-18 10:40:30.420000,414.1571403310962,100
2024-09-18 10:40:30.449000,414.1472326869813,102
2024-09-18 10:40:30.516000,414.1870787544232,105
2024-09-18 10:40:30.569000,414.240770128469,999
2024-09-18 10:40:30.585000,414.1410112370709,102
2024-09-18 10:40:30.617000,414.2278506210501,998
2024-09-18 10:40:30.687000,414.1852832434052,99
2024-09-18 10:40:30.807000,414.2387641450717,1005
2024-09-18 10:40:30.889000,414.14519741117823,15
2024-09-18 10:40:30.890000,414.1473816354538,1003
2024-09-18 10:40:30.964000,414.1866224255975,6
2024-09-18 10:40:30.964000,414.1619993734894,103
2024-09-18 10:40:31.018000,414.0805838013147,96
2024-09-18 10:40:31.047000,414.1276022062868,98
2024-09-18 10:40:31.080000,414.0414022261528,12
2024-09-18 10:40:31.293000,414.1281228347434,97
2024-09-18 10:40:31.317000,414.079090790411,10
2024-09-18 10:40:31.376000,414.0726997957286,105
2024-09-18 10:40:31.378000,414.07698892228166,1001
2024-09-18 10:40:31.393000,414.1006031689849,995
2024-09-18 10:40:31.505000,414.1558069041758,1003
2024-09-18 10:40:31.526000,414.1419926505869,103
2024-09-18 10:40:31.680000,414.0780100380448,104
2024-09-18 10:40:31.682000,414.0516470168707,14
2024-09-18 10:40:31.718000,414.0951223849625,1002
2024-09-18 10:40:31.751000,414.0846789310461,1003
2024-09-18 10:40:31.762000,414.1443756434321,104
2024-09-18 10:40:31.783000,414.0528612737348,1001
2024-09-18 10:40:31.804000,414.0652086608518,5
2024-09-18 10:40:31.834000,414.1506480147493,8
2024-09-18 10:40:31.850000,414.1485131372442,97
2024-09-18 10:40:31.862000,414.08579248027695,13
2024-09-18 10:40:31.864000,414.1119619813157,105
2024-09-18 10:40:31.885000,414.05541944165816,996
2024-09-18 10:40:31.898000,414.1384072800926,997
2024-09-18 10:40:31.924000,414.0409206255362,995
2024-09-18 10:40:31.935000,414.08554636982007,101
2024-09-18 10:40:31.970000,414.0699964476104,1003
2024-09-18 10:40:31.981000,414.1578586821799,12
2024-09-18 10:40:32.023000,414.041991613166,5
2024-09-18 10:40:32.040000,414.053062731302,1001
2024-09-18 10:40:32.213000,414.04925308641646,6
2024-09-18 10:40:32.231000,414.0532759253522,98
2024-09-18 10:40:32.518000,414.0615264623337,7
2024-09-18 10:40:32.896000,414.0543136671701,1002
2024-09-18 10:40:33.008000,414.1011667689261,8
2024-09-18 10:40:33.046000,414.08820842271206,995
2024-09-18 10:40:33.048000,414.1005807927017,1002
2024-09-18 10:40:33.072000,414.0821284835859,1004
2024-09-18 10:40:33.098000,414.1087858794883,102
2024-09-18 10:40:33.121000,414.1035177981185,997
2024-09-18 10:40:33.141000,414.07488232650354,102
2024-09-18 10:40:33.249000,414.1096752189089,1005
2024-09-18 10:40:33.389000,414.0976412681474,1004
2024-09-18 10:40:33.775000,414.0814088098489,100
2024-09-18 10:40:33.788000,414.0924788234295,997
2024-09-18 10:40:33.994000,414.09663096944456,999
2024-09-18 10:40:34.005000,414.1226412899822,1005
2024-09-18 10:40:34.019000,414.0755333138769,1000
2024-09-18 10:40:34.061000,414.1587047890304,12
2024-09-18 10:40:34.109000,414.0927672431364,7
2024-09-18 10:40:34.123000,414.07960999340594,1001
2024-09-18 10:40:34.288000,414.0982530024159,98
2024-09-18 10:40:34.347000,414.1017988547258,95
2024-09-18 10:40:34.362000,414.1019481075248,95
2024-09-18 10:40:34.535000,414.09098656668414,95
2024-09-18 10:40:34.608000,414.0972644739646,996
2024-09-18 10:40:34.805000,414.1046167021132,995
2024-09-18 10:40:34.909000,414.1613156944348,999
2024-09-18 10:40:35.022000,414.1202925560288,12
2024-09-18 10:40:35.131000,414.1251961612041,102
2024-09-18 10:40:35.178000,414.2023030860863,11
2024-09-18 10:40:35.248000,414.1475640864508,99
2024-09-18 10:40:35.350000,414.1274653037904,1004
2024-09-18 10:40:35.358000,414.15843646594703,1002
2024-09-18 10:40:35.363000,414.167448255536,11
2024-09-18 10:40:35.389000,414.1490893047688,13
2024-09-18 10:40:35.431000,414.217622679536,13
2024-09-18 10:40:35.474000,414.1420182276484,8
2024-09-18 10:40:35.482000,414.1636869594448,103
2024-09-18 10:40:35.496000,414.1824457315373,95
2024-09-18 10:40:35.505000,414.1197105236677,7
2024-09-18 10:40:35.529000,414.12579174582567,15
2024-09-18 10:40:35.534000,414.173958181848,5
2024-09-18 10:40:35.569000,414.1228187450314,11
2024-09-18 10:40:35.798000,414.1288882074949,15
2024-09-18 10:40:35.819000,414.13402138187286,5
2024-09-18 10:40:35.885000,414.13312393064496,14
2024-09-18 10:40:35.965000,414.1811448087651,6
2024-09-18 10:40:36.051000,414.2811527122435,102
2024-09-18 10:40:36.065000,414.2704457478529,100
2024-09-18 10:40:36.079000,414.1925702719167,997
2024-09-18 10:40:36.122000,414.197159605198,10
2024-09-18 10:40:36.158000,414.31008191283945,999
2024-09-18 10:40:36.317000,414.20535683647455,9
2024-09-18 10:40:36.370000,414.2018854170903,995
2024-09-18 10:40:36.429000,414.2705040680009,98
2024-09-18 10:40:36.430000,414.202197703368,999
2024-09-18 10:40:36.472000,414.2595045201016,1003
2024-09-18 10:40:36.512000,414.2173352059882,1004
2024-09-18 10:40:36.547000,414.2912291729402,10
2024-09-18 10:40:36.740000,414.2003269788292,99
2024-09-18 10:40:36.745000,414.2157776530794,99
2024-09-18 10:40:36.766000,414.1979949775392,98
2024-09-18 10:40:36.779000,414.24866300772106,100
2024-09-18 10:40:36.808000,414.1990397847409,1003
2024-09-18 10:40:36.829000,414.318396322806,1000
2024-09-18 10:40:36.852000,414.251138425481,996
2024-09-18 10:40:36.890000,414.26759560508617,100
2024-09-18 10:40:36.920000,414.2983862706292,99
2024-09-18 10:40:36.948000,414.25073668914985,9
2024-09-18 10:40:37.001000,414.2878234467448,97
2024-09-18 10:40:37.001000,414.2959562864055,97
2024-09-18 10:40:37.051000,414.2844204207668,14
2024-09-18 10:40:37.056000,414.2628918122252,10
2024-09-18 10:40:37.081000,414.2926531642244,11
2024-09-18 10:40:37.123000,414.30085827264577,95
2024-09-18 10:40:37.148000,414.2741760087763,15
2024-09-18 10:40:37.155000,414.2808665810021,13
2024-09-18 10:40:37.160000,414.31119056575193,101
2024-09-18 10:40:37.235000,414.2986998146303,101
2024-09-18 10:40:37.257000,414.3363281761412,103
2024-09-18 10:40:37.373000,414.2852813456456,999
2024-09-18 10:40:37.375000,414.28482360947095,5
2024-09-18 10:40:37.384000,414.2755830878979,6
2024-09-18 10:40:37.444000,414.2514073584836,5
2024-09-18 10:40:37.455000,414.310925003326,1004
2024-09-18 10:40:37.495000,414.2859355829233,998
2024-09-18 10:40:37.519000,414.2911477287205,104
2024-09-18 10:40:37.593000,414.2619009864937,7
2024-09-18 10:40:37.681000,414.3176008150476,995
2024-09-18 10:40:37.720000,414.2645615940401,95
2024-09-18 10:40:37.729000,414.3143901059024,1002
2024-09-18 10:40:37.733000,414.3221242402407,12
2024-09-18 10:40:37.855000,414.2556997600912,100
2024-09-18 10:40:37.925000,414.3133246476636,98
2024-09-18 10:40:37.927000,414.2851760053803,15
2024-09-18 10:40:37.945000,414.2914003516858,102
2024-09-18 10:40:37.980000,414.27918579578886,102
2024-09-18 10:40:37.980000,414.3342692850277,996
2024-09-18 10:40:38.068000,414.26713885487294,7
2024-09-18 10:40:38.075000,414.31484585162775,102
2024-09-18 10:40:38.079000,414.24808526597576,9
2024-09-18 10:40:38.139000,414.28878120775965,5
2024-09-18 10:40:38.380000,414.2853864939536,998
2024-09-18 10:40:38.381000,414.2865923758295,10
2024-09-18 10:40:38.456000,414.2596194596404,12
2024-09-18 10:40:38.492000,414.2867220005918,996
2024-09-18 10:40:38.571000,414.2616247648752,1000
2024-09-18 10:40:38.644000,414.2817122012268,104
2024-09-18 10:40:38.684000,414.3193937844601,12
2024-09-18 10:40:38.694000,414.2731583222453,102
2024-09-18 10:40:38.769000,414.2842837485835,11
2024-09-18 10:40:38.774000,414.2601494319397,105
2024-09-18 10:40:38.837000,414.3223245014752,9
2024-09-18 10:40:38.962000,414.2754568966332,7
2024-09-18 10:40:38.992000,414.25221418667417,104
2024-09-18 10:40:39.035000,414.2964029502578,99
2024-09-18 10:40:39.038000,414.259815915148,998
2024-09-18 10:40:39.182000,414.27559515291074,995
2024-09-18 10:40:39.208000,414.2314515611883,100
2024-09-18 10:40:39.252000,414.26758400908415,5
2024-09-18 10:40:39.396000,414.3109783293245,98
2024-09-18 10:40:39.438000,414.2925957976209,1000
2024-09-18 10:40:39.504000,414.30291449175655,996
2024-09-18 10:40:39.533000,414.3066776141263,9
2024-09-18 10:40:39.586000,414.2328034509161,10
2024-09-18 10:40:39.595000,414.2931078940225,5
2024-09-18 10:40:39.599000,414.2705754030256,98
2024-09-18 10:40:39.606000,414.27835162662905,97
2024-09-18 10:40:39.629000,414.2878999860442,100
2024-09-18 10:40:39.697000,414.3013521097486,104
2024-09-18 10:40:39.750000,414.2413528318969,996
2024-09-18 10:40:39.759000,414.2744504676009,101
2024-09-18 10:40:39.770000,414.27296918321775,1000
2024-09-18 10:40:39.809000,414.2950980905696,104
2024-09-18 10:40:39.823000,414.2472424823189,15
2024-09-18 10:40:39.935000,414.2743042384045,104
2024-09-18 10:40:39.982000,414.29664515173374,999
2024-09-18 10:40:39.984000,414.2914224380965,105
2024-09-18 10:40:39.999000,414.2346689514706,997
2024-09-18 10:40:40.018000,414.3080839189736,98
2024-09-18 10:40:40.140000,414.32245881631366,101
2024-09-18 10:40:40.147000,414.3258260940184,1002
2024-09-18 10:40:40.158000,414.3280860151988,105
2024-09-18 10:40:40.205000,414.32174908278097,100
2024-09-18 10:40:40.311000,414.29892296195817,98
2024-09-18 10:40:40.321000,414.328488089576,1002
2024-09-18 10:40:40.392000,414.2905315783938,13
2024-09-18 10:40:40.401000,414.28624659061,98
2024-09-18 10:40:40.402000,414.31941398152776,100
2024-09-18 10:40:40.473000,414.3065524920183,97
2024-09-18 10:40:40.522000,414.2788377786501,105
2024-09-18 10:40:40.535000,414.2781275922963,9
2024-09-18 10:40:40.573000,414.2878568550478,5
2024-09-18 10:40:40.630000,414.306628562168,1005
2024-09-18 10:40:40.718000,414.32764385969193,8
2024-09-18 10:40:40.728000,414.3348232900742,95
2024-09-18 10:40:40.729000,414.3227202606338,99
2024-09-18 10:40:40.781000,414.3355099866791,997
2024-09-18 10:40:40.821000,414.32118163192087,1002
2024-09-18 10:40:40.841000,414.31221659051,1005
2024-09-18 10:40:40.928000,414.3364056547622,100
2024-09-18 10:40:40.928000,414.3215029057855,999
2024-09-18 10:40:40.951000,414.3315995060765,1002
2024-09-18 10:40:41.019000,414.20983742568194,102
2024-09-18 10:40:41.026000,414.2861217505393,995
2024-09-18 10:40:41.027000,414.304893119034,9
2024-09-18 10:40:41.146000,414.256040769289,999
2024-09-18 10:40:41.239000,414.2420903537038,10
2024-09-18 10:40:41.296000,414.2786813305441,98
2024-09-18 10:40:41.345000,414.2438368418934,998
2024-09-18 10:40:41.361000,414.2590905493229,7
2024-09-18 10:40:41.373000,414.2611694502736,1003
2024-09-18 10:40:41.380000,414.21600647032,1003
2024-09-18 10:40:41.463000,414.2731452749231,96
2024-09-18 10:40:41.488000,414.21984497225446,15
2024-09-18 10:40:41.492000,414.20760774015673,1001
2024-09-18 10:40:41.497000,414.2295472324676,98
2024-09-18 10:40:41.511000,414.2886948317099,1005
2024-09-18 10:40:41.553000,414.30872741525553,100
2024-09-18 10:40:41.678000,414.23153159919207,98
2024-09-18 10:40:41.686000,414.2793274411858,98
2024-09-18 10:40:41.715000,414.2589246187287,104
2024-09-18 10:40:41.720000,414.2569974461812,97
2024-09-18 10:40:41.726000,414.2714194452194,14
2024-09-18 10:40:41.755000,414.26381894593567,1000
2024-09-18 10:40:41.784000,414.2992834286138,1002
2024-09-18 10:40:41.853000,414.2761994861342,12
2024-09-18 10:40:41.876000,414.3210709531311,101
2024-09-18 10:40:41.884000,414.3182675681789,10
2024-09-18 10:40:41.936000,414.2878061064715,998
2024-09-18 10:40:42.029000,414.32925061599343,996
2024-09-18 10:40:42.130000,414.3073777503536,11
2024-09-18 10:40:42.153000,414.3418812469163,1000
2024-09-18 10:40:42.460000,414.31904530459474,10
2024-09-18 10:40:42.574000,414.3026733914674,996
2024-09-18 10:40:42.635000,414.3244807962293,8
2024-09-18 10:40:42.643000,414.28640838989975,1003
2024-09-18 10:40:42.740000,414.3209877459636,1004
2024-09-18 10:40:43.066000,414.305577554487,11
2024-09-18 10:40:43.125000,414.3000259353861,98
2024-09-18 10:40:43.135000,414.3100119273058,97
2024-09-18 10:40:43.146000,414.3261415231493,102
2024-09-18 10:40:43.358000,414.29224347767865,11
2024-09-18 10:40:43.637000,414.3309424025379,105
2024-09-18 10:40:43.655000,414.30987210111607,6
2024-09-18 10:40:43.696000,414.3139513930788,995
2024-09-18 10:40:43.729000,414.2972718766962,101
2024-09-18 10:40:43.761000,414.3250245083157,97
2024-09-18 10:40:43.765000,414.3102943508595,1005
2024-09-18 10:40:43.953000,414.3335575269206,97
2024-09-18 10:40:44.015000,414.3617994415527,104
2024-09-18 10:40:44.095000,414.30811941799095,96
2024-09-18 10:40:44.132000,414.31909533756,13
2024-09-18 10:40:44.197000,414.3719598988218,99
2024-09-18 10:40:44.210000,414.3394726194655,998
2024-09-18 10:40:44.215000,414.3062117245245,101
2024-09-18 10:40:44.314000,414.29471870995417,104
2024-09-18 10:40:44.557000,414.3595299208118,1004
2024-09-18 10:40:44.622000,414.3394634786845,1003
2024-09-18 10:40:44.892000,414.3231090991606,1005
2024-09-18 10:40:44.947000,414.30922454460296,105
2024-09-18 10:40:44.988000,414.3117533909489,1000
2024-09-18 10:40:45.031000,414.3703258283216,996
2024-09-18 10:40:45.127000,414.361194128485,999
2024-09-18 10:40:45.150000,414.37375503024606,98
2024-09-18 10:40:45.226000,414.3802400305999,101
2024-09-18 10:40:46.027000,414.3385322058684,100
2024-09-18 10:40:46.069000,414.2768307469864,999
2024-09-18 10:40:46.069000,414.3604923546978,998
2024-09-18 10:40:46.071000,414.36813892251786,1000
2024-09-18 10:40:46.123000,414.32671791025314,8
2024-09-18 10:40:46.140000,414.3491856343593,998
2024-09-18 10:40:46.203000,414.3319996848688,14
2024-09-18 10:40:46.277000,414.3369229721129,6
2024-09-18 10:40:46.295000,414.35750295414346,15
2024-09-18 10:40:46.304000,414.3654086096352,1003
2024-09-18 10:40:46.342000,414.314261933894,96
2024-09-18 10:40:46.370000,414.3532123058213,12
2024-09-18 10:40:46.502000,414.342436415293,13
2024-09-18 10:40:46.516000,414.28224075509377,103
2024-09-18 10:40:46.553000,414.333065033176,1005
2024-09-18 10:40:46.634000,414.33387897927247,95
2024-09-18 10:40:46.651000,414.2889182627368,997
2024-09-18 10:40:46.661000,414.3239921048048,12
2024-09-18 10:40:46.696000,414.2880821896259,998
2024-09-18 10:40:46.708000,414.376020248243,1003
2024-09-18 10:40:46.724000,414.3546793962269,96
2024-09-18 10:40:46.726000,414.3378269512595,6
2024-09-18 10:40:46.742000,414.3214045841594,95
2024-09-18 10:40:46.759000,414.35234138681375,7
2024-09-18 10:40:46.765000,414.29423279426106,14
2024-09-18 10:40:46.770000,414.2759144185944,997
2024-09-18 10:40:46.803000,414.3746330867062,6
2024-09-18 10:40:46.916000,414.3339791929546,13
2024-09-18 10:40:46.974000,414.3591195491965,98
2024-09-18 10:40:47.016000,414.2445469987354,1001
2024-09-18 10:40:47.064000,414.23142255153135,98
2024-09-18 10:40:47.155000,414.23321244865326,11
2024-09-18 10:40:47.161000,414.27751542882976,1003
2024-09-18 10:40:47.209000,414.2166784092574,95
2024-09-18 10:40:47.232000,414.261244390856,101
2024-09-18 10:40:47.235000,414.2383597243192,11
2024-09-18 10:40:47.238000,414.2404370857701,995
2024-09-18 10:40:47.351000,414.25818114026777,102
2024-09-18 10:40:47.355000,414.2353981285539,1000
2024-09-18 10:40:47.357000,414.2308744521235,998
2024-09-18 10:40:47.456000,414.2166514307072,7
2024-09-18 10:40:47.482000,414.23966618996826,101
2024-09-18 10:40:47.586000,414.24885484321976,104
2024-09-18 10:40:47.593000,414.22803112575326,12
2024-09-18 10:40:47.673000,414.24317850271234,103
2024-09-18 10:40:47.697000,414.2531627667474,101
2024-09-18 10:40:47.701000,414.2475997202782,995
2024-09-18 10:40:47.729000,414.2296522400735,100
2024-09-18 10:40:47.751000,414.228005306508,8
2024-09-18 10:40:47.779000,414.250587304834,1001
2024-09-18 10:40:47.795000,414.26303585923415,104
2024-09-18 10:40:47.800000,414.2682968377061,1003
2024-09-18 10:40:47.897000,414.2751780090037,101
2024-09-18 10:40:47.992000,414.2301443077167,1004
2024-09-18 10:40:48.016000,414.26104476913326,7
2024-09-18 10:40:48.028000,414.2648196939964,98
2024-09-18 10:40:48.104000,414.2888943516,98
2024-09-18 10:40:48.310000,414.2507738116475,5
2024-09-18 10:40:48.336000,414.27258379510215,98
2024-09-18 10:40:48.355000,414.2686530331831,12
2024-09-18 10:40:48.380000,414.2654002571397,10
2024-09-18 10:40:48.441000,414.2688339165779,97
2024-09-18 10:40:48.457000,414.2806022554611,102
2024-09-18 10:40:48.826000,414.2559140295062,11
2024-09-18 10:40:49.036000,414.27870808734986,95
2024-09-18 10:40:49.097000,414.3265181417785,99
2024-09-18 10:40:49.098000,414.3230925455998,9
2024-09-18 10:40:49.106000,414.3581986293824,104
2024-09-18 10:40:49.123000,414.3327106283036,95
2024-09-18 10:40:49.142000,414.3591981697995,9
2024-09-18 10:40:49.257000,414.3547336661358,98
2024-09-18 10:40:49.269000,414.3324221300533,98
2024-09-18 10:40:49.311000,414.3641761707935,997
2024-09-18 10:40:49.423000,414.3261188558074,998
2024-09-18 10:40:49.557000,414.3545651217931,95
2024-09-18 10:40:49.558000,414.3577356591829,1002
2024-09-18 10:40:49.593000,414.2982512667306,104
2024-09-18 10:40:49.632000,414.3355363419982,7
2024-09-18 10:40:49.649000,414.3572101337418,11
2024-09-18 10:40:49.668000,414.2901902147143,96
2024-09-18 10:40:49.709000,414.34078719049296,1005
2024-09-18 10:40:49.729000,414.3609225184306,12
2024-09-18 10:40:49.733000,414.3174006164614,1003
2024-09-18 10:40:49.850000,414.371828925675,5
2024-09-18 10:40:49.922000,414.36430794263646,1005
2024-09-18 10:40:49.972000,414.3424371028094,998
2024-09-18 10:40:49.994000,414.32795844242486,1001
2024-09-18 10:40:51.101000,414.2961160723675,996
2024-09-18 10:40:51.124000,414.3264384084043,12
2024-09-18 10:40:51.176000,414.3002139899656,6
2024-09-18 10:40:51.222000,414.326847729912,5
2024-09-18 10:40:51.298000,414.2946861828024,995
2024-09-18 10:40:51.368000,414.3042668337056,15
2024-09-18 10:40:51.374000,414.34659451695546,9
2024-09-18 10:40:51.396000,414.3075077340264,96
2024-09-18 10:40:51.455000,414.3018136864847,105
2024-09-18 10:40:51.463000,414.2998074767295,996
2024-09-18 10:40:51.554000,414.3051123579787,103
2024-09-18 10:40:51.562000,414.30374911480783,98
2024-09-18 10:40:51.630000,414.3199106045459,104
2024-09-18 10:40:51.637000,414.31488443365566,101
2024-09-18 10:40:51.651000,414.3088486734265,10
2024-09-18 10:40:51.669000,414.3211288673946,95
2024-09-18 10:40:51.850000,414.3081712552596,96
2024-09-18 10:40:52.034000,414.3058397989033,1000
2024-09-18 10:40:52.072000,414.294325586173,104
2024-09-18 10:40:52.084000,414.32409556895897,997
2024-09-18 10:40:52.105000,414.3142011497872,95
2024-09-18 10:40:52.180000,414.3190423903859,9
2024-09-18 10:40:52.202000,414.3002283570614,97
2024-09-18 10:40:52.284000,414.3218740135388,100
2024-09-18 10:40:52.318000,414.323013802787,98
2024-09-18 10:40:52.318000,414.2840104028403,997
2024-09-18 10:40:52.323000,414.2915848279848,105
2024-09-18 10:40:52.335000,414.3035415345788,1005
2024-09-18 10:40:52.337000,414.3260874025802,15
2024-09-18 10:40:52.395000,414.29118475167786,99
2024-09-18 10:40:52.409000,414.3119735219861,95
2024-09-18 10:40:52.423000,414.3261045664082,13
2024-09-18 10:40:52.481000,414.2919902582887,1003
2024-09-18 10:40:52.560000,414.2780486650641,999
2024-09-18 10:40:52.654000,414.33671564291313,99
2024-09-18 10:40:52.688000,414.3043293174516,1005
2024-09-18 10:40:52.694000,414.2745961840574,100
2024-09-18 10:40:52.812000,414.3236581700618,1003
2024-09-18 10:40:52.836000,414.2963231615704,12
2024-09-18 10:40:52.897000,414.3291925932904,102
2024-09-18 10:40:53.024000,414.2865008217429,98
2024-09-18 10:40:53.066000,414.2715253859749,102
2024-09-18 10:40:53.091000,414.3005181489328,96
2024-09-18 10:40:53.092000,414.2718343906612,5
2024-09-18 10:40:53.141000,414.27721718618585,14
2024-09-18 10:40:53.174000,414.26091967566816,101
2024-09-18 10:40:53.180000,414.2972499205715,5
2024-09-18 10:40:53.308000,414.304494576326,100
2024-09-18 10:40:53.317000,414.2759880214783,8
2024-09-18 10:40:53.370000,414.2756180929884,1002
2024-09-18 10:40:53.442000,414.29625045932175,100
2024-09-18 10:40:53.442000,414.2681845651792,995
2024-09-18 10:40:53.484000,414.2764210263452,1000
2024-09-18 10:40:53.558000,414.2732227825005,104
2024-09-18 10:40:53.667000,414.29126813383584,98
2024-09-18 10:40:53.700000,414.27575611097024,15
2024-09-18 10:40:53.760000,414.2913958566828,6
2024-09-18 10:40:53.841000,414.284633001519,996
2024-09-18 10:40:53.875000,414.2890324337191,105
2024-09-18 10:40:53.889000,414.3068259242376,998
2024-09-18 10:40:54.028000,414.3419612671163,14
2024-09-18 10:40:54.172000,414.25781124295366,6
2024-09-18 10:40:54.200000,414.2575451908504,105
2024-09-18 10:40:54.203000,414.2383699995543,95
2024-09-18 10:40:54.205000,414.25610646799424,105
2024-09-18 10:40:54.281000,414.2454555463808,104
2024-09-18 10:40:54.350000,414.31982201430526,99
2024-09-18 10:40:54.389000,414.2668895194429,1003
2024-09-18 10:40:54.426000,414.2602929472951,997
2024-09-18 10:40:54.442000,414.3430661743381,98
2024-09-18 10:40:54.458000,414.31883645718966,96
2024-09-18 10:40:54.595000,414.2690243229387,100
2024-09-18 10:40:54.598000,414.284346742583,995
2024-09-18 10:40:54.743000,414.3181268996214,997
2024-09-18 10:40:54.754000,414.264694050213,14
2024-09-18 10:40:54.769000,414.3168082489111,14
2024-09-18 10:40:54.826000,414.2374454511145,9
2024-09-18 10:40:54.920000,414.2814538459709,7
2024-09-18 10:40:54.980000,414.29649085835297,102
2024-09-18 10:40:55.105000,414.32157687080354,104
2024-09-18 10:40:55.147000,414.3435965500909,9
2024-09-18 10:40:55.161000,414.3703116635641,1002
2024-09-18 10:40:55.191000,414.3625890532816,1003
2024-09-18 10:40:55.242000,414.3592023106148,995
2024-09-18 10:40:55.370000,414.3527104436373,95
2024-09-18 10:40:55.378000,414.3480962835367,997
2024-09-18 10:40:55.414000,414.3566008592172,98
2024-09-18 10:40:55.505000,414.3652918808616,1002
2024-09-18 10:40:55.591000,414.34797542565,100
2024-09-18 10:40:55.634000,414.322969800341,13
2024-09-18 10:40:55.645000,414.34363371242375,104
2024-09-18 10:40:55.653000,414.334415867241,11
2024-09-18 10:40:55.715000,414.3553905568655,97
2024-09-18 10:40:55.807000,414.3306055906351,9
2024-09-18 10:40:55.818000,414.3257515898017,95
2024-09-18 10:40:55.830000,414.3550999504428,105
2024-09-18 10:40:55.902000,414.3482146868593,15
2024-09-18 10:40:55.959000,414.354984538284,996
2024-09-18 10:40:55.995000,414.34159145609567,1002
2024-09-18 10:40:56.085000,414.3019492364174,14
2024-09-18 10:40:56.098000,414.32783228889343,97
2024-09-18 10:40:56.131000,414.28632876350383,9
2024-09-18 10:40:56.153000,414.3282190274944,7
2024-09-18 10:40:56.180000,414.3089962671462,996
2024-09-18 10:40:56.200000,414.3243114933496,11
2024-09-18 10:40:56.257000,414.3063578467825,10
2024-09-18 10:40:56.295000,414.29785246305255,9
2024-09-18 10:40:56.316000,414.29699681891657,100
2024-09-18 10:40:56.326000,414.3178368189289,8
2024-09-18 10:40:56.428000,414.3187150794385,997
2024-09-18 10:40:56.430000,414.29007752037694,15
2024-09-18 10:40:56.463000,414.3506259045016,103
2024-09-18 10:40:56.506000,414.3166629776339,99
2024-09-18 10:40:56.588000,414.3541626388536,8
2024-09-18 10:40:56.602000,414.3100382023008,98
2024-09-18 10:40:56.642000,414.3482627627516,103
2024-09-18 10:40:56.644000,414.29758747863445,6
2024-09-18 10:40:56.690000,414.312960093442,997
2024-09-18 10:40:56.693000,414.27284062632674,101
2024-09-18 10:40:56.725000,414.2974285602679,1005
2024-09-18 10:40:56.750000,414.3125666661946,1000
2024-09-18 10:40:56.765000,414.3176206881548,12
2024-09-18 10:40:56.863000,414.2942519062048,101
2024-09-18 10:40:56.867000,414.3347053719694,9
2024-09-18 10:40:56.883000,414.3413135834891,997
2024-09-18 10:40:56.886000,414.3061396138144,9
2024-09-18 10:40:56.990000,414.346950800713,1001
2024-09-18 10:40:56.990000,414.3492221359291,9
2024-09-18 10:40:57.004000,414.2957145327484,11
2024-09-18 10:40:57.016000,414.315979750233,10
2024-09-18 10:40:57.072000,414.29645414442575,15
2024-09-18 10:40:57.074000,414.2919103515554,13
2024-09-18 10:40:57.078000,414.26189521562696,7
2024-09-18 10:40:57.090000,414.2077980182149,98
2024-09-18 10:40:57.252000,414.2297869085094,6
2024-09-18 10:40:57.283000,414.2471278363393,7
2024-09-18 10:40:57.302000,414.2699673418656,1001
2024-09-18 10:40:57.310000,414.2437557969623,996
2024-09-18 10:40:57.322000,414.2469102110656,103
2024-09-18 10:40:57.598000,414.2975046109139,99
2024-09-18 10:40:57.659000,414.2314226769209,102
2024-09-18 10:40:57.676000,414.29183547172033,97
2024-09-18 10:40:57.726000,414.29324852356814,97
2024-09-18 10:40:57.761000,414.22734621344114,97
2024-09-18 10:40:57.777000,414.2990199655388,101
2024-09-18 10:40:57.784000,414.2958001335695,1002
2024-09-18 10:40:57.836000,414.231745272274,12
2024-09-18 10:40:57.923000,414.3238687077807,12
2024-09-18 10:40:57.939000,414.3302002938988,102
2024-09-18 10:40:57.958000,414.2441144099519,999
2024-09-18 10:40:57.984000,414.31343225936257,997
2024-09-18 10:40:58.018000,414.2230649708947,6
2024-09-18 10:40:58.021000,414.2036038711259,1002
2024-09-18 10:40:58.053000,414.1877709465466,1004
2024-09-18 10:40:58.066000,414.1747997986258,102
2024-09-18 10:40:58.107000,414.2244028838907,6
2024-09-18 10:40:58.128000,414.2138324064416,999
2024-09-18 10:40:58.192000,414.12724070529714,98
2024-09-18 10:40:58.401000,414.0887833142485,13
2024-09-18 10:40:58.411000,414.219542575121,95
2024-09-18 10:40:58.416000,414.1900924741135,997
2024-09-18 10:40:58.439000,414.13905299544194,99
2024-09-18 10:40:58.473000,414.1976662498943,98
2024-09-18 10:40:58.474000,414.18824294300833,15
2024-09-18 10:40:58.478000,414.1346730409936,1002
2024-09-18 10:40:58.488000,414.2208420700902,14
2024-09-18 10:40:58.612000,414.1511175949044,9
2024-09-18 10:40:58.627000,414.143328427787,5
2024-09-18 10:40:58.661000,414.21497938871073,995
2024-09-18 10:40:58.707000,414.22037622859136,98
2024-09-18 10:40:58.817000,414.16937985772,101
2024-09-18 10:40:58.840000,414.125824698252,104
2024-09-18 10:40:58.866000,414.1369411941831,99
2024-09-18 10:40:58.927000,414.11221370939575,10
2024-09-18 10:40:58.955000,414.1620754306022,96
2024-09-18 10:40:58.956000,414.11747520953423,10
2024-09-18 10:40:58.988000,414.2154598005352,6
2024-09-18 10:40:59.113000,414.0861533237482,995
2024-09-18 10:40:59.119000,414.0703488023465,1003
2024-09-18 10:40:59.142000,414.09177367649215,5
2024-09-18 10:40:59.307000,414.0956959807709,9
2024-09-18 10:40:59.319000,414.0965070752402,7
2024-09-18 10:40:59.379000,414.0985600076122,5
2024-09-18 10:40:59.459000,414.0782713670648,100
2024-09-18 10:40:59.475000,414.0633212222464,1004
2024-09-18 10:40:59.489000,414.0929934556786,101
2024-09-18 10:40:59.591000,414.0975552816231,100
2024-09-18 10:40:59.606000,414.0648269030859,996
2024-09-18 10:40:59.620000,414.0967637953835,12
2024-09-18 10:40:59.654000,414.0859687129862,99
2024-09-18 10:40:59.788000,414.089877601603,103
2024-09-18 10:40:59.809000,414.0937988507829,103
2024-09-18 10:40:59.819000,414.0854362378628,1002
