Timestamp,Price,Size
2024-09-17 11:46:00.062000,414.7695274712298,95
2024-09-17 11:46:00.077000,414.7534133130233,96
2024-09-17 11:46:00.094000,414.7778574096934,996
2024-09-17 11:46:00.135000,414.7734074011072,101
2024-09-17 11:46:00.209000,414.7594614671694,103
2024-09-17 11:46:00.215000,414.7484409150974,8
2024-09-17 11:46:00.268000,414.7669720921072,103
2024-09-17 11:46:00.289000,414.7665881709438,14
2024-09-17 11:46:00.392000,414.73843559539455,99
2024-09-17 11:46:00.485000,414.7830070370408,105
2024-09-17 11:46:00.574000,414.7495479483384,98
2024-09-17 11:46:00.574000,414.75267109601145,1001
2024-09-17 11:46:00.613000,414.73731548179234,96
2024-09-17 11:46:00.644000,414.7609056424894,95
2024-09-17 11:46:00.668000,414.7754351769679,102
2024-09-17 11:46:00.717000,414.7723509939529,102
2024-09-17 11:46:00.730000,414.7689716397681,100
2024-09-17 11:46:00.759000,414.747478956693,102
2024-09-17 11:46:00.797000,414.7434791431164,6
2024-09-17 11:46:00.847000,414.7355079035188,996
2024-09-17 11:46:00.914000,414.72922433675086,96
2024-09-17 11:46:00.964000,414.7594270730032,98
2024-09-17 11:46:00.990000,414.7574575811459,101
2024-09-17 11:46:01.084000,414.76919270852426,105
2024-09-17 11:46:01.095000,414.75206501939095,95
2024-09-17 11:46:01.133000,414.7598362554367,10
2024-09-17 11:46:01.157000,414.7278070351378,104
2024-09-17 11:46:01.160000,414.7548049609889,103
2024-09-17 11:46:01.169000,414.7534836173444,1005
2024-09-17 11:46:01.263000,414.75994092051553,8
2024-09-17 11:46:01.280000,414.7467491263575,1003
2024-09-17 11:46:01.285000,414.770178339354,995
2024-09-17 11:46:01.289000,414.7496822981497,7
2024-09-17 11:46:01.296000,414.74982292263934,10
2024-09-17 11:46:01.568000,414.7727908278722,99
2024-09-17 11:46:01.612000,414.7473655186096,100
2024-09-17 11:46:01.646000,414.77149399351714,996
2024-09-17 11:46:01.707000,414.730728936882,97
2024-09-17 11:46:01.727000,414.7328404597647,104
2024-09-17 11:46:01.782000,414.7520706595991,101
2024-09-17 11:46:01.831000,414.7269232997676,1004
2024-09-17 11:46:01.841000,414.7351425590675,1003
2024-09-17 11:46:01.918000,414.7554006715959,102
2024-09-17 11:46:01.928000,414.76190836493015,1002
2024-09-17 11:46:01.955000,414.72966707980106,998
2024-09-17 11:46:01.981000,414.7644276571533,8
2024-09-17 11:46:02.022000,414.7286040678326,995
2024-09-17 11:46:02.104000,414.7524915986419,1004
2024-09-17 11:46:02.862000,414.7348369524792,12
2024-09-17 11:46:02.899000,414.74147830075214,8
2024-09-17 11:46:03.106000,414.72955829723287,97
2024-09-17 11:46:03.117000,414.7452116162304,1001
2024-09-17 11:46:03.142000,414.7341746561904,12
2024-09-17 11:46:03.307000,414.7168351569399,11
2024-09-17 11:46:03.436000,414.7191607675641,5
2024-09-17 11:46:03.453000,414.7106490754933,15
2024-09-17 11:46:03.467000,414.7426446679198,997
2024-09-17 11:46:03.542000,414.7395778599111,101
2024-09-17 11:46:03.707000,414.7433244936012,1003
2024-09-17 11:46:03.946000,414.73216810653423,8
2024-09-17 11:46:04.390000,414.740461788622,97
2024-09-17 11:46:04.533000,414.73442858016,104
2024-09-17 11:46:04.557000,414.7455217772203,1003
2024-09-17 11:46:04.563000,414.73668131671263,12
2024-09-17 11:46:04.731000,414.74398309498224,103
2024-09-17 11:46:04.741000,414.7498045111877,999
2024-09-17 11:46:04.749000,414.7567213617604,1002
2024-09-17 11:46:04.942000,414.74487358043257,1005
2024-09-17 11:46:04.942000,414.7401840924782,8
2024-09-17 11:46:04.989000,414.7583866282924,12
2024-09-17 11:46:05.017000,414.83364504909525,9
2024-09-17 11:46:05.030000,414.83522290719554,6
2024-09-17 11:46:05.039000,414.8456345406686,998
2024-09-17 11:46:05.081000,414.7516211164794,5
2024-09-17 11:46:05.082000,414.78951913955535,10
2024-09-17 11:46:05.143000,414.7785236637287,1000
2024-09-17 11:46:05.238000,414.8458652565583,12
2024-09-17 11:46:05.258000,414.8223410856745,103
2024-09-17 11:46:05.266000,414.835338104816,996
2024-09-17 11:46:05.419000,414.8352313562184,1002
2024-09-17 11:46:05.500000,414.76079227176126,104
2024-09-17 11:46:05.515000,414.8581842143848,105
2024-09-17 11:46:05.533000,414.85098694460703,98
2024-09-17 11:46:05.554000,414.76531065246127,103
2024-09-17 11:46:05.636000,414.8377333270624,8
2024-09-17 11:46:05.646000,414.85222792453146,14
2024-09-17 11:46:05.813000,414.84630490683975,1003
2024-09-17 11:46:05.839000,414.806701743668,100
2024-09-17 11:46:05.845000,414.7913174953992,100
2024-09-17 11:46:05.892000,414.7944212293746,15
2024-09-17 11:46:05.922000,414.7878412900561,999
2024-09-17 11:46:05.946000,414.76401727680536,1004
2024-09-17 11:46:06.044000,414.8129361972525,1004
2024-09-17 11:46:06.142000,414.7617390147643,13
2024-09-17 11:46:06.248000,414.79441710374033,998
2024-09-17 11:46:06.318000,414.7819741069604,1005
2024-09-17 11:46:06.457000,414.7741582570457,105
2024-09-17 11:46:06.470000,414.82471754242346,1001
2024-09-17 11:46:06.547000,414.8208842122214,95
2024-09-17 11:46:06.561000,414.7929103353072,97
2024-09-17 11:46:06.591000,414.78283368955255,997
2024-09-17 11:46:06.720000,414.83261061051405,98
2024-09-17 11:46:06.757000,414.78558195402826,13
2024-09-17 11:46:06.975000,414.7759182579373,996
2024-09-17 11:46:06.983000,414.7569664070294,1003
2024-09-17 11:46:07.005000,414.7241410456229,996
2024-09-17 11:46:07.152000,414.7149268938301,1004
2024-09-17 11:46:07.167000,414.7201036749572,96
2024-09-17 11:46:07.366000,414.6837127355109,5
2024-09-17 11:46:07.368000,414.7082181398613,998
2024-09-17 11:46:07.666000,414.7379637945099,12
2024-09-17 11:46:07.771000,414.7109394775943,97
2024-09-17 11:46:07.779000,414.73028650751047,1002
2024-09-17 11:46:07.802000,414.76123508724265,102
2024-09-17 11:46:07.809000,414.6766031054974,99
2024-09-17 11:46:07.885000,414.7283994236946,15
2024-09-17 11:46:07.951000,414.7257233835033,1001
2024-09-17 11:46:08.019000,414.5777779677135,15
2024-09-17 11:46:08.036000,414.6244462837887,8
2024-09-17 11:46:08.065000,414.5528243838304,1002
2024-09-17 11:46:08.069000,414.63955570290415,103
2024-09-17 11:46:08.072000,414.6465088997938,97
2024-09-17 11:46:08.125000,414.5660815280031,99
2024-09-17 11:46:08.141000,414.6553379170393,99
2024-09-17 11:46:08.155000,414.54024777826527,1001
2024-09-17 11:46:08.162000,414.5925835951012,102
2024-09-17 11:46:08.169000,414.59272301658655,997
2024-09-17 11:46:08.184000,414.6520979708264,97
2024-09-17 11:46:08.244000,414.612440222324,5
2024-09-17 11:46:08.270000,414.6335346703738,12
2024-09-17 11:46:08.304000,414.6073152628284,102
2024-09-17 11:46:08.338000,414.55487268424,1002
2024-09-17 11:46:08.413000,414.5435266220725,105
2024-09-17 11:46:08.593000,414.5552299020196,102
2024-09-17 11:46:08.619000,414.5731017260929,9
2024-09-17 11:46:08.718000,414.5427868133293,9
2024-09-17 11:46:08.741000,414.6389015123116,1001
2024-09-17 11:46:08.762000,414.5426270336313,95
2024-09-17 11:46:08.818000,414.52305782394046,95
2024-09-17 11:46:08.821000,414.5237000051106,105
2024-09-17 11:46:08.851000,414.5496720340456,101
2024-09-17 11:46:08.854000,414.5641965874325,8
2024-09-17 11:46:08.929000,414.6263355050149,7
2024-09-17 11:46:08.976000,414.5250309920592,98
2024-09-17 11:46:08.977000,414.5651988137123,13
2024-09-17 11:46:08.989000,414.5555997936657,98
2024-09-17 11:46:09.223000,414.53277604579296,1004
2024-09-17 11:46:09.308000,414.5310248841585,6
2024-09-17 11:46:09.311000,414.5322087384153,10
2024-09-17 11:46:09.335000,414.5620126916642,1005
2024-09-17 11:46:09.355000,414.5402920358216,104
2024-09-17 11:46:09.943000,414.54254055564047,12
2024-09-17 11:46:09.949000,414.5571114886873,14
2024-09-17 11:46:10.011000,414.55479601684,13
2024-09-17 11:46:10.148000,414.55891360723655,6
2024-09-17 11:46:10.216000,414.5622462056552,1003
2024-09-17 11:46:10.232000,414.56275303043753,102
2024-09-17 11:46:10.252000,414.5568573703936,998
2024-09-17 11:46:10.277000,414.5757981194068,1002
2024-09-17 11:46:10.308000,414.5488027658683,996
2024-09-17 11:46:10.314000,414.5406397300295,97
2024-09-17 11:46:10.481000,414.5348388174284,12
2024-09-17 11:46:10.529000,414.5770141925768,11
2024-09-17 11:46:10.597000,414.5546448158266,1004
2024-09-17 11:46:10.599000,414.5619550926288,995
2024-09-17 11:46:10.789000,414.5680490862204,8
2024-09-17 11:46:10.945000,414.54755863504175,6
2024-09-17 11:46:11.070000,414.5335601012757,15
2024-09-17 11:46:11.110000,414.53537380515576,10
2024-09-17 11:46:11.197000,414.5309746733359,102
2024-09-17 11:46:11.286000,414.5447528268645,9
2024-09-17 11:46:11.345000,414.5469690564034,13
2024-09-17 11:46:11.372000,414.55916185388025,96
2024-09-17 11:46:11.440000,414.5303486929599,1005
2024-09-17 11:46:11.473000,414.536424176064,996
2024-09-17 11:46:11.633000,414.5694057615594,995
2024-09-17 11:46:11.767000,414.5691171672269,100
2024-09-17 11:46:11.768000,414.526376047179,105
2024-09-17 11:46:12.714000,414.56516793303314,1004
2024-09-17 11:46:12.787000,414.5556532960065,5
2024-09-17 11:46:13.029000,414.5014802856271,999
2024-09-17 11:46:13.118000,414.54301252582,105
2024-09-17 11:46:13.211000,414.4368872364894,7
2024-09-17 11:46:13.322000,414.53824425416735,1005
2024-09-17 11:46:13.331000,414.5533043477738,997
2024-09-17 11:46:13.358000,414.4652911289268,96
2024-09-17 11:46:13.466000,414.4407596810416,12
2024-09-17 11:46:13.509000,414.5398440372869,102
2024-09-17 11:46:13.538000,414.5403736908819,96
2024-09-17 11:46:13.565000,414.443362707428,104
2024-09-17 11:46:13.566000,414.4902726751705,997
2024-09-17 11:46:13.573000,414.5255887383102,8
2024-09-17 11:46:13.611000,414.4830795486636,102
2024-09-17 11:46:13.635000,414.51202009144674,97
2024-09-17 11:46:13.666000,414.4572217897003,104
2024-09-17 11:46:13.706000,414.4497733553889,7
2024-09-17 11:46:13.859000,414.5467700319708,7
2024-09-17 11:46:13.881000,414.5361207986083,100
2024-09-17 11:46:13.920000,414.4989795951014,1004
2024-09-17 11:46:13.955000,414.4545478028815,1001
2024-09-17 11:46:14,414.476624854446,11
2024-09-17 11:46:14.045000,414.4580684851503,10
2024-09-17 11:46:14.102000,414.4747725236854,7
2024-09-17 11:46:14.110000,414.467242100337,995
2024-09-17 11:46:14.203000,414.4854678384176,997
2024-09-17 11:46:14.243000,414.4549500351045,98
2024-09-17 11:46:14.370000,414.4591683285044,12
2024-09-17 11:46:14.422000,414.4480565123604,6
2024-09-17 11:46:14.452000,414.4694268179295,99
2024-09-17 11:46:14.458000,414.4641009471957,997
2024-09-17 11:46:14.465000,414.4564866642244,997
2024-09-17 11:46:14.655000,414.4591671435881,99
2024-09-17 11:46:14.678000,414.4563383749914,1001
2024-09-17 11:46:14.808000,414.45584697047326,997
2024-09-17 11:46:14.877000,414.4809954419978,100
2024-09-17 11:46:14.893000,414.44395136528834,96
2024-09-17 11:46:14.903000,414.4668526804337,1002
2024-09-17 11:46:14.938000,414.4541874173494,1002
2024-09-17 11:46:14.960000,414.44019179700905,98
2024-09-17 11:46:14.972000,414.43952591239736,101
2024-09-17 11:46:14.976000,414.4663623811949,1000
2024-09-17 11:46:14.982000,414.47628126772565,995
2024-09-17 11:46:15.309000,414.4369353561356,13
2024-09-17 11:46:15.329000,414.4188606897672,995
2024-09-17 11:46:15.932000,414.44244543564525,1001
2024-09-17 11:46:15.965000,414.4385900998308,995
2024-09-17 11:46:16.127000,414.4235818465386,103
2024-09-17 11:46:16.219000,414.43027136089705,99
2024-09-17 11:46:16.517000,414.42103242236414,97
2024-09-17 11:46:16.741000,414.4465434475735,15
2024-09-17 11:46:16.932000,414.4373953448673,1005
2024-09-17 11:46:17.549000,414.4411978295896,102
2024-09-17 11:46:18.018000,414.4687187483118,999
2024-09-17 11:46:18.286000,414.4713633858456,996
2024-09-17 11:46:18.441000,414.4464100679573,14
2024-09-17 11:46:18.558000,414.4608988835181,97
2024-09-17 11:46:18.564000,414.4603391377614,95
2024-09-17 11:46:18.717000,414.4629185651622,1003
2024-09-17 11:46:18.937000,414.4476715710143,1001
2024-09-17 11:46:19.068000,414.40502661456657,15
2024-09-17 11:46:19.343000,414.407812766758,11
2024-09-17 11:46:19.563000,414.4296257636234,1001
2024-09-17 11:46:19.728000,414.3981708762285,1005
2024-09-17 11:46:20.029000,414.44911825918206,8
2024-09-17 11:46:20.231000,414.4362932304643,10
2024-09-17 11:46:20.297000,414.44429114844223,999
2024-09-17 11:46:20.355000,414.450051876684,103
2024-09-17 11:46:20.433000,414.4383951897162,15
2024-09-17 11:46:20.441000,414.44965297272256,6
2024-09-17 11:46:20.442000,414.4045691014847,1001
2024-09-17 11:46:20.527000,414.4456927073593,5
2024-09-17 11:46:20.620000,414.38728937110574,12
2024-09-17 11:46:20.651000,414.4382498393864,5
2024-09-17 11:46:20.689000,414.4128264865295,998
2024-09-17 11:46:20.778000,414.4491453000297,9
2024-09-17 11:46:20.795000,414.44431702355,99
2024-09-17 11:46:20.799000,414.4458022415844,100
2024-09-17 11:46:20.838000,414.4629440493374,6
2024-09-17 11:46:20.839000,414.4307759977753,96
2024-09-17 11:46:20.896000,414.39969246379314,5
2024-09-17 11:46:20.928000,414.449784849996,100
2024-09-17 11:46:20.928000,414.42533325273007,1002
2024-09-17 11:46:20.969000,414.4237911830412,15
2024-09-17 11:46:21.084000,414.5087561248184,13
2024-09-17 11:46:21.177000,414.4923519636943,7
2024-09-17 11:46:21.318000,414.4820809670736,998
2024-09-17 11:46:21.413000,414.4631959402019,996
2024-09-17 11:46:21.428000,414.448565358529,95
2024-09-17 11:46:21.543000,414.45461342906486,105
2024-09-17 11:46:21.601000,414.47062757508905,6
2024-09-17 11:46:21.624000,414.47229803210615,8
2024-09-17 11:46:21.671000,414.4468879156274,100
2024-09-17 11:46:21.703000,414.4587893174181,15
2024-09-17 11:46:21.852000,414.4500767873701,97
2024-09-17 11:46:21.873000,414.4972460063984,6
2024-09-17 11:46:21.914000,414.5066666371472,6
2024-09-17 11:46:21.934000,414.4324248064204,1005
2024-09-17 11:46:22.002000,414.4900101860912,105
2024-09-17 11:46:22.042000,414.5194442922954,105
2024-09-17 11:46:22.116000,414.5076570455008,99
2024-09-17 11:46:22.230000,414.53085546592473,6
2024-09-17 11:46:22.275000,414.5189448259402,1000
2024-09-17 11:46:22.324000,414.491624528294,105
2024-09-17 11:46:22.326000,414.5118548413464,11
2024-09-17 11:46:22.345000,414.5307884566842,9
2024-09-17 11:46:22.351000,414.5366499064295,998
2024-09-17 11:46:22.360000,414.48304864703647,10
2024-09-17 11:46:22.389000,414.5402914921872,999
2024-09-17 11:46:22.392000,414.508357815239,102
2024-09-17 11:46:22.402000,414.55538121952463,1000
2024-09-17 11:46:22.418000,414.52832566234486,995
2024-09-17 11:46:22.472000,414.5238114865343,97
2024-09-17 11:46:22.478000,414.49434120376384,15
2024-09-17 11:46:22.544000,414.50707693005165,1004
2024-09-17 11:46:22.586000,414.51472866925207,100
2024-09-17 11:46:22.612000,414.53531912782256,96
2024-09-17 11:46:22.616000,414.52026240190094,997
2024-09-17 11:46:22.626000,414.4921697152639,7
2024-09-17 11:46:22.652000,414.52643723966105,95
2024-09-17 11:46:22.679000,414.5514285788221,1004
2024-09-17 11:46:23.159000,414.5130698036085,97
2024-09-17 11:46:24.059000,414.5034154513632,8
2024-09-17 11:46:24.067000,414.47051069736114,10
2024-09-17 11:46:24.068000,414.48899582755314,7
2024-09-17 11:46:24.182000,414.50506770356753,1000
2024-09-17 11:46:24.255000,414.4916980634672,997
2024-09-17 11:46:24.442000,414.4795116537237,1001
2024-09-17 11:46:24.663000,414.5200911541117,96
2024-09-17 11:46:24.688000,414.4848742985101,14
2024-09-17 11:46:24.873000,414.5141833183947,98
2024-09-17 11:46:24.875000,414.4818020366432,95
2024-09-17 11:46:25.538000,414.4957775509425,995
2024-09-17 11:46:25.713000,414.5014749576951,5
2024-09-17 11:46:25.896000,414.4963351914832,8
2024-09-17 11:46:26.067000,414.50656735100944,9
2024-09-17 11:46:26.089000,414.4795883297664,1001
2024-09-17 11:46:26.109000,414.5071328076356,1003
2024-09-17 11:46:26.341000,414.5190537267263,97
2024-09-17 11:46:26.417000,414.5182416087101,9
2024-09-17 11:46:26.462000,414.4941278949272,100
2024-09-17 11:46:26.470000,414.51400087835066,13
2024-09-17 11:46:26.471000,414.5057960614392,995
2024-09-17 11:46:26.612000,414.47162030970935,104
2024-09-17 11:46:26.866000,414.5021226759972,1000
2024-09-17 11:46:27.219000,414.48616175845376,98
2024-09-17 11:46:27.256000,414.44372884858825,999
2024-09-17 11:46:27.301000,414.4397775142349,13
2024-09-17 11:46:27.355000,414.4667665984925,10
2024-09-17 11:46:27.372000,414.44523097406335,97
2024-09-17 11:46:27.485000,414.4534821652168,1004
2024-09-17 11:46:27.485000,414.4527813842556,101
2024-09-17 11:46:27.998000,414.4891768281285,100
2024-09-17 11:46:28.038000,414.4663115083163,8
2024-09-17 11:46:28.153000,414.46043353632587,11
2024-09-17 11:46:28.443000,414.4648871372822,6
2024-09-17 11:46:28.494000,414.46893973268783,105
2024-09-17 11:46:28.915000,414.464009829231,7
2024-09-17 11:46:29.043000,414.5563311736578,12
2024-09-17 11:46:29.052000,414.5111435342436,95
2024-09-17 11:46:29.105000,414.56684821451,102
2024-09-17 11:46:29.117000,414.4663839732446,6
2024-09-17 11:46:29.146000,414.49271311625466,102
2024-09-17 11:46:29.183000,414.56918370437376,11
2024-09-17 11:46:29.235000,414.5675443563724,96
2024-09-17 11:46:29.268000,414.4943600605018,104
2024-09-17 11:46:29.303000,414.4773071291092,998
2024-09-17 11:46:29.312000,414.5348664321306,13
2024-09-17 11:46:29.329000,414.5338235557597,14
2024-09-17 11:46:29.466000,414.5455885937332,13
2024-09-17 11:46:29.553000,414.5261561526776,98
2024-09-17 11:46:29.556000,414.50598000756514,1002
2024-09-17 11:46:29.631000,414.544517631945,1005
2024-09-17 11:46:29.720000,414.5422875694469,95
2024-09-17 11:46:29.747000,414.4880156163054,9
2024-09-17 11:46:29.765000,414.5154880575963,100
2024-09-17 11:46:29.776000,414.5276657925296,95
2024-09-17 11:46:29.827000,414.5591550614196,11
2024-09-17 11:46:29.830000,414.5348861013172,97
2024-09-17 11:46:29.903000,414.5623359168947,11
2024-09-17 11:46:29.972000,414.51304438827685,95
2024-09-17 11:46:31.001000,414.501860389197,9
2024-09-17 11:46:31.073000,414.5287894436467,8
2024-09-17 11:46:31.091000,414.5347848097079,1002
2024-09-17 11:46:31.317000,414.50552044396966,103
2024-09-17 11:46:31.339000,414.55427529240006,97
2024-09-17 11:46:31.386000,414.5702434889498,1001
2024-09-17 11:46:31.436000,414.55240334973627,1004
2024-09-17 11:46:31.454000,414.5757835458169,105
2024-09-17 11:46:31.639000,414.5571694828322,996
2024-09-17 11:46:31.650000,414.5643100192438,103
2024-09-17 11:46:31.662000,414.5489600987704,104
2024-09-17 11:46:31.690000,414.56094394697885,1002
2024-09-17 11:46:31.690000,414.5264611637524,1002
2024-09-17 11:46:31.766000,414.5447659760933,10
2024-09-17 11:46:31.784000,414.541707665536,1001
2024-09-17 11:46:31.842000,414.51598033746126,11
2024-09-17 11:46:31.873000,414.54334510989366,96
2024-09-17 11:46:31.874000,414.515747872052,101
2024-09-17 11:46:31.882000,414.5605523552331,100
2024-09-17 11:46:31.888000,414.5075432291709,14
2024-09-17 11:46:31.896000,414.5142346066563,995
2024-09-17 11:46:31.935000,414.53479324661225,1005
2024-09-17 11:46:31.974000,414.5724714522072,15
2024-09-17 11:46:31.990000,414.5052297332912,999
2024-09-17 11:46:31.991000,414.54831697217617,7
2024-09-17 11:46:32.055000,414.5525101629842,10
2024-09-17 11:46:32.070000,414.5641743050946,997
2024-09-17 11:46:32.206000,414.533247822633,9
2024-09-17 11:46:32.245000,414.5489353153774,995
2024-09-17 11:46:32.340000,414.6008312207069,102
2024-09-17 11:46:32.381000,414.57818555539865,1003
2024-09-17 11:46:32.457000,414.5692558313008,8
2024-09-17 11:46:32.524000,414.5882768710471,15
2024-09-17 11:46:32.543000,414.53845917955687,1002
2024-09-17 11:46:32.610000,414.5263947731703,13
2024-09-17 11:46:32.724000,414.5673937607368,100
2024-09-17 11:46:32.767000,414.5356773186987,998
2024-09-17 11:46:32.822000,414.5502240323331,10
2024-09-17 11:46:32.868000,414.5672784204313,996
2024-09-17 11:46:33.175000,414.5134454443572,1005
2024-09-17 11:46:33.480000,414.51679964181824,14
2024-09-17 11:46:33.576000,414.5242149018805,10
2024-09-17 11:46:33.886000,414.52152068386624,1005
2024-09-17 11:46:34.053000,414.485952485114,999
2024-09-17 11:46:34.127000,414.4884764730224,12
2024-09-17 11:46:34.138000,414.5305518916832,999
2024-09-17 11:46:34.156000,414.5059596259341,97
2024-09-17 11:46:34.178000,414.4637426413837,1000
2024-09-17 11:46:34.207000,414.4793804395226,95
2024-09-17 11:46:34.280000,414.5249883525896,101
2024-09-17 11:46:34.292000,414.539786174019,101
2024-09-17 11:46:34.299000,414.4787413804819,102
2024-09-17 11:46:34.495000,414.4710618270602,5
2024-09-17 11:46:34.501000,414.4657593115468,15
2024-09-17 11:46:34.588000,414.4690136538399,98
2024-09-17 11:46:34.616000,414.4594682751873,1000
2024-09-17 11:46:34.695000,414.5204594843462,12
2024-09-17 11:46:34.729000,414.4778234148338,15
2024-09-17 11:46:34.757000,414.5068620817056,101
2024-09-17 11:46:34.810000,414.4799372907791,98
2024-09-17 11:46:34.865000,414.5357586737809,104
2024-09-17 11:46:34.955000,414.4746634019066,14
2024-09-17 11:46:34.960000,414.4474851644375,105
2024-09-17 11:46:34.963000,414.5231364400069,1005
2024-09-17 11:46:34.980000,414.488615256484,8
2024-09-17 11:46:34.986000,414.5222010358531,999
2024-09-17 11:46:34.991000,414.4602045958464,105
2024-09-17 11:46:34.999000,414.50122365379815,995
2024-09-17 11:46:35.114000,414.4493525910561,98
2024-09-17 11:46:35.164000,414.4423979126696,995
2024-09-17 11:46:35.219000,414.4691911457769,1004
2024-09-17 11:46:35.416000,414.4474278389128,103
2024-09-17 11:46:35.449000,414.458944446712,11
2024-09-17 11:46:35.522000,414.456192182534,14
2024-09-17 11:46:35.629000,414.4608063946298,105
2024-09-17 11:46:35.750000,414.47006411214,95
2024-09-17 11:46:35.770000,414.4546651571098,105
2024-09-17 11:46:35.998000,414.4562440323155,15
2024-09-17 11:46:36.046000,414.474816422065,997
2024-09-17 11:46:36.211000,414.4945007259215,999
2024-09-17 11:46:36.318000,414.4725219158453,1000
2024-09-17 11:46:36.456000,414.48832704056827,104
2024-09-17 11:46:36.514000,414.5220708419859,14
2024-09-17 11:46:36.559000,414.47705694536313,96
2024-09-17 11:46:36.604000,414.46824591407847,9
2024-09-17 11:46:36.605000,414.4579642560949,7
2024-09-17 11:46:36.752000,414.4568339133629,1003
2024-09-17 11:46:36.892000,414.4988750831911,5
2024-09-17 11:46:36.954000,414.4723847158617,995
2024-09-17 11:46:36.988000,414.497722648501,1001
2024-09-17 11:46:37.045000,414.55986145013753,9
2024-09-17 11:46:37.167000,414.5535829814516,95
2024-09-17 11:46:37.169000,414.5691396256548,103
2024-09-17 11:46:37.222000,414.54446280965294,101
2024-09-17 11:46:37.251000,414.5698886937726,1005
2024-09-17 11:46:37.284000,414.5478342460891,995
2024-09-17 11:46:37.304000,414.54983335218014,105
2024-09-17 11:46:37.317000,414.583983706897,9
2024-09-17 11:46:37.401000,414.5325960371375,102
2024-09-17 11:46:37.452000,414.5590427247511,7
2024-09-17 11:46:37.564000,414.5419277642443,1000
2024-09-17 11:46:37.567000,414.5532673229213,105
2024-09-17 11:46:37.611000,414.57339409378784,99
2024-09-17 11:46:37.655000,414.54317327436746,100
2024-09-17 11:46:37.756000,414.5451148112962,1004
2024-09-17 11:46:37.920000,414.5734790048673,1001
2024-09-17 11:46:38.303000,414.5848981221861,11
2024-09-17 11:46:38.345000,414.5986008907162,7
2024-09-17 11:46:38.984000,414.60294534234174,999
2024-09-17 11:46:39.098000,414.5971133984716,99
2024-09-17 11:46:39.142000,414.5904072423468,98
2024-09-17 11:46:39.479000,414.5579280510632,8
2024-09-17 11:46:39.512000,414.5730529061042,14
2024-09-17 11:46:39.634000,414.5939468460243,102
2024-09-17 11:46:39.645000,414.58045901054,999
2024-09-17 11:46:39.656000,414.5780609463726,97
2024-09-17 11:46:39.784000,414.5694515205012,998
2024-09-17 11:46:39.823000,414.6054505263506,104
2024-09-17 11:46:41.085000,414.5076354285338,95
2024-09-17 11:46:41.162000,414.51369666785473,6
2024-09-17 11:46:41.202000,414.509972971221,1005
2024-09-17 11:46:41.203000,414.4980708912221,5
2024-09-17 11:46:41.307000,414.4836731385315,98
2024-09-17 11:46:41.383000,414.4973731613636,1001
2024-09-17 11:46:41.413000,414.5496795317908,995
2024-09-17 11:46:41.816000,414.526699768597,13
2024-09-17 11:46:41.920000,414.49474549691774,996
2024-09-17 11:46:42.101000,414.4664941717292,1001
2024-09-17 11:46:42.254000,414.4690261597706,9
2024-09-17 11:46:42.345000,414.5043472116735,7
2024-09-17 11:46:42.368000,414.5154520211981,1000
2024-09-17 11:46:42.372000,414.4987841374852,1002
2024-09-17 11:46:42.449000,414.5161269328993,998
2024-09-17 11:46:42.541000,414.472824977317,13
2024-09-17 11:46:42.569000,414.4931406771315,1000
2024-09-17 11:46:42.604000,414.49727241475387,96
2024-09-17 11:46:42.671000,414.496768366834,10
2024-09-17 11:46:42.745000,414.50139267828735,104
2024-09-17 11:46:42.936000,414.4876610911189,998
2024-09-17 11:46:42.967000,414.5133038762341,105
2024-09-17 11:46:42.967000,414.5059830821937,15
2024-09-17 11:46:42.981000,414.4937559873651,12
2024-09-17 11:46:43.077000,414.50628862980005,997
2024-09-17 11:46:43.440000,414.4652534457493,7
2024-09-17 11:46:43.574000,414.48681715176326,1004
2024-09-17 11:46:43.622000,414.4796137675566,99
2024-09-17 11:46:43.650000,414.4698742726858,5
2024-09-17 11:46:43.727000,414.4723716609848,1003
2024-09-17 11:46:43.753000,414.4976578464062,10
2024-09-17 11:46:43.804000,414.48238828196406,12
2024-09-17 11:46:43.831000,414.4685501408133,1001
2024-09-17 11:46:43.847000,414.4849905967419,101
2024-09-17 11:46:44.112000,414.47009922853016,97
2024-09-17 11:46:44.126000,414.4700986025504,998
2024-09-17 11:46:44.226000,414.4665442867954,999
2024-09-17 11:46:44.274000,414.4844281327941,12
2024-09-17 11:46:44.397000,414.4766978028176,13
2024-09-17 11:46:44.557000,414.4954768113745,6
2024-09-17 11:46:44.706000,414.47162699626017,99
2024-09-17 11:46:44.743000,414.482404949385,9
2024-09-17 11:46:45.255000,414.45191976652114,99
2024-09-17 11:46:46.237000,414.447628062346,14
2024-09-17 11:46:46.332000,414.4883034625108,100
2024-09-17 11:46:46.356000,414.48071918432873,9
2024-09-17 11:46:46.379000,414.46998691713696,9
2024-09-17 11:46:46.732000,414.47292052529104,998
2024-09-17 11:46:46.784000,414.485401964462,102
2024-09-17 11:46:47.115000,414.52971327979,100
2024-09-17 11:46:47.138000,414.44090917501865,104
2024-09-17 11:46:47.194000,414.454117304625,1000
2024-09-17 11:46:47.223000,414.44129495181744,7
2024-09-17 11:46:47.371000,414.4439169088304,1005
2024-09-17 11:46:47.424000,414.4964169371866,999
2024-09-17 11:46:47.479000,414.4971941152197,995
2024-09-17 11:46:47.526000,414.4588552143188,1003
2024-09-17 11:46:47.629000,414.4854578317591,1005
2024-09-17 11:46:47.637000,414.5159124420125,13
2024-09-17 11:46:47.722000,414.45224800833137,1002
2024-09-17 11:46:47.728000,414.5306081272544,5
2024-09-17 11:46:47.761000,414.433356788312,995
2024-09-17 11:46:47.852000,414.4394098272412,103
2024-09-17 11:46:47.914000,414.47297016505576,996
2024-09-17 11:46:47.927000,414.4949014635202,101
2024-09-17 11:46:47.968000,414.45470022491264,13
2024-09-17 11:46:47.983000,414.5075094980557,998
2024-09-17 11:46:48.014000,414.4109461436586,999
2024-09-17 11:46:48.044000,414.4468747945899,7
2024-09-17 11:46:48.047000,414.4241266954088,105
2024-09-17 11:46:48.111000,414.4245093899884,9
2024-09-17 11:46:48.134000,414.4639391693718,1005
2024-09-17 11:46:48.160000,414.4015989142165,998
2024-09-17 11:46:48.163000,414.4083154492592,11
2024-09-17 11:46:48.181000,414.4126677346134,998
2024-09-17 11:46:48.250000,414.4480249506397,96
2024-09-17 11:46:48.254000,414.4637053242521,97
2024-09-17 11:46:48.286000,414.42457429838,13
2024-09-17 11:46:48.299000,414.4053730336654,10
2024-09-17 11:46:48.310000,414.44118115137326,14
2024-09-17 11:46:48.347000,414.3996545657267,1001
2024-09-17 11:46:48.356000,414.4417910787811,1002
2024-09-17 11:46:48.358000,414.43381733677023,1005
2024-09-17 11:46:48.432000,414.4406645192397,95
2024-09-17 11:46:48.447000,414.4325357959491,14
2024-09-17 11:46:48.479000,414.4314597624093,1005
2024-09-17 11:46:48.556000,414.4169929483423,104
2024-09-17 11:46:48.627000,414.44042851776106,10
2024-09-17 11:46:48.674000,414.4458039650476,104
2024-09-17 11:46:48.700000,414.4467975993833,98
2024-09-17 11:46:48.714000,414.4156244795696,13
2024-09-17 11:46:48.781000,414.4181986535255,98
2024-09-17 11:46:48.808000,414.4600259757818,96
2024-09-17 11:46:48.865000,414.4492774877083,102
2024-09-17 11:46:48.882000,414.4219905555419,1001
2024-09-17 11:46:48.895000,414.4225567040833,12
2024-09-17 11:46:49.013000,414.3392177569807,103
2024-09-17 11:46:49.169000,414.3438218998437,6
2024-09-17 11:46:49.199000,414.409562608129,9
2024-09-17 11:46:49.200000,414.4024861942301,104
2024-09-17 11:46:49.305000,414.3931599848067,15
2024-09-17 11:46:49.321000,414.4233319994955,6
2024-09-17 11:46:49.621000,414.3437295684913,12
2024-09-17 11:46:49.643000,414.3424792575299,105
2024-09-17 11:46:49.666000,414.4118677355154,100
2024-09-17 11:46:49.709000,414.3600283703776,8
2024-09-17 11:46:49.713000,414.37570348319247,1003
2024-09-17 11:46:49.751000,414.3677936105128,96
2024-09-17 11:46:49.783000,414.39891040061656,96
2024-09-17 11:46:49.840000,414.3861998457831,99
2024-09-17 11:46:50.007000,414.2627281793176,97
2024-09-17 11:46:50.014000,414.1988631972344,104
2024-09-17 11:46:50.032000,414.2990169109872,996
2024-09-17 11:46:50.066000,414.2216317296948,97
2024-09-17 11:46:50.094000,414.267503247606,8
2024-09-17 11:46:50.164000,414.2265410328876,11
2024-09-17 11:46:50.170000,414.2427718092704,1004
2024-09-17 11:46:50.191000,414.2123831423072,101
2024-09-17 11:46:50.244000,414.2434976589333,105
2024-09-17 11:46:50.351000,414.25654489373534,6
2024-09-17 11:46:50.454000,414.31440690608815,999
2024-09-17 11:46:50.468000,414.2293096294824,101
2024-09-17 11:46:50.476000,414.2905514826973,15
2024-09-17 11:46:50.586000,414.2409699343903,1001
2024-09-17 11:46:50.646000,414.2335299452733,95
2024-09-17 11:46:50.651000,414.2297558975031,1004
2024-09-17 11:46:50.682000,414.2400979711185,10
2024-09-17 11:46:50.695000,414.2294620655936,96
2024-09-17 11:46:50.732000,414.2483358621992,13
2024-09-17 11:46:50.752000,414.2892735368743,105
2024-09-17 11:46:50.768000,414.2996283907489,1005
2024-09-17 11:46:50.800000,414.2756925770117,996
2024-09-17 11:46:50.806000,414.3114145245448,1003
2024-09-17 11:46:50.830000,414.285202168688,97
2024-09-17 11:46:50.834000,414.2027377530513,101
2024-09-17 11:46:50.837000,414.3135874942804,1004
2024-09-17 11:46:50.853000,414.2507997724644,102
2024-09-17 11:46:50.865000,414.2559962060295,6
2024-09-17 11:46:51.002000,414.2166422322966,7
2024-09-17 11:46:51.019000,414.1835262597783,96
2024-09-17 11:46:51.053000,414.1204077781829,8
2024-09-17 11:46:51.096000,414.2185714715399,102
2024-09-17 11:46:51.248000,414.2012694598901,1000
2024-09-17 11:46:51.323000,414.2001291363067,8
2024-09-17 11:46:51.456000,414.2161848903357,101
2024-09-17 11:46:51.499000,414.1938206235783,9
2024-09-17 11:46:51.538000,414.1356052050373,104
2024-09-17 11:46:51.577000,414.2021258865811,13
2024-09-17 11:46:51.595000,414.2183015604549,1001
2024-09-17 11:46:51.620000,414.20130798330536,97
2024-09-17 11:46:51.661000,414.2063802033609,7
2024-09-17 11:46:51.681000,414.1522050982895,1002
2024-09-17 11:46:51.769000,414.20271694191393,101
2024-09-17 11:46:51.781000,414.2254134207975,95
2024-09-17 11:46:51.928000,414.1151679340473,998
2024-09-17 11:46:51.932000,414.1429016807513,1003
2024-09-17 11:46:51.966000,414.1179181465992,1005
2024-09-17 11:46:52.268000,414.13483797905405,995
2024-09-17 11:46:52.272000,414.1031308705252,6
2024-09-17 11:46:52.347000,414.0979896702027,1005
2024-09-17 11:46:52.547000,414.1046264894924,1004
2024-09-17 11:46:52.571000,414.09672349927047,11
2024-09-17 11:46:52.776000,414.125419877163,14
2024-09-17 11:46:53.017000,414.1331508313713,13
2024-09-17 11:46:53.057000,414.0986642736522,95
2024-09-17 11:46:53.097000,414.0875190396497,11
2024-09-17 11:46:53.123000,414.1022807041825,14
2024-09-17 11:46:53.187000,414.13633195775736,5
2024-09-17 11:46:53.229000,414.1620193956833,995
2024-09-17 11:46:53.276000,414.1106845041861,99
2024-09-17 11:46:53.353000,414.1032004318228,103
2024-09-17 11:46:53.390000,414.1274407261332,999
2024-09-17 11:46:53.402000,414.1028154232087,13
2024-09-17 11:46:53.421000,414.10196456530616,1003
2024-09-17 11:46:53.554000,414.1224634225515,105
2024-09-17 11:46:53.598000,414.1255551380427,15
2024-09-17 11:46:53.599000,414.07830448048617,999
2024-09-17 11:46:53.652000,414.1012612256392,96
2024-09-17 11:46:53.734000,414.1366880317976,100
2024-09-17 11:46:53.739000,414.1477738429133,1003
2024-09-17 11:46:53.753000,414.12245964720046,5
2024-09-17 11:46:53.835000,414.0703919765149,995
2024-09-17 11:46:53.843000,414.1408007991274,100
2024-09-17 11:46:53.977000,414.0804805922879,998
2024-09-17 11:46:54,414.1156280296501,999
2024-09-17 11:46:54.045000,414.11556488054174,95
2024-09-17 11:46:54.384000,414.1057811495156,99
2024-09-17 11:46:54.386000,414.1229686678157,5
2024-09-17 11:46:54.599000,414.1123407098642,1002
2024-09-17 11:46:54.627000,414.1309975084239,10
2024-09-17 11:46:54.672000,414.1226665770757,1001
2024-09-17 11:46:54.708000,414.13092975714113,103
2024-09-17 11:46:55.056000,414.1262653921309,998
2024-09-17 11:46:55.090000,414.0977421399795,15
2024-09-17 11:46:55.236000,414.1290259907818,97
2024-09-17 11:46:55.397000,414.1211301221951,1000
2024-09-17 11:46:55.498000,414.10854221526034,95
2024-09-17 11:46:55.692000,414.1131648334933,10
2024-09-17 11:46:55.701000,414.1318373110588,998
2024-09-17 11:46:55.713000,414.11596468873887,98
2024-09-17 11:46:55.760000,414.1006532404781,995
2024-09-17 11:46:55.894000,414.1293852018232,11
2024-09-17 11:46:55.953000,414.1213791774432,8
2024-09-17 11:46:56.132000,414.071878066323,11
2024-09-17 11:46:56.138000,414.111138508289,1000
2024-09-17 11:46:56.145000,414.0472471653586,99
2024-09-17 11:46:56.236000,414.099722279816,96
2024-09-17 11:46:56.242000,414.09808378856025,5
2024-09-17 11:46:56.242000,414.070448865472,11
2024-09-17 11:46:56.257000,414.07773080487794,97
2024-09-17 11:46:56.311000,414.0955901404428,13
2024-09-17 11:46:56.365000,414.1060225613858,6
2024-09-17 11:46:56.367000,414.0618797355278,1005
2024-09-17 11:46:56.438000,414.0585273183188,5
2024-09-17 11:46:56.575000,414.0474199161199,98
2024-09-17 11:46:56.631000,414.10205972227294,1003
2024-09-17 11:46:56.653000,414.0722763021104,102
2024-09-17 11:46:56.659000,414.0701547558604,1003
2024-09-17 11:46:56.662000,414.07980545190463,997
2024-09-17 11:46:56.695000,414.1095421477351,95
2024-09-17 11:46:56.738000,414.0626806888636,100
2024-09-17 11:46:56.768000,414.0367712492889,104
2024-09-17 11:46:56.779000,414.07753657654666,15
2024-09-17 11:46:56.796000,414.0996536224138,1004
2024-09-17 11:46:56.803000,414.0625672072598,100
2024-09-17 11:46:56.804000,414.08198107000976,103
2024-09-17 11:46:56.822000,414.1034761681132,100
2024-09-17 11:46:56.866000,414.1079375955976,103
2024-09-17 11:46:56.935000,414.0633064085542,103
2024-09-17 11:46:56.992000,414.0739908356446,97
2024-09-17 11:46:57.859000,414.06275658509946,104
2024-09-17 11:46:57.887000,414.0647749360263,1005
2024-09-17 11:46:58.074000,413.9537118076241,12
2024-09-17 11:46:58.085000,414.0413910136461,9
2024-09-17 11:46:58.125000,413.9346451732759,1004
2024-09-17 11:46:58.173000,413.9208253054062,1001
2024-09-17 11:46:58.219000,413.98106968987054,9
2024-09-17 11:46:58.273000,413.9797529398432,999
2024-09-17 11:46:58.336000,414.0064337784808,6
2024-09-17 11:46:58.348000,413.96361045149496,97
2024-09-17 11:46:58.361000,413.9416509031762,999
2024-09-17 11:46:58.484000,414.0032930366149,1004
2024-09-17 11:46:58.533000,414.0410514250901,101
2024-09-17 11:46:58.579000,413.92674235058655,1004
2024-09-17 11:46:58.586000,414.014451997321,14
2024-09-17 11:46:58.597000,413.98819924193975,1004
2024-09-17 11:46:58.643000,413.9724947993439,995
2024-09-17 11:46:58.697000,413.9582549404616,101
2024-09-17 11:46:58.740000,413.9790524261447,997
2024-09-17 11:46:58.823000,413.9173018899895,997
2024-09-17 11:46:58.854000,414.02087420177367,12
2024-09-17 11:46:58.941000,413.9387991735911,95
2024-09-17 11:46:59.053000,413.9079024088216,999
2024-09-17 11:46:59.109000,413.9153017527693,11
2024-09-17 11:46:59.121000,413.9577485033239,1002
2024-09-17 11:46:59.229000,413.9708773986544,101
2024-09-17 11:46:59.401000,413.9572723737902,7
2024-09-17 11:46:59.456000,413.9579350955711,999
2024-09-17 11:46:59.456000,413.9276494997103,15
2024-09-17 11:46:59.485000,413.9032917995965,1002
2024-09-17 11:46:59.508000,413.9099646690804,996
2024-09-17 11:46:59.617000,413.9141226392081,999
2024-09-17 11:46:59.638000,413.9556960585558,1000
2024-09-17 11:46:59.652000,413.9318422011402,995
2024-09-17 11:46:59.709000,413.90359108297656,1002
2024-09-17 11:46:59.711000,413.9367653192422,97
2024-09-17 11:46:59.790000,413.93719357392746,6
2024-09-17 11:46:59.892000,413.9054250411532,1004
2024-09-17 11:46:59.929000,413.9019312963719,96
2024-09-17 11:46:59.958000,413.9674955251912,1004
2024-09-17 11:46:59.999000,413.972236171685,105
