Timestamp,Price,Size
2024-09-18 15:25:00.019000,410.2394189158797,1001
2024-09-18 15:25:00.050000,416.7909317751706,97
2024-09-18 15:25:00.203000,416.8011719564042,1005
2024-09-18 15:25:00.248000,416.8000118918231,995
2024-09-18 15:25:00.254000,416.8064856239963,9
2024-09-18 15:25:00.496000,416.8005083604164,99
2024-09-18 15:25:00.563000,416.8171850928842,12
2024-09-18 15:25:00.634000,416.82893379145895,98
2024-09-18 15:25:00.651000,416.79812745641766,96
2024-09-18 15:25:00.802000,416.7903641962998,97
2024-09-18 15:25:00.817000,416.8050622862272,15
2024-09-18 15:25:00.845000,416.8247933669473,1005
2024-09-18 15:25:01.012000,416.7926779087156,1002
2024-09-18 15:25:01.125000,416.80801979396193,96
2024-09-18 15:25:01.200000,416.79116439813095,103
2024-09-18 15:25:01.269000,416.7865430194935,7
2024-09-18 15:25:01.298000,410.1723332009245,10
2024-09-18 15:25:01.385000,416.7996858793524,1005
2024-09-18 15:25:01.681000,416.8119934919698,7
2024-09-18 15:25:01.701000,416.8191864817723,103
2024-09-18 15:25:01.750000,416.82687950702297,98
2024-09-18 15:25:01.769000,416.8320928647661,998
2024-09-18 15:25:01.800000,416.79861940674857,102
2024-09-18 15:25:01.847000,416.7984181183095,97
2024-09-18 15:25:02.031000,416.7799988935129,1005
2024-09-18 15:25:02.225000,416.7654024214309,6
2024-09-18 15:25:02.417000,416.7782270184654,1004
2024-09-18 15:25:02.985000,416.7900291348884,13
2024-09-18 15:25:03.072000,416.7477588374769,1004
2024-09-18 15:25:03.153000,416.7798117832819,99
2024-09-18 15:25:03.331000,416.740885858715,14
2024-09-18 15:25:03.373000,416.743302770975,7
2024-09-18 15:25:03.476000,416.73357329905343,996
2024-09-18 15:25:03.585000,416.7689246288663,12
2024-09-18 15:25:04.029000,416.63470500367566,11
2024-09-18 15:25:04.060000,416.6042925075657,97
2024-09-18 15:25:04.062000,416.6481610873464,998
2024-09-18 15:25:04.088000,416.6886588682237,15
2024-09-18 15:25:04.207000,416.63800728439855,9
2024-09-18 15:25:04.216000,416.6715465636122,12
2024-09-18 15:25:04.224000,416.6099039092409,97
2024-09-18 15:25:04.260000,416.6054386000922,996
2024-09-18 15:25:04.261000,416.6145485521765,15
2024-09-18 15:25:04.313000,416.6462543233709,100
2024-09-18 15:25:04.361000,416.6183477931161,96
2024-09-18 15:25:04.385000,416.6306027833742,97
2024-09-18 15:25:04.404000,416.731186174017,996
2024-09-18 15:25:04.443000,416.6312116311385,15
2024-09-18 15:25:04.482000,416.6762043499065,9
2024-09-18 15:25:04.552000,416.6362546527442,998
2024-09-18 15:25:04.649000,416.6934363326069,998
2024-09-18 15:25:04.668000,409.9943856197928,11
2024-09-18 15:25:04.707000,416.69523358196426,5
2024-09-18 15:25:04.722000,416.6718982082552,105
2024-09-18 15:25:04.737000,416.6230223300325,98
2024-09-18 15:25:04.871000,416.6143249554145,97
2024-09-18 15:25:04.947000,416.6417295546009,15
2024-09-18 15:25:05.022000,416.7672211447533,14
2024-09-18 15:25:05.038000,416.73286810634886,8
2024-09-18 15:25:05.159000,416.72562708964927,5
2024-09-18 15:25:05.163000,416.6572154596773,9
2024-09-18 15:25:05.253000,416.62762502494826,997
2024-09-18 15:25:05.282000,416.7034696803204,103
2024-09-18 15:25:05.301000,416.6941591244586,96
2024-09-18 15:25:05.328000,416.7043365723624,12
2024-09-18 15:25:05.426000,416.761821090721,996
2024-09-18 15:25:05.618000,416.7221866133631,8
2024-09-18 15:25:05.693000,416.70663006630525,104
2024-09-18 15:25:05.700000,416.7096870894285,11
2024-09-18 15:25:05.718000,416.6808791300301,96
2024-09-18 15:25:05.725000,416.657335082808,103
2024-09-18 15:25:05.763000,416.7472630921192,102
2024-09-18 15:25:05.792000,416.7364172149331,102
2024-09-18 15:25:05.821000,416.756545811568,7
2024-09-18 15:25:05.850000,416.7317070397925,1002
2024-09-18 15:25:05.881000,416.7471359549758,104
2024-09-18 15:25:05.886000,416.7129816931933,95
2024-09-18 15:25:05.946000,416.6999399529916,1001
2024-09-18 15:25:06.003000,416.7631964209229,9
2024-09-18 15:25:06.263000,416.7729170510141,7
2024-09-18 15:25:06.290000,416.77845879421807,10
2024-09-18 15:25:06.302000,416.7779956212584,102
2024-09-18 15:25:06.396000,416.778814673384,101
2024-09-18 15:25:06.510000,416.7754431932236,1004
2024-09-18 15:25:06.578000,416.7712316889609,96
2024-09-18 15:25:06.647000,416.75909363069934,997
2024-09-18 15:25:06.724000,416.785736824837,8
2024-09-18 15:25:06.725000,416.7692063312503,10
2024-09-18 15:25:06.925000,416.7620546299244,7
2024-09-18 15:25:07.083000,416.7798343533743,104
2024-09-18 15:25:07.266000,416.76307352918,101
2024-09-18 15:25:07.445000,416.7849327522949,97
2024-09-18 15:25:07.480000,416.7718325252684,99
2024-09-18 15:25:07.591000,416.78931732952464,98
2024-09-18 15:25:07.627000,416.7720032468785,12
2024-09-18 15:25:07.786000,416.7919794762198,1004
2024-09-18 15:25:08.005000,416.8035417278962,1000
2024-09-18 15:25:08.203000,416.8115340289179,12
2024-09-18 15:25:08.508000,416.8029073148796,12
2024-09-18 15:25:08.743000,416.7986012640375,1005
2024-09-18 15:25:08.847000,416.7988572701476,998
2024-09-18 15:25:09,416.7984298767483,999
2024-09-18 15:25:09.044000,416.8004250470995,1003
2024-09-18 15:25:09.180000,416.7923694879202,9
2024-09-18 15:25:09.317000,416.8052143530545,1003
2024-09-18 15:25:09.348000,416.8033190566455,105
2024-09-18 15:25:09.352000,416.8162868258143,995
2024-09-18 15:25:09.386000,416.8088714608928,9
2024-09-18 15:25:09.418000,416.7837346262278,9
2024-09-18 15:25:09.434000,416.7957415607023,1004
2024-09-18 15:25:09.466000,416.7826114819906,999
2024-09-18 15:25:09.547000,416.7862654661545,99
2024-09-18 15:25:09.708000,416.80610576448345,1002
2024-09-18 15:25:09.761000,416.8254785491481,96
2024-09-18 15:25:09.844000,416.8165092950279,15
2024-09-18 15:25:09.848000,416.77384612245385,1000
2024-09-18 15:25:09.859000,416.8124977695325,14
2024-09-18 15:25:09.901000,416.8084748713958,1000
2024-09-18 15:25:09.939000,416.7812975670285,999
2024-09-18 15:25:09.978000,416.7979673880931,101
2024-09-18 15:25:10.393000,416.797570627829,97
2024-09-18 15:25:10.505000,416.8016864796125,1000
2024-09-18 15:25:10.513000,416.79334092021327,99
2024-09-18 15:25:10.514000,416.8177363956404,104
2024-09-18 15:25:10.765000,416.8219887989666,1003
2024-09-18 15:25:10.912000,416.8152781869776,995
2024-09-18 15:25:11.198000,416.86982604159226,101
2024-09-18 15:25:11.217000,416.91129525094834,13
2024-09-18 15:25:11.225000,416.8129043678642,1004
2024-09-18 15:25:11.254000,416.8428768133534,14
2024-09-18 15:25:11.254000,416.7461249747184,15
2024-09-18 15:25:11.292000,416.7906029298409,6
2024-09-18 15:25:11.358000,416.79143385701786,14
2024-09-18 15:25:11.489000,416.8393572183625,998
2024-09-18 15:25:11.566000,416.7621681384139,8
2024-09-18 15:25:11.629000,416.91448782720704,1002
2024-09-18 15:25:11.629000,416.9009332116087,12
2024-09-18 15:25:11.637000,416.8268079347244,15
2024-09-18 15:25:11.656000,416.7853313494344,97
2024-09-18 15:25:11.848000,416.7746298250957,999
2024-09-18 15:25:11.916000,416.7563446608256,10
2024-09-18 15:25:11.926000,416.79548531108975,102
2024-09-18 15:25:11.957000,416.7959281514969,996
2024-09-18 15:25:12.012000,416.8898037497349,6
2024-09-18 15:25:12.051000,416.894528047791,5
2024-09-18 15:25:12.132000,416.8886123465597,105
2024-09-18 15:25:12.216000,416.8745698523844,100
2024-09-18 15:25:12.234000,416.8938314588818,98
2024-09-18 15:25:12.345000,416.9015045025681,1001
2024-09-18 15:25:12.452000,416.9019580861316,997
2024-09-18 15:25:12.472000,416.89638317813547,14
2024-09-18 15:25:12.494000,416.87755323983794,97
2024-09-18 15:25:12.529000,416.8972041194472,98
2024-09-18 15:25:12.705000,416.9004484759597,102
2024-09-18 15:25:12.760000,416.8692890023081,999
2024-09-18 15:25:12.786000,416.8714762833534,100
2024-09-18 15:25:12.935000,416.91246052331854,8
2024-09-18 15:25:13.078000,416.8101282877506,101
2024-09-18 15:25:13.147000,416.8555928557431,998
2024-09-18 15:25:13.196000,416.821971794284,10
2024-09-18 15:25:13.314000,416.8232849074441,1001
2024-09-18 15:25:13.357000,416.8230298607088,997
2024-09-18 15:25:13.483000,416.8308504631767,10
2024-09-18 15:25:13.785000,416.8744336429742,1002
2024-09-18 15:25:14.078000,416.800422353939,101
2024-09-18 15:25:14.117000,416.7064377434023,96
2024-09-18 15:25:14.122000,416.78329004965633,1004
2024-09-18 15:25:14.240000,416.7739868252419,102
2024-09-18 15:25:14.244000,416.69495190572144,6
2024-09-18 15:25:14.291000,416.78314598067817,995
2024-09-18 15:25:14.296000,416.7451811525244,995
2024-09-18 15:25:14.343000,416.7348344676208,7
2024-09-18 15:25:14.367000,416.7471138119014,98
2024-09-18 15:25:14.378000,416.725305255956,97
2024-09-18 15:25:14.385000,416.7840470102086,999
2024-09-18 15:25:14.495000,416.8005293190973,13
2024-09-18 15:25:14.508000,416.7547973444629,101
2024-09-18 15:25:14.537000,416.7779122786349,1001
2024-09-18 15:25:14.607000,416.74549685179966,100
2024-09-18 15:25:14.627000,416.7256964759689,1000
2024-09-18 15:25:14.654000,416.7846484239384,103
2024-09-18 15:25:14.686000,416.7210481274727,6
2024-09-18 15:25:14.733000,416.784820551244,99
2024-09-18 15:25:14.764000,416.7769904405818,101
2024-09-18 15:25:14.779000,416.8019848998554,1002
2024-09-18 15:25:14.828000,416.7252990188272,5
2024-09-18 15:25:14.839000,416.7501683923168,10
2024-09-18 15:25:14.844000,416.7068202288795,5
2024-09-18 15:25:14.851000,416.7476140017765,100
2024-09-18 15:25:14.879000,416.7150746177058,6
2024-09-18 15:25:14.964000,416.74474178584967,8
2024-09-18 15:25:15.002000,416.6861232406445,14
2024-09-18 15:25:15.038000,416.65210480033664,105
2024-09-18 15:25:15.039000,416.625582357024,999
2024-09-18 15:25:15.093000,416.6298660709601,98
2024-09-18 15:25:15.307000,416.66184130190254,7
2024-09-18 15:25:15.360000,416.5531295455485,104
2024-09-18 15:25:15.494000,416.61004530237,1003
2024-09-18 15:25:15.535000,416.5418810752738,101
2024-09-18 15:25:15.555000,416.6451086559522,1004
2024-09-18 15:25:15.570000,416.5879295351207,5
2024-09-18 15:25:15.632000,409.7698264024773,9
2024-09-18 15:25:15.644000,416.5452995840296,11
2024-09-18 15:25:15.703000,416.5827230557544,1004
2024-09-18 15:25:15.734000,416.6440806842217,101
2024-09-18 15:25:15.751000,416.5835219414722,1002
2024-09-18 15:25:15.788000,416.5501251261168,12
2024-09-18 15:25:15.805000,409.7468423978201,101
2024-09-18 15:25:15.813000,416.59239514140125,13
2024-09-18 15:25:15.861000,416.53164797508754,6
2024-09-18 15:25:15.902000,416.5682788918243,104
2024-09-18 15:25:15.932000,416.6709621320946,1000
2024-09-18 15:25:16.008000,416.5218034357526,15
2024-09-18 15:25:16.015000,416.5636113846873,995
2024-09-18 15:25:16.051000,416.5768801461114,8
2024-09-18 15:25:16.322000,416.5566724654765,9
2024-09-18 15:25:16.396000,416.5725970015762,13
2024-09-18 15:25:16.406000,416.58564364194746,998
2024-09-18 15:25:16.407000,416.5730769281967,998
2024-09-18 15:25:16.468000,416.5335405116211,101
2024-09-18 15:25:16.478000,416.5292703726609,97
2024-09-18 15:25:16.482000,416.5800968385502,7
2024-09-18 15:25:16.624000,416.5734443708603,105
2024-09-18 15:25:16.667000,416.57543817792055,100
2024-09-18 15:25:16.688000,416.5633274649735,102
2024-09-18 15:25:16.734000,416.5819651081292,5
2024-09-18 15:25:16.802000,416.5377412349538,10
2024-09-18 15:25:17.017000,416.55164762822153,997
2024-09-18 15:25:17.040000,416.5658114531875,998
2024-09-18 15:25:17.051000,416.5790511199727,1000
2024-09-18 15:25:17.088000,416.5676381003166,100
2024-09-18 15:25:17.107000,416.5789970160848,97
2024-09-18 15:25:17.156000,416.5831480089649,1005
2024-09-18 15:25:17.295000,409.7046013350896,998
2024-09-18 15:25:17.334000,416.5597561667385,8
2024-09-18 15:25:17.361000,416.5967695213304,105
2024-09-18 15:25:17.426000,416.5550650509397,99
2024-09-18 15:25:17.521000,416.5556737012021,997
2024-09-18 15:25:17.571000,416.5820022269427,1003
2024-09-18 15:25:17.643000,416.576623637013,102
2024-09-18 15:25:17.691000,416.5764647299389,6
2024-09-18 15:25:17.703000,416.5326805403441,998
2024-09-18 15:25:17.833000,416.5517913540419,97
2024-09-18 15:25:17.868000,416.575253283428,14
2024-09-18 15:25:18.056000,416.5999495804506,102
2024-09-18 15:25:18.867000,416.59462352550986,103
2024-09-18 15:25:19.021000,416.5957223536583,13
2024-09-18 15:25:19.051000,416.6084611148858,1000
2024-09-18 15:25:19.114000,416.6035455362212,95
2024-09-18 15:25:19.223000,416.6217063834985,997
2024-09-18 15:25:19.283000,416.60131499837695,1000
2024-09-18 15:25:19.460000,416.6086425089954,104
2024-09-18 15:25:19.691000,416.6607925618197,7
2024-09-18 15:25:19.795000,416.6547121150677,11
2024-09-18 15:25:19.845000,416.64879698516427,11
2024-09-18 15:25:19.908000,416.5986765109884,97
2024-09-18 15:25:19.915000,416.6473410886777,96
2024-09-18 15:25:19.986000,416.6562191512218,96
2024-09-18 15:25:20.075000,416.6535733814852,104
2024-09-18 15:25:20.083000,416.6480898933708,101
2024-09-18 15:25:20.150000,416.6442162664598,1000
2024-09-18 15:25:20.193000,416.64092371103504,100
2024-09-18 15:25:20.320000,416.6440700880588,102
2024-09-18 15:25:20.400000,416.64566262928383,1000
2024-09-18 15:25:20.630000,416.629027547167,997
2024-09-18 15:25:20.677000,416.66520930891375,10
2024-09-18 15:25:20.980000,409.71969612946697,996
2024-09-18 15:25:21.083000,416.6447676187291,104
2024-09-18 15:25:21.109000,416.58758023086574,14
2024-09-18 15:25:21.210000,416.6046423129003,13
2024-09-18 15:25:21.225000,416.6273081155565,96
2024-09-18 15:25:21.244000,416.5933357340445,97
2024-09-18 15:25:21.289000,416.61694437156297,97
2024-09-18 15:25:21.321000,416.5790346384731,102
2024-09-18 15:25:21.347000,416.5608212887162,11
2024-09-18 15:25:21.387000,416.6212501947167,5
2024-09-18 15:25:21.446000,416.64322124865066,96
2024-09-18 15:25:21.635000,416.6061465928615,14
2024-09-18 15:25:21.653000,416.60576189937854,96
2024-09-18 15:25:21.684000,416.5872833891066,98
2024-09-18 15:25:21.700000,416.6489643836087,103
2024-09-18 15:25:21.774000,416.6112688968372,14
2024-09-18 15:25:21.869000,416.62246721757816,103
2024-09-18 15:25:21.870000,416.64171509283847,96
2024-09-18 15:25:21.982000,416.61074709465527,102
2024-09-18 15:25:22.114000,416.6051267103993,1003
2024-09-18 15:25:22.284000,416.5830315689382,101
2024-09-18 15:25:22.341000,416.6002028579457,13
2024-09-18 15:25:22.386000,416.5689594112548,999
2024-09-18 15:25:22.434000,416.56090803915936,5
2024-09-18 15:25:22.441000,416.5834722619173,995
2024-09-18 15:25:22.446000,416.5589751460362,98
2024-09-18 15:25:22.458000,416.6049973469426,97
2024-09-18 15:25:22.573000,416.5642314083988,1002
2024-09-18 15:25:22.695000,416.5550860818256,1000
2024-09-18 15:25:22.735000,416.573080030829,5
2024-09-18 15:25:22.899000,416.54980144745485,996
2024-09-18 15:25:22.973000,416.60654252336906,96
2024-09-18 15:25:23.069000,416.608585998379,102
2024-09-18 15:25:23.212000,416.566487964334,12
2024-09-18 15:25:23.222000,416.5972897956769,999
2024-09-18 15:25:23.245000,416.574098227676,5
2024-09-18 15:25:23.308000,416.5912445960291,96
2024-09-18 15:25:23.313000,416.5791099480082,10
2024-09-18 15:25:23.367000,416.5519569968696,1000
2024-09-18 15:25:23.392000,416.5854882247146,96
2024-09-18 15:25:23.492000,416.55837766332735,1003
2024-09-18 15:25:23.510000,416.6098592388024,10
2024-09-18 15:25:23.527000,416.57446439065785,1001
2024-09-18 15:25:23.598000,416.5761067445911,96
2024-09-18 15:25:23.601000,416.5830000254852,997
2024-09-18 15:25:23.623000,416.5822617691939,100
2024-09-18 15:25:23.627000,416.5790971113304,98
2024-09-18 15:25:23.662000,416.5570937786195,11
2024-09-18 15:25:23.714000,416.5577453529619,100
2024-09-18 15:25:23.783000,416.5740730396343,103
2024-09-18 15:25:23.802000,416.5716364072478,1005
2024-09-18 15:25:23.814000,416.558724354101,9
2024-09-18 15:25:23.823000,416.57817830967855,12
2024-09-18 15:25:23.871000,416.5778894330029,13
2024-09-18 15:25:23.878000,416.5876946260424,996
2024-09-18 15:25:23.899000,416.5723697552857,7
2024-09-18 15:25:23.924000,416.57700826945097,999
2024-09-18 15:25:24.028000,416.6052126394505,97
2024-09-18 15:25:24.048000,416.6032737626745,996
2024-09-18 15:25:24.086000,416.5257289481565,13
2024-09-18 15:25:24.181000,416.5784213252479,996
2024-09-18 15:25:24.207000,416.5729217982276,96
2024-09-18 15:25:24.289000,416.5950915811841,99
2024-09-18 15:25:24.335000,416.57353624379306,98
2024-09-18 15:25:24.356000,416.5672237671836,8
2024-09-18 15:25:24.426000,416.56797515659946,95
2024-09-18 15:25:24.452000,416.5947216601376,1002
2024-09-18 15:25:24.470000,416.5872588823386,97
2024-09-18 15:25:24.496000,416.57419048785965,1005
2024-09-18 15:25:24.527000,416.572925123458,13
2024-09-18 15:25:24.541000,416.5941780354115,7
2024-09-18 15:25:24.544000,416.5840872877767,102
2024-09-18 15:25:24.669000,416.5852036473512,11
2024-09-18 15:25:24.700000,416.5597852666015,14
2024-09-18 15:25:24.720000,416.5285228929826,105
2024-09-18 15:25:24.808000,416.5608311739987,7
2024-09-18 15:25:24.819000,416.5739934728135,95
2024-09-18 15:25:24.826000,416.5993611892545,13
2024-09-18 15:25:24.840000,416.5575786594591,8
2024-09-18 15:25:24.870000,416.56865099387016,102
2024-09-18 15:25:24.901000,416.5998779512717,14
2024-09-18 15:25:24.978000,416.5723079184056,103
2024-09-18 15:25:25.017000,416.5358777480889,96
2024-09-18 15:25:25.082000,416.56000584552106,1003
2024-09-18 15:25:25.089000,416.5010408652146,5
2024-09-18 15:25:25.094000,416.5991526117555,1004
2024-09-18 15:25:25.119000,416.4953786093189,15
2024-09-18 15:25:25.139000,416.5094961967103,14
2024-09-18 15:25:25.177000,416.534795985071,102
2024-09-18 15:25:25.230000,416.55356359083873,8
2024-09-18 15:25:25.269000,416.5109112025957,998
2024-09-18 15:25:25.301000,416.6030455351394,1001
2024-09-18 15:25:25.315000,416.5471263642729,1001
2024-09-18 15:25:25.323000,416.5081783007043,14
2024-09-18 15:25:25.378000,416.4959861896596,105
2024-09-18 15:25:25.378000,416.5281844436512,14
2024-09-18 15:25:25.398000,416.6077200411997,8
2024-09-18 15:25:25.435000,416.5362404172472,12
2024-09-18 15:25:25.499000,416.5852915181183,10
2024-09-18 15:25:25.552000,416.497818234165,9
2024-09-18 15:25:25.557000,416.4782458583165,104
2024-09-18 15:25:25.615000,416.5368606233983,1002
2024-09-18 15:25:25.631000,416.5358674544565,1002
2024-09-18 15:25:25.635000,416.5316099354768,6
2024-09-18 15:25:25.694000,416.5338681711003,1005
2024-09-18 15:25:25.775000,416.5334581340896,103
2024-09-18 15:25:25.788000,416.5161130191756,996
2024-09-18 15:25:25.844000,416.58453561009776,9
2024-09-18 15:25:25.900000,416.5816383867958,9
2024-09-18 15:25:25.930000,416.4715152618117,14
2024-09-18 15:25:25.999000,416.5296817174634,105
2024-09-18 15:25:26.100000,416.5140052683276,95
2024-09-18 15:25:26.158000,416.5262299155301,103
2024-09-18 15:25:26.163000,416.5444464595879,101
2024-09-18 15:25:26.211000,416.50242376623737,11
2024-09-18 15:25:26.230000,416.52363388770647,10
2024-09-18 15:25:26.234000,416.46188349339616,97
2024-09-18 15:25:26.262000,416.49502482468665,12
2024-09-18 15:25:26.345000,416.53802308404295,1005
2024-09-18 15:25:26.361000,416.47749214390274,999
2024-09-18 15:25:26.362000,416.5228175337753,104
2024-09-18 15:25:26.366000,416.5364133854414,1002
2024-09-18 15:25:26.423000,416.51919910006256,10
2024-09-18 15:25:26.499000,416.501262819682,1002
2024-09-18 15:25:26.554000,416.5400325003915,996
2024-09-18 15:25:26.556000,416.5237369481848,999
2024-09-18 15:25:26.562000,416.51474794561295,1005
2024-09-18 15:25:26.578000,416.54219609145866,11
2024-09-18 15:25:26.713000,416.4734399246254,1005
2024-09-18 15:25:26.713000,416.5152784572088,95
2024-09-18 15:25:26.761000,416.5219555381573,1000
2024-09-18 15:25:26.761000,416.4594091563326,104
2024-09-18 15:25:26.863000,416.5430492828928,8
2024-09-18 15:25:26.890000,416.47349465220566,1002
2024-09-18 15:25:26.948000,416.4417276126483,998
2024-09-18 15:25:26.962000,416.5320249988587,1003
2024-09-18 15:25:27.104000,416.4715193017663,996
2024-09-18 15:25:27.142000,416.43987628632186,10
2024-09-18 15:25:27.246000,416.4527075396833,1000
2024-09-18 15:25:27.325000,416.5396464355604,9
2024-09-18 15:25:27.378000,416.4718515171128,10
2024-09-18 15:25:27.507000,416.4433684750595,101
2024-09-18 15:25:27.512000,416.4456974305301,1003
2024-09-18 15:25:27.514000,416.4896482906409,1002
2024-09-18 15:25:27.537000,416.5057270085079,10
2024-09-18 15:25:27.581000,416.5292392965681,14
2024-09-18 15:25:27.610000,416.43788201020567,96
2024-09-18 15:25:27.631000,416.4571672445727,102
2024-09-18 15:25:27.664000,416.4290242279748,7
2024-09-18 15:25:27.760000,416.4537375679406,1003
2024-09-18 15:25:27.947000,416.4481552451985,1000
2024-09-18 15:25:28.123000,416.5395173105904,997
2024-09-18 15:25:28.130000,416.53410633824336,997
2024-09-18 15:25:28.169000,416.5456610879606,1000
2024-09-18 15:25:28.303000,416.5238547638313,97
2024-09-18 15:25:28.513000,416.53846986453993,12
2024-09-18 15:25:28.514000,416.6062148037324,95
2024-09-18 15:25:28.525000,416.5939519635271,996
2024-09-18 15:25:28.644000,416.6004605314457,1005
2024-09-18 15:25:28.720000,416.53674651338827,1004
2024-09-18 15:25:28.738000,416.5305743433583,10
2024-09-18 15:25:28.778000,416.57920810260566,995
2024-09-18 15:25:28.817000,416.569617425005,998
2024-09-18 15:25:28.916000,416.55034841058847,1001
2024-09-18 15:25:28.959000,416.5458889549276,97
2024-09-18 15:25:28.986000,416.5900152898496,1000
2024-09-18 15:25:29.001000,416.5293265310946,15
2024-09-18 15:25:29.102000,416.5485302424748,95
2024-09-18 15:25:29.249000,416.50193368351705,1000
2024-09-18 15:25:29.279000,416.6004498698344,96
2024-09-18 15:25:29.426000,416.5922958917008,15
2024-09-18 15:25:29.465000,416.56795713574894,1000
2024-09-18 15:25:29.470000,416.5291787662318,99
2024-09-18 15:25:29.496000,416.5770144121018,14
2024-09-18 15:25:29.542000,416.5512483424012,8
2024-09-18 15:25:29.586000,416.4773809244049,998
2024-09-18 15:25:29.645000,416.5792075730976,105
2024-09-18 15:25:29.664000,416.5437602937295,13
2024-09-18 15:25:29.793000,416.57558253541873,100
2024-09-18 15:25:29.920000,416.52930197891857,97
2024-09-18 15:25:29.923000,416.528654049664,104
2024-09-18 15:25:29.949000,416.594973964059,98
2024-09-18 15:25:30.409000,416.5531630443456,5
2024-09-18 15:25:30.750000,416.50808858701686,1001
2024-09-18 15:25:30.959000,416.5331087292845,15
2024-09-18 15:25:31.150000,416.55096533495794,95
2024-09-18 15:25:31.310000,416.5704846558533,99
2024-09-18 15:25:31.415000,416.5480715612232,997
2024-09-18 15:25:31.432000,416.56106806827336,9
2024-09-18 15:25:31.445000,416.5121195545421,104
2024-09-18 15:25:31.450000,416.5420155551093,1005
2024-09-18 15:25:31.503000,416.5533176278528,1005
2024-09-18 15:25:31.634000,416.5506821661239,15
2024-09-18 15:25:31.809000,416.54391722531136,1002
2024-09-18 15:25:31.814000,416.5523273122545,998
2024-09-18 15:25:31.819000,416.5549898434706,103
2024-09-18 15:25:31.821000,416.5606134967349,8
2024-09-18 15:25:31.829000,416.5644698985116,95
2024-09-18 15:25:31.833000,416.54662543329135,103
2024-09-18 15:25:31.852000,416.5450292072299,101
2024-09-18 15:25:31.898000,416.5837863902147,7
2024-09-18 15:25:31.909000,416.5526248633243,105
2024-09-18 15:25:32.043000,416.5465491613247,997
2024-09-18 15:25:32.138000,416.54184449177785,95
2024-09-18 15:25:32.194000,416.5513753152695,6
2024-09-18 15:25:32.197000,416.5310343052429,12
2024-09-18 15:25:32.202000,416.51215349231353,999
2024-09-18 15:25:32.299000,416.5408426944114,13
2024-09-18 15:25:32.341000,416.5445920403022,1000
2024-09-18 15:25:32.382000,416.5372695332754,14
2024-09-18 15:25:32.434000,416.5451406895531,1005
2024-09-18 15:25:32.564000,416.5163351832677,998
2024-09-18 15:25:32.643000,416.5516313533947,995
2024-09-18 15:25:32.696000,416.540843937326,10
2024-09-18 15:25:32.704000,416.5520267162111,98
2024-09-18 15:25:32.805000,416.5288662074942,103
2024-09-18 15:25:32.901000,416.53910720015614,11
2024-09-18 15:25:32.901000,416.5465687504984,105
2024-09-18 15:25:32.954000,416.5475317105133,7
2024-09-18 15:25:32.972000,416.5320266598764,1003
2024-09-18 15:25:33.043000,416.5448939122402,1001
2024-09-18 15:25:33.283000,409.7462920107484,1003
2024-09-18 15:25:34.122000,416.5660366512351,8
2024-09-18 15:25:34.171000,416.5538819706042,15
2024-09-18 15:25:34.586000,416.547086484957,1003
2024-09-18 15:25:34.903000,416.5396380326311,1005
2024-09-18 15:25:34.919000,416.5589922142637,12
2024-09-18 15:25:35.183000,416.5150485864218,98
2024-09-18 15:25:35.306000,416.5297405438597,1002
2024-09-18 15:25:35.339000,416.5101339789889,15
2024-09-18 15:25:35.367000,416.5597348133581,9
2024-09-18 15:25:35.570000,416.51803749534855,1000
2024-09-18 15:25:35.602000,416.53039886885887,5
2024-09-18 15:25:35.644000,416.5198919371951,11
2024-09-18 15:25:35.660000,416.5292489399037,1001
2024-09-18 15:25:35.853000,416.53595030116776,101
2024-09-18 15:25:35.914000,416.53092874078703,8
2024-09-18 15:25:35.918000,416.5437398532928,998
2024-09-18 15:25:35.935000,416.5176587792247,6
2024-09-18 15:25:36.131000,416.5601778371306,95
2024-09-18 15:25:36.131000,416.5595495060426,6
2024-09-18 15:25:36.139000,416.59374439608473,102
2024-09-18 15:25:36.174000,416.5950255502542,13
2024-09-18 15:25:36.191000,416.5350547150308,99
2024-09-18 15:25:36.522000,416.6095435975023,12
2024-09-18 15:25:36.532000,416.5505321778982,999
2024-09-18 15:25:36.588000,416.5610801274063,1003
2024-09-18 15:25:36.625000,416.6195112488113,11
2024-09-18 15:25:36.626000,416.6083620920187,7
2024-09-18 15:25:36.699000,416.5638278568389,101
2024-09-18 15:25:36.752000,416.5636119552231,1005
2024-09-18 15:25:36.803000,416.6036086683952,95
2024-09-18 15:25:36.866000,416.6018447763908,96
2024-09-18 15:25:37.165000,416.5602501210618,996
2024-09-18 15:25:37.359000,416.57823203602345,995
2024-09-18 15:25:37.460000,416.5933612552493,1000
2024-09-18 15:25:37.648000,416.5944296014075,15
2024-09-18 15:25:37.724000,416.578050303572,998
2024-09-18 15:25:37.878000,416.5826594107064,999
2024-09-18 15:25:37.942000,416.587513989266,1001
2024-09-18 15:25:37.959000,416.56097203021744,104
2024-09-18 15:25:38.012000,416.58878971357086,1005
2024-09-18 15:25:38.035000,416.62502103752456,101
2024-09-18 15:25:38.076000,416.6084149823311,14
2024-09-18 15:25:38.081000,416.5972352052823,15
2024-09-18 15:25:38.086000,416.5639790169222,10
2024-09-18 15:25:38.102000,416.5846223585808,105
2024-09-18 15:25:38.241000,416.5839992291918,998
2024-09-18 15:25:38.255000,416.57531876061,96
2024-09-18 15:25:38.393000,416.61273201733337,105
2024-09-18 15:25:38.449000,416.6001957543957,1004
2024-09-18 15:25:38.455000,416.6041251203253,11
2024-09-18 15:25:38.521000,416.61626388905137,997
2024-09-18 15:25:38.591000,416.57907816950535,1002
2024-09-18 15:25:38.605000,416.612114818787,12
2024-09-18 15:25:38.660000,416.61129138758736,9
2024-09-18 15:25:38.727000,416.5755033770842,14
2024-09-18 15:25:38.857000,416.60217411069226,5
2024-09-18 15:25:38.884000,416.60157713330506,13
2024-09-18 15:25:38.891000,416.6095824029237,101
2024-09-18 15:25:38.902000,416.6090490710608,10
2024-09-18 15:25:38.904000,416.6221627037221,102
2024-09-18 15:25:39.015000,416.5709869396641,12
2024-09-18 15:25:39.159000,416.58329455850935,98
2024-09-18 15:25:39.225000,416.5879956315242,999
2024-09-18 15:25:39.272000,416.6048429496779,995
2024-09-18 15:25:39.314000,416.5918081641572,1000
2024-09-18 15:25:39.577000,416.6124583890005,12
2024-09-18 15:25:39.723000,416.5977749838035,7
2024-09-18 15:25:39.950000,416.5987821965493,97
2024-09-18 15:25:39.953000,416.6056007499757,97
2024-09-18 15:25:40.549000,416.5575315884873,101
2024-09-18 15:25:40.638000,416.5743652241589,999
2024-09-18 15:25:40.863000,416.5565571460706,101
2024-09-18 15:25:41.099000,416.582336648868,995
2024-09-18 15:25:41.464000,416.5742733771989,12
2024-09-18 15:25:41.486000,416.5457716441129,996
2024-09-18 15:25:41.502000,416.5656474005402,995
2024-09-18 15:25:41.643000,416.5463211156023,7
2024-09-18 15:25:41.674000,416.5637480394525,998
2024-09-18 15:25:41.722000,416.5774809132687,97
2024-09-18 15:25:41.739000,416.56333418675234,1001
2024-09-18 15:25:41.748000,416.5450780058718,8
2024-09-18 15:25:41.874000,416.58715355582814,998
2024-09-18 15:25:41.879000,416.5697174168224,99
2024-09-18 15:25:41.896000,416.5660235142776,996
2024-09-18 15:25:41.921000,416.5662000215457,103
2024-09-18 15:25:42.018000,416.6244823460244,103
2024-09-18 15:25:42.029000,416.592834859512,95
2024-09-18 15:25:42.064000,416.62603131909793,998
2024-09-18 15:25:42.290000,416.6207758331292,1005
2024-09-18 15:25:42.311000,416.586576864673,999
2024-09-18 15:25:42.351000,416.5701876276193,102
2024-09-18 15:25:42.518000,416.6152264846533,6
2024-09-18 15:25:43.162000,416.6699977588138,11
2024-09-18 15:25:43.315000,416.6496319722061,999
2024-09-18 15:25:43.373000,416.6804419380981,15
2024-09-18 15:25:43.749000,409.7159606434872,96
2024-09-18 15:25:43.811000,416.6332704835143,997
2024-09-18 15:25:43.850000,416.6515371052606,14
2024-09-18 15:25:44.107000,416.6990460249356,95
2024-09-18 15:25:44.121000,416.6840743276979,104
2024-09-18 15:25:44.169000,416.68845691286737,995
2024-09-18 15:25:44.276000,416.694980561671,1004
2024-09-18 15:25:44.405000,416.6999163716044,97
2024-09-18 15:25:44.503000,416.7053498549366,1002
2024-09-18 15:25:44.595000,416.69188210498055,102
2024-09-18 15:25:44.659000,416.7149469873041,104
2024-09-18 15:25:44.717000,416.6868586762768,101
2024-09-18 15:25:44.728000,416.694525426559,104
2024-09-18 15:25:44.920000,416.7034793588605,9
2024-09-18 15:25:44.954000,409.7662040382908,99
2024-09-18 15:25:45.041000,416.6883191518577,98
2024-09-18 15:25:45.131000,409.7534194137683,1005
2024-09-18 15:25:45.330000,416.7285135901524,9
2024-09-18 15:25:45.454000,416.7162762885649,15
2024-09-18 15:25:45.528000,416.7064915988721,996
2024-09-18 15:25:45.730000,416.7259671260818,14
2024-09-18 15:25:45.962000,416.71938200156336,1004
2024-09-18 15:25:45.969000,416.72102132677503,5
2024-09-18 15:25:46.238000,416.7450509606773,8
2024-09-18 15:25:46.243000,416.7351731708413,7
2024-09-18 15:25:46.365000,416.72581640000567,98
2024-09-18 15:25:46.572000,416.7406969820537,1000
2024-09-18 15:25:46.984000,416.7413031819862,14
2024-09-18 15:25:47.083000,416.7936247336903,96
2024-09-18 15:25:47.302000,416.7746845542509,98
2024-09-18 15:25:47.317000,416.7563002021198,996
2024-09-18 15:25:47.421000,416.7686498954811,12
2024-09-18 15:25:47.439000,416.7957143735644,8
2024-09-18 15:25:47.474000,416.7684532140957,14
2024-09-18 15:25:47.533000,416.7880034949283,6
2024-09-18 15:25:47.557000,416.78721142421,103
2024-09-18 15:25:47.609000,416.7792306771357,101
2024-09-18 15:25:47.733000,416.7828639856454,13
2024-09-18 15:25:47.794000,416.75690747770057,996
2024-09-18 15:25:47.876000,416.8009293977533,101
2024-09-18 15:25:47.878000,416.785568222468,99
2024-09-18 15:25:47.893000,416.7875532270949,95
2024-09-18 15:25:48.158000,416.8902175864579,1005
2024-09-18 15:25:48.160000,416.838118690743,7
2024-09-18 15:25:48.178000,416.8059043930243,105
2024-09-18 15:25:48.181000,416.84044632452736,101
2024-09-18 15:25:48.197000,416.8110436492319,8
2024-09-18 15:25:48.230000,416.8579899389508,95
2024-09-18 15:25:48.266000,416.8144874075856,98
2024-09-18 15:25:48.283000,416.8830466362438,15
2024-09-18 15:25:48.375000,416.85667057474313,98
2024-09-18 15:25:48.377000,416.86159849413343,999
2024-09-18 15:25:48.429000,416.8538976802005,14
2024-09-18 15:25:48.430000,416.8632850505122,999
2024-09-18 15:25:48.453000,416.87077921266825,100
2024-09-18 15:25:48.548000,416.8392402056756,11
2024-09-18 15:25:48.652000,416.8752002853668,15
2024-09-18 15:25:48.743000,416.8410989741911,12
2024-09-18 15:25:48.759000,416.8288431518446,105
2024-09-18 15:25:48.773000,416.8426810707255,99
2024-09-18 15:25:48.780000,416.8900590297716,101
2024-09-18 15:25:48.793000,416.8660693029988,5
2024-09-18 15:25:48.807000,416.7917723264915,8
2024-09-18 15:25:48.808000,416.8551735286144,15
2024-09-18 15:25:48.813000,416.77875353894217,102
2024-09-18 15:25:48.837000,416.8557374525448,105
2024-09-18 15:25:48.862000,416.8290227405852,1002
2024-09-18 15:25:48.963000,416.8855092257156,11
2024-09-18 15:25:48.990000,416.90118305407947,7
2024-09-18 15:25:49.019000,416.9265586156972,1003
2024-09-18 15:25:49.089000,416.9399333568607,13
2024-09-18 15:25:49.160000,416.94386545377336,15
2024-09-18 15:25:49.236000,416.901423966039,7
2024-09-18 15:25:49.321000,416.88216383941824,102
2024-09-18 15:25:49.349000,416.9789289897101,99
2024-09-18 15:25:49.395000,416.91059744202175,9
2024-09-18 15:25:49.415000,416.9485351239335,105
2024-09-18 15:25:49.485000,416.88724046872056,1003
2024-09-18 15:25:49.510000,416.9369502396965,98
2024-09-18 15:25:49.618000,416.94505771632464,104
2024-09-18 15:25:49.689000,416.9614585739477,9
2024-09-18 15:25:49.692000,416.890284812515,11
2024-09-18 15:25:49.710000,416.8803978832438,9
2024-09-18 15:25:49.753000,416.9581453023612,5
2024-09-18 15:25:49.852000,416.9651118877427,100
2024-09-18 15:25:49.904000,416.9558320668283,11
2024-09-18 15:25:49.965000,416.9062848063593,13
2024-09-18 15:25:49.966000,416.97938941049335,12
2024-09-18 15:25:49.969000,416.8929230661792,1004
2024-09-18 15:25:49.976000,416.8864450313494,1000
2024-09-18 15:25:49.980000,416.92174327174456,1002
2024-09-18 15:25:49.989000,416.9475062695668,97
2024-09-18 15:25:50.042000,416.9683544077196,7
2024-09-18 15:25:50.055000,416.93981207480783,996
2024-09-18 15:25:50.102000,416.957087840805,7
2024-09-18 15:25:50.132000,416.9324315267126,13
2024-09-18 15:25:50.158000,416.9576054234698,104
2024-09-18 15:25:50.242000,416.9350766283848,998
2024-09-18 15:25:50.349000,416.9507261945786,1003
2024-09-18 15:25:50.461000,416.94243349665976,98
2024-09-18 15:25:50.471000,416.95766010430384,996
2024-09-18 15:25:50.527000,416.9407633782799,10
2024-09-18 15:25:50.531000,416.9515845786082,996
2024-09-18 15:25:50.537000,416.92910637690966,5
2024-09-18 15:25:50.552000,416.9400904987952,1004
2024-09-18 15:25:50.576000,416.9521267670445,1002
2024-09-18 15:25:50.730000,416.9380518146851,12
2024-09-18 15:25:50.790000,416.9478451321916,1000
2024-09-18 15:25:50.930000,416.958564765281,9
2024-09-18 15:25:50.947000,416.95496473755264,99
2024-09-18 15:25:51.054000,416.9882873574158,97
2024-09-18 15:25:51.089000,416.9578032043672,98
2024-09-18 15:25:51.131000,416.9879573640164,103
2024-09-18 15:25:51.166000,417.0259072028665,104
2024-09-18 15:25:51.196000,416.98899588850287,5
2024-09-18 15:25:51.226000,416.9566370998068,104
2024-09-18 15:25:51.243000,417.01790338210833,100
2024-09-18 15:25:51.293000,417.005469481664,101
2024-09-18 15:25:51.309000,416.9602263003284,1003
2024-09-18 15:25:51.467000,416.9559271112857,8
2024-09-18 15:25:51.515000,416.96750685381215,100
2024-09-18 15:25:51.947000,416.98505837299314,14
2024-09-18 15:25:51.966000,417.0432258389517,10
2024-09-18 15:25:52.571000,417.0214743796261,104
2024-09-18 15:25:52.944000,417.0204988744301,15
2024-09-18 15:25:53.097000,416.955305972923,9
2024-09-18 15:25:53.135000,417.0133914143637,105
2024-09-18 15:25:53.135000,416.938721540198,15
2024-09-18 15:25:53.149000,416.9719772340464,997
2024-09-18 15:25:53.164000,417.0197493304224,998
2024-09-18 15:25:53.170000,416.9560687457652,104
2024-09-18 15:25:53.303000,416.9459145343978,995
2024-09-18 15:25:53.346000,416.9507948525347,995
2024-09-18 15:25:53.403000,416.95861997580056,13
2024-09-18 15:25:53.501000,416.9595298589159,10
2024-09-18 15:25:53.524000,416.9617293922586,1002
2024-09-18 15:25:53.679000,416.9599206691335,996
2024-09-18 15:25:53.777000,416.9444219734912,12
2024-09-18 15:25:53.804000,417.0239979195296,99
2024-09-18 15:25:53.903000,416.98438328046825,11
2024-09-18 15:25:54.110000,416.9133923585513,1003
2024-09-18 15:25:54.203000,416.90506136161343,996
2024-09-18 15:25:54.298000,416.9481862354571,7
2024-09-18 15:25:54.356000,416.9167858755892,102
2024-09-18 15:25:54.437000,416.95359940498383,996
2024-09-18 15:25:54.793000,416.9223997600673,9
2024-09-18 15:25:54.862000,416.9403991974841,1003
2024-09-18 15:25:54.892000,416.9424067047123,1001
2024-09-18 15:25:54.911000,416.91489123518767,998
2024-09-18 15:25:55.072000,416.9333657217402,104
2024-09-18 15:25:55.097000,416.9286974540252,997
2024-09-18 15:25:55.101000,416.9226667720039,97
2024-09-18 15:25:55.139000,416.9221361379143,9
2024-09-18 15:25:55.242000,416.8886119863763,98
2024-09-18 15:25:55.326000,416.9126217406549,1001
2024-09-18 15:25:55.343000,416.91363367039287,98
2024-09-18 15:25:55.551000,416.89322817734126,98
2024-09-18 15:25:55.686000,416.93436924937225,997
2024-09-18 15:25:55.738000,416.9145900667028,100
2024-09-18 15:25:55.815000,416.9154181570901,14
2024-09-18 15:25:55.920000,416.9341255588271,999
2024-09-18 15:25:56.006000,416.8953795489154,1005
2024-09-18 15:25:56.033000,416.8849211742952,7
2024-09-18 15:25:56.045000,416.8639686865784,12
2024-09-18 15:25:56.071000,416.8761474340075,1002
2024-09-18 15:25:56.493000,416.8774114079117,1001
2024-09-18 15:25:56.633000,416.88544880074,999
2024-09-18 15:25:56.649000,416.88762892029297,95
2024-09-18 15:25:56.676000,416.9141891711458,8
2024-09-18 15:25:56.695000,416.87202850537767,996
2024-09-18 15:25:56.777000,416.8905328076648,98
2024-09-18 15:25:56.822000,416.86468278508767,97
2024-09-18 15:25:56.922000,416.8921437068599,105
2024-09-18 15:25:56.952000,416.8990430224308,12
2024-09-18 15:25:57,416.8814406705512,11
2024-09-18 15:25:57.064000,416.88934792647535,11
2024-09-18 15:25:57.176000,416.8380829779607,99
2024-09-18 15:25:57.205000,416.9075294225077,99
2024-09-18 15:25:57.252000,416.88814298327,102
2024-09-18 15:25:57.292000,416.857240457395,996
2024-09-18 15:25:57.310000,416.8858231588944,1000
2024-09-18 15:25:57.418000,416.8950406880828,102
2024-09-18 15:25:57.420000,416.896353734488,99
2024-09-18 15:25:57.434000,416.8945212717703,101
2024-09-18 15:25:57.463000,416.8607566598497,104
2024-09-18 15:25:57.483000,416.9053434048868,999
2024-09-18 15:25:57.526000,416.9038494833115,100
2024-09-18 15:25:57.545000,416.8463226038604,14
2024-09-18 15:25:57.559000,416.8737984881183,101
2024-09-18 15:25:57.564000,416.8647291553366,999
2024-09-18 15:25:57.606000,416.863171601938,1003
2024-09-18 15:25:57.661000,416.8875472694481,15
2024-09-18 15:25:57.816000,416.878726967295,998
2024-09-18 15:25:57.820000,416.8864512805639,996
2024-09-18 15:25:57.891000,416.8802080982827,100
2024-09-18 15:25:58.337000,416.82670216577776,96
2024-09-18 15:25:58.383000,416.8275926881113,100
2024-09-18 15:25:58.545000,416.8275938589703,995
2024-09-18 15:25:58.605000,416.8257549114934,1000
2024-09-18 15:25:58.741000,416.8184495421167,96
2024-09-18 15:25:58.789000,416.84281465248966,8
2024-09-18 15:25:59.328000,416.8111396275605,995
2024-09-18 15:25:59.390000,416.8139865464311,996
2024-09-18 15:25:59.448000,416.8143229593902,8
2024-09-18 15:25:59.527000,416.80956901797833,996
2024-09-18 15:25:59.781000,416.81184665439145,15
