Timestamp,Price,Size
2024-09-17 13:54:00.028000,401.1323198930712,1001
2024-09-17 13:54:00.042000,401.1083203964442,10
2024-09-17 13:54:00.199000,401.1205080103404,996
2024-09-17 13:54:00.322000,401.1167271521368,10
2024-09-17 13:54:00.332000,401.1119301308282,99
2024-09-17 13:54:00.357000,401.1324167382304,97
2024-09-17 13:54:00.415000,401.1185402136482,996
2024-09-17 13:54:00.477000,401.09587871097966,105
2024-09-17 13:54:00.488000,401.1121923162104,8
2024-09-17 13:54:00.523000,401.1115218035309,1000
2024-09-17 13:54:00.542000,401.1062904767144,1005
2024-09-17 13:54:00.627000,401.1056561115309,1001
2024-09-17 13:54:00.662000,401.1175779957866,13
2024-09-17 13:54:00.690000,401.1217741296469,8
2024-09-17 13:54:00.753000,401.1075981459702,8
2024-09-17 13:54:00.767000,401.1299021663452,995
2024-09-17 13:54:00.793000,401.0836844346728,1001
2024-09-17 13:54:00.822000,401.09687392617,95
2024-09-17 13:54:00.849000,401.14971373254656,96
2024-09-17 13:54:00.860000,401.1279505836836,7
2024-09-17 13:54:00.947000,401.1216102885424,995
2024-09-17 13:54:00.960000,401.0906031343239,98
2024-09-17 13:54:00.972000,401.1006759934269,999
2024-09-17 13:54:00.978000,401.1033625336027,1004
2024-09-17 13:54:00.981000,401.1219387420038,102
2024-09-17 13:54:01.193000,401.1403276718237,996
2024-09-17 13:54:01.561000,401.1018290860152,1002
2024-09-17 13:54:01.602000,401.1178719079177,7
2024-09-17 13:54:01.610000,401.1135639136236,100
2024-09-17 13:54:01.668000,401.0583303229851,103
2024-09-17 13:54:01.680000,401.1489206709763,98
2024-09-17 13:54:01.708000,401.1641343142461,105
2024-09-17 13:54:01.781000,401.0933609026133,13
2024-09-17 13:54:01.785000,401.1331814238442,101
2024-09-17 13:54:01.909000,401.13655278265526,1001
2024-09-17 13:54:02.092000,401.05446383547377,99
2024-09-17 13:54:02.168000,401.0373249447648,9
2024-09-17 13:54:02.199000,401.0786146395786,5
2024-09-17 13:54:02.328000,401.0693811204088,1005
2024-09-17 13:54:02.359000,401.07806861007714,6
2024-09-17 13:54:02.390000,401.069032238306,999
2024-09-17 13:54:02.476000,401.0667729990625,13
2024-09-17 13:54:02.631000,401.0569386126888,14
2024-09-17 13:54:02.642000,401.0714504045952,99
2024-09-17 13:54:02.662000,401.0674113596784,995
2024-09-17 13:54:02.669000,401.0678692485629,1004
2024-09-17 13:54:02.675000,401.05605643264886,999
2024-09-17 13:54:02.764000,401.0471187353374,102
2024-09-17 13:54:02.827000,401.06813174971126,100
2024-09-17 13:54:02.861000,401.05759724969096,104
2024-09-17 13:54:02.865000,401.0691736169245,101
2024-09-17 13:54:02.871000,401.05306652158873,999
2024-09-17 13:54:02.881000,401.0794679055808,99
2024-09-17 13:54:02.888000,401.077494700672,995
2024-09-17 13:54:03.059000,401.059272371356,102
2024-09-17 13:54:03.078000,401.152706036058,101
2024-09-17 13:54:03.097000,401.05451827909326,99
2024-09-17 13:54:03.101000,401.0748492431337,97
2024-09-17 13:54:03.126000,401.06795763250045,96
2024-09-17 13:54:03.288000,401.07221461136055,15
2024-09-17 13:54:03.335000,401.1337496267791,96
2024-09-17 13:54:03.343000,401.0564158984053,1000
2024-09-17 13:54:03.363000,401.0625595190058,1004
2024-09-17 13:54:03.367000,401.1115891511744,15
2024-09-17 13:54:03.391000,401.13349495079945,995
2024-09-17 13:54:03.476000,401.0707573369939,1004
2024-09-17 13:54:03.514000,401.0827106044173,995
2024-09-17 13:54:03.544000,401.0986976822026,7
2024-09-17 13:54:03.558000,401.1464387400684,996
2024-09-17 13:54:03.673000,401.1350463739603,12
2024-09-17 13:54:03.679000,401.0529645684622,6
2024-09-17 13:54:03.695000,401.05095512615895,1005
2024-09-17 13:54:03.714000,401.1472002645114,10
2024-09-17 13:54:03.727000,401.1171601015816,14
2024-09-17 13:54:04.017000,401.0816081886708,104
2024-09-17 13:54:04.060000,401.06642136116056,95
2024-09-17 13:54:04.082000,401.1492194194009,6
2024-09-17 13:54:04.099000,401.121359832561,1004
2024-09-17 13:54:04.250000,401.0998948262447,9
2024-09-17 13:54:04.255000,401.16365436850856,1002
2024-09-17 13:54:04.265000,401.0831263983446,102
2024-09-17 13:54:04.273000,401.0586674144412,7
2024-09-17 13:54:04.317000,401.0689668332157,1005
2024-09-17 13:54:04.400000,401.169238387356,99
2024-09-17 13:54:04.444000,401.0905632709485,995
2024-09-17 13:54:04.447000,401.1608408612573,1003
2024-09-17 13:54:04.471000,401.0940460541992,14
2024-09-17 13:54:04.505000,401.1346322759376,1003
2024-09-17 13:54:04.567000,401.07010124064766,995
2024-09-17 13:54:04.593000,401.1609337796799,1005
2024-09-17 13:54:04.677000,401.05233075913503,1000
2024-09-17 13:54:04.840000,401.06425856841344,997
2024-09-17 13:54:04.849000,401.16232525574594,6
2024-09-17 13:54:04.855000,401.1600567265242,12
2024-09-17 13:54:04.914000,401.1663072877972,999
2024-09-17 13:54:04.951000,401.1721868723244,11
2024-09-17 13:54:05.016000,401.1640190142388,8
2024-09-17 13:54:05.024000,401.11657309791,1004
2024-09-17 13:54:05.145000,401.1602151149726,95
2024-09-17 13:54:05.239000,401.1305831921322,96
2024-09-17 13:54:05.356000,401.1045817002848,997
2024-09-17 13:54:05.365000,401.09463335619375,101
2024-09-17 13:54:05.491000,401.09936596657286,1000
2024-09-17 13:54:05.631000,401.1004695846516,14
2024-09-17 13:54:05.699000,401.1422698241016,997
2024-09-17 13:54:05.800000,401.1434884412994,101
2024-09-17 13:54:05.984000,401.0954063645967,995
2024-09-17 13:54:06.146000,401.1064416887646,98
2024-09-17 13:54:06.198000,401.10362139639176,1004
2024-09-17 13:54:06.907000,401.0977022052797,5
2024-09-17 13:54:07.207000,401.1040490613796,103
2024-09-17 13:54:07.219000,401.0776063277015,998
2024-09-17 13:54:07.246000,401.1119671790004,97
2024-09-17 13:54:07.543000,401.0728930893597,14
2024-09-17 13:54:07.593000,401.09632275736953,15
2024-09-17 13:54:07.602000,401.1141362998875,96
2024-09-17 13:54:07.632000,401.1133693460137,1005
2024-09-17 13:54:07.703000,401.0867676088546,5
2024-09-17 13:54:07.747000,401.0809932210975,995
2024-09-17 13:54:07.759000,401.0928095294051,1002
2024-09-17 13:54:07.804000,401.101448195841,1002
2024-09-17 13:54:07.816000,401.1036479680371,1004
2024-09-17 13:54:07.836000,401.1106961021183,96
2024-09-17 13:54:07.910000,401.077397085124,104
2024-09-17 13:54:08.029000,401.097942062852,1005
2024-09-17 13:54:08.104000,401.09455055412434,8
2024-09-17 13:54:08.117000,401.079387820628,998
2024-09-17 13:54:08.193000,401.0742414773201,1005
2024-09-17 13:54:08.669000,401.0737402765363,101
2024-09-17 13:54:08.685000,401.0914896168167,102
2024-09-17 13:54:08.689000,401.100440067512,101
2024-09-17 13:54:08.811000,401.0703759369522,11
2024-09-17 13:54:08.819000,401.0764821059431,10
2024-09-17 13:54:08.945000,401.0651597740056,998
2024-09-17 13:54:09.079000,401.0250703841885,1002
2024-09-17 13:54:09.162000,401.0309432515144,14
2024-09-17 13:54:09.209000,401.07067332200967,98
2024-09-17 13:54:09.231000,401.062582451524,96
2024-09-17 13:54:09.267000,401.0797320027687,99
2024-09-17 13:54:09.270000,401.02786957727193,104
2024-09-17 13:54:09.305000,401.0232402650442,5
2024-09-17 13:54:09.307000,401.0352603720873,996
2024-09-17 13:54:09.330000,401.1058725640991,13
2024-09-17 13:54:09.345000,401.0331508205185,101
2024-09-17 13:54:09.386000,401.0644599318466,1004
2024-09-17 13:54:09.423000,401.0536999977562,996
2024-09-17 13:54:09.566000,401.0734928938049,995
2024-09-17 13:54:09.591000,401.102588875731,1000
2024-09-17 13:54:09.684000,401.03615768678674,105
2024-09-17 13:54:09.693000,401.0867434725261,1000
2024-09-17 13:54:09.706000,401.0691120478808,104
2024-09-17 13:54:09.717000,401.10489635321954,1002
2024-09-17 13:54:09.810000,401.06894951719767,5
2024-09-17 13:54:09.856000,401.0426993238996,1002
2024-09-17 13:54:09.868000,401.0962183236357,97
2024-09-17 13:54:09.887000,401.0206447074635,13
2024-09-17 13:54:09.898000,401.071809763392,96
2024-09-17 13:54:09.958000,401.0945267141804,104
2024-09-17 13:54:10.049000,401.0405842439373,1005
2024-09-17 13:54:10.078000,401.09255618611576,14
2024-09-17 13:54:10.089000,401.051312165374,7
2024-09-17 13:54:10.214000,401.0498425610267,102
2024-09-17 13:54:10.309000,401.1219755619861,1002
2024-09-17 13:54:10.404000,401.1016119658965,103
2024-09-17 13:54:10.495000,401.0757784771052,7
2024-09-17 13:54:10.545000,401.0605248515573,995
2024-09-17 13:54:10.660000,401.0734175480261,8
2024-09-17 13:54:10.671000,401.0784795390176,7
2024-09-17 13:54:10.682000,401.0575907765945,99
2024-09-17 13:54:10.699000,401.05812559033967,1003
2024-09-17 13:54:10.709000,401.04186504229136,99
2024-09-17 13:54:10.714000,401.0980711315537,1004
2024-09-17 13:54:10.716000,401.0552056356568,1002
2024-09-17 13:54:10.753000,401.0705362577683,1001
2024-09-17 13:54:10.757000,401.0517997277746,1001
2024-09-17 13:54:10.811000,401.0456451219369,96
2024-09-17 13:54:10.813000,401.0367638750554,100
2024-09-17 13:54:10.850000,401.08494533210376,8
2024-09-17 13:54:10.895000,401.0459632000796,1003
2024-09-17 13:54:10.913000,401.0839316973805,8
2024-09-17 13:54:10.981000,401.037945290097,1003
2024-09-17 13:54:11.014000,401.048563886356,1000
2024-09-17 13:54:11.095000,401.1115922267256,998
2024-09-17 13:54:11.112000,401.1155936330693,10
2024-09-17 13:54:11.118000,401.1131820634166,1000
2024-09-17 13:54:11.208000,401.1122476497053,103
2024-09-17 13:54:11.213000,401.0719870490372,105
2024-09-17 13:54:11.351000,401.05525876805694,7
2024-09-17 13:54:11.351000,401.077123067964,95
2024-09-17 13:54:11.442000,401.0457028515896,101
2024-09-17 13:54:11.466000,401.11083391729227,7
2024-09-17 13:54:11.507000,401.0714674765807,102
2024-09-17 13:54:11.521000,401.06396957452,100
2024-09-17 13:54:11.544000,401.054774872073,6
2024-09-17 13:54:11.632000,401.0673596000422,1001
2024-09-17 13:54:11.643000,401.0847646716199,1003
2024-09-17 13:54:11.731000,401.0565136729716,95
2024-09-17 13:54:11.831000,401.08469114434826,1002
2024-09-17 13:54:11.873000,401.1173219973976,100
2024-09-17 13:54:11.917000,401.0757571981254,14
2024-09-17 13:54:11.925000,401.1022059079352,7
2024-09-17 13:54:11.947000,401.0582078179984,9
2024-09-17 13:54:11.995000,401.0663388813035,1003
2024-09-17 13:54:12.004000,401.0715220869539,11
2024-09-17 13:54:12.040000,401.0903901308352,101
2024-09-17 13:54:12.140000,401.0945929743875,997
2024-09-17 13:54:12.185000,401.0900412202811,997
2024-09-17 13:54:12.296000,401.10106393633663,10
2024-09-17 13:54:12.695000,401.10748898908025,997
2024-09-17 13:54:12.706000,401.0633561939171,996
2024-09-17 13:54:12.836000,401.05335914351264,996
2024-09-17 13:54:12.906000,401.077328094968,104
2024-09-17 13:54:13.003000,401.0269710126795,1005
2024-09-17 13:54:13.021000,400.9869624113647,100
2024-09-17 13:54:13.022000,400.9871564103902,98
2024-09-17 13:54:13.159000,401.0405955953112,100
2024-09-17 13:54:13.166000,401.0400857124411,997
2024-09-17 13:54:13.354000,401.0535780688655,100
2024-09-17 13:54:13.396000,401.0361993848386,8
2024-09-17 13:54:13.456000,401.0547717629882,97
2024-09-17 13:54:13.541000,401.0445999997108,104
2024-09-17 13:54:13.557000,401.00421183303047,998
2024-09-17 13:54:13.582000,401.0392539583259,1001
2024-09-17 13:54:13.618000,401.0260053641452,9
2024-09-17 13:54:13.620000,401.03956908202593,997
2024-09-17 13:54:13.673000,400.9907634875192,996
2024-09-17 13:54:13.706000,400.977643376673,15
2024-09-17 13:54:13.724000,401.0056523390899,104
2024-09-17 13:54:13.766000,401.0347973016084,102
2024-09-17 13:54:13.781000,401.0320306226256,15
2024-09-17 13:54:13.882000,401.0204519270636,14
2024-09-17 13:54:13.951000,400.99501084198914,15
2024-09-17 13:54:13.976000,401.0407529105877,998
2024-09-17 13:54:14.025000,401.0440813542099,997
2024-09-17 13:54:14.065000,401.0625774796311,95
2024-09-17 13:54:14.121000,401.07530921347865,99
2024-09-17 13:54:14.259000,401.0624725456241,10
2024-09-17 13:54:14.556000,401.06896583030937,10
2024-09-17 13:54:14.749000,401.04146657366766,995
2024-09-17 13:54:15.095000,401.0718003918411,13
2024-09-17 13:54:15.123000,401.04350204260754,14
2024-09-17 13:54:15.167000,401.0802001028414,995
2024-09-17 13:54:15.192000,401.0497453437513,1005
2024-09-17 13:54:15.215000,401.069453691017,104
2024-09-17 13:54:15.243000,401.0548796070409,6
2024-09-17 13:54:15.252000,401.0777185446982,98
2024-09-17 13:54:15.263000,401.0702157652454,12
2024-09-17 13:54:15.278000,401.07634212178544,14
2024-09-17 13:54:15.309000,401.0798250007117,99
2024-09-17 13:54:15.347000,401.07432192326416,96
2024-09-17 13:54:15.349000,401.09014255639846,98
2024-09-17 13:54:15.563000,401.0406964350885,999
2024-09-17 13:54:15.563000,401.0627756220996,14
2024-09-17 13:54:15.610000,401.05281694188585,15
2024-09-17 13:54:15.700000,401.0893145834203,1002
2024-09-17 13:54:15.712000,401.09556876798587,999
2024-09-17 13:54:15.777000,401.082948981872,7
2024-09-17 13:54:15.840000,401.080999889373,13
2024-09-17 13:54:15.846000,401.0860384506079,995
2024-09-17 13:54:15.884000,401.0565254644926,5
2024-09-17 13:54:15.923000,401.076270060822,998
2024-09-17 13:54:15.994000,401.05337582636673,96
2024-09-17 13:54:16.384000,401.0871430908278,104
2024-09-17 13:54:17.111000,401.1647897936329,98
2024-09-17 13:54:17.127000,401.1121868537852,1001
2024-09-17 13:54:17.141000,401.15815103619576,103
2024-09-17 13:54:17.156000,401.1278091514986,98
2024-09-17 13:54:17.294000,401.1347662391596,997
2024-09-17 13:54:17.345000,401.1466346471537,1005
2024-09-17 13:54:17.359000,401.1335281585544,13
2024-09-17 13:54:17.412000,401.1333771993529,999
2024-09-17 13:54:17.458000,401.1702380203011,104
2024-09-17 13:54:17.504000,401.1821924965232,997
2024-09-17 13:54:17.528000,401.1597869432434,102
2024-09-17 13:54:17.548000,401.1381717066974,998
2024-09-17 13:54:17.668000,401.1530542074417,1003
2024-09-17 13:54:17.707000,401.1679046983604,97
2024-09-17 13:54:17.711000,401.1718234886181,12
2024-09-17 13:54:17.797000,401.0965520284075,1000
2024-09-17 13:54:17.854000,401.1845348424094,1003
2024-09-17 13:54:17.866000,401.14419402444776,5
2024-09-17 13:54:17.872000,401.13278837649534,10
2024-09-17 13:54:18.035000,401.1895505868621,1003
2024-09-17 13:54:18.059000,401.1349065536282,6
2024-09-17 13:54:18.127000,401.15079978569696,998
2024-09-17 13:54:18.149000,401.1225079185563,1003
2024-09-17 13:54:18.169000,401.1301062762733,13
2024-09-17 13:54:18.245000,401.1074447569887,13
2024-09-17 13:54:18.246000,401.1149671324088,995
2024-09-17 13:54:18.279000,401.1333662425216,104
2024-09-17 13:54:18.334000,401.11308752828353,1005
2024-09-17 13:54:18.363000,401.1396731037083,15
2024-09-17 13:54:18.370000,401.1484242434767,101
2024-09-17 13:54:18.410000,401.14330727500095,998
2024-09-17 13:54:18.411000,401.1343940379327,1000
2024-09-17 13:54:18.435000,401.1129423400659,15
2024-09-17 13:54:18.494000,401.1410916000083,98
2024-09-17 13:54:18.507000,401.1176075396018,1000
2024-09-17 13:54:18.538000,401.1719176197751,10
2024-09-17 13:54:18.593000,401.1492801853606,1003
2024-09-17 13:54:18.614000,401.1260047433376,5
2024-09-17 13:54:18.620000,401.13042792313416,101
2024-09-17 13:54:18.622000,401.1294749747096,10
2024-09-17 13:54:18.701000,401.1040970142966,99
2024-09-17 13:54:18.722000,401.1256473329837,5
2024-09-17 13:54:18.728000,401.1110803471986,14
2024-09-17 13:54:18.740000,401.1188701923276,997
2024-09-17 13:54:18.861000,401.1214008392663,9
2024-09-17 13:54:18.995000,401.1382458846628,101
2024-09-17 13:54:19.125000,401.0684915414618,10
2024-09-17 13:54:19.329000,401.1219548717981,5
2024-09-17 13:54:19.686000,401.1012396191188,98
2024-09-17 13:54:19.816000,401.06029956606005,104
2024-09-17 13:54:20.008000,401.0662418576725,12
2024-09-17 13:54:20.047000,401.04323050022987,98
2024-09-17 13:54:20.251000,401.0525086936884,97
2024-09-17 13:54:20.299000,401.0568282886322,995
2024-09-17 13:54:20.685000,401.05661427627547,11
2024-09-17 13:54:20.833000,401.0355927547204,99
2024-09-17 13:54:20.899000,401.0561705011417,101
2024-09-17 13:54:21.036000,401.017147748901,14
2024-09-17 13:54:21.086000,401.0119881240319,11
2024-09-17 13:54:21.091000,400.9933651449357,5
2024-09-17 13:54:21.100000,401.0265622678684,99
2024-09-17 13:54:21.109000,401.0617202256652,98
2024-09-17 13:54:21.142000,401.0239807825842,1005
2024-09-17 13:54:21.164000,401.0199508462698,15
2024-09-17 13:54:21.371000,401.0223698614518,98
2024-09-17 13:54:21.416000,401.03118089969314,13
2024-09-17 13:54:21.448000,401.0098180622146,97
2024-09-17 13:54:21.593000,401.04369210758495,7
2024-09-17 13:54:21.643000,401.014894396708,1002
2024-09-17 13:54:21.709000,401.0031457481852,1005
2024-09-17 13:54:21.753000,401.0271540436945,103
2024-09-17 13:54:21.754000,401.0116213318399,13
2024-09-17 13:54:21.774000,400.99785618238974,101
2024-09-17 13:54:21.816000,401.0094611556071,995
2024-09-17 13:54:21.864000,401.0031498718552,999
2024-09-17 13:54:21.918000,401.025668982392,8
2024-09-17 13:54:21.984000,401.0117302251852,96
2024-09-17 13:54:22.054000,401.0079277698025,103
2024-09-17 13:54:22.106000,400.9856411532993,1003
2024-09-17 13:54:22.140000,400.9636460548469,103
2024-09-17 13:54:22.247000,401.00893361954667,105
2024-09-17 13:54:22.253000,400.9928833182578,104
2024-09-17 13:54:22.318000,401.0005921148579,5
2024-09-17 13:54:22.327000,400.9704418212231,1000
2024-09-17 13:54:22.388000,401.0253155075736,101
2024-09-17 13:54:22.459000,400.9867855990464,100
2024-09-17 13:54:22.512000,401.0204479778471,104
2024-09-17 13:54:22.532000,400.98274264036206,98
2024-09-17 13:54:22.548000,400.9945256560063,15
2024-09-17 13:54:22.554000,401.01566023255856,96
2024-09-17 13:54:22.873000,400.9974948342017,96
2024-09-17 13:54:22.907000,400.9904295141532,998
2024-09-17 13:54:22.960000,400.9919169706072,998
2024-09-17 13:54:22.977000,400.9998430626541,98
2024-09-17 13:54:22.979000,401.0051830924692,1004
2024-09-17 13:54:23.012000,400.9424492122348,10
2024-09-17 13:54:23.012000,400.9177109954377,102
2024-09-17 13:54:23.017000,400.9376224056112,999
2024-09-17 13:54:23.035000,400.9399679481445,105
2024-09-17 13:54:23.048000,400.882777294374,1001
2024-09-17 13:54:23.095000,400.9396538569754,13
2024-09-17 13:54:23.115000,400.9056893370414,10
2024-09-17 13:54:23.130000,400.91497062578514,8
2024-09-17 13:54:23.160000,400.9060172574984,104
2024-09-17 13:54:23.182000,400.95719397785655,1004
2024-09-17 13:54:23.239000,400.9269716609068,999
2024-09-17 13:54:23.244000,400.8885353404938,1002
2024-09-17 13:54:23.262000,400.8964272756675,7
2024-09-17 13:54:23.275000,400.9284263512684,997
2024-09-17 13:54:23.303000,400.89992789199897,98
2024-09-17 13:54:23.312000,400.9203306593882,12
2024-09-17 13:54:23.377000,400.9004253301038,6
2024-09-17 13:54:23.409000,400.9508951559572,101
2024-09-17 13:54:23.524000,400.8873859420549,10
2024-09-17 13:54:23.638000,400.948118582767,12
2024-09-17 13:54:23.659000,400.89995690354175,11
2024-09-17 13:54:23.662000,400.9202270943779,9
2024-09-17 13:54:23.693000,400.8926694748839,14
2024-09-17 13:54:23.699000,400.8996025777276,996
2024-09-17 13:54:23.740000,400.9040399668563,998
2024-09-17 13:54:23.874000,400.9111062112839,996
2024-09-17 13:54:23.894000,400.8920517751306,14
2024-09-17 13:54:23.947000,400.9083172299525,104
2024-09-17 13:54:23.968000,400.9181777737357,97
2024-09-17 13:54:24.419000,400.9643848035579,96
2024-09-17 13:54:24.560000,400.9438623190667,5
2024-09-17 13:54:24.720000,400.9537125844136,102
2024-09-17 13:54:24.759000,400.9613088252242,1000
2024-09-17 13:54:24.941000,400.99316285180896,101
2024-09-17 13:54:25.006000,400.9821205454364,8
2024-09-17 13:54:25.111000,400.98179498725045,95
2024-09-17 13:54:25.125000,400.9879255849181,996
2024-09-17 13:54:25.237000,400.9877773622703,99
2024-09-17 13:54:25.286000,400.9860961241014,1005
2024-09-17 13:54:25.310000,400.9915924217404,11
2024-09-17 13:54:25.401000,400.9745864233362,998
2024-09-17 13:54:25.410000,400.97447738831113,14
2024-09-17 13:54:25.427000,400.9654283727661,103
2024-09-17 13:54:25.493000,400.9857369995737,995
2024-09-17 13:54:25.508000,400.9827972448872,5
2024-09-17 13:54:25.514000,400.9895368104712,100
2024-09-17 13:54:25.603000,400.9889569009428,1003
2024-09-17 13:54:25.650000,400.9954257911651,103
2024-09-17 13:54:25.658000,400.9866220365441,9
2024-09-17 13:54:25.668000,401.0092961462177,1004
2024-09-17 13:54:25.712000,400.9949859116133,995
2024-09-17 13:54:25.741000,400.9990525874854,104
2024-09-17 13:54:25.970000,400.9821292460397,1004
2024-09-17 13:54:25.993000,400.97790083513775,101
2024-09-17 13:54:26.450000,401.0324614993512,101
2024-09-17 13:54:26.586000,401.0327929631332,7
2024-09-17 13:54:26.688000,401.023553991252,1004
2024-09-17 13:54:26.754000,401.0441544666479,15
2024-09-17 13:54:26.885000,401.04433665165504,1004
2024-09-17 13:54:26.936000,401.0210573969448,103
2024-09-17 13:54:26.960000,401.0316822773912,13
2024-09-17 13:54:27.065000,401.0314523486931,1004
2024-09-17 13:54:27.077000,401.04208420293816,14
2024-09-17 13:54:27.080000,401.0397278414304,13
2024-09-17 13:54:27.216000,401.04237219864,5
2024-09-17 13:54:27.225000,401.0448064810704,105
2024-09-17 13:54:27.379000,401.0520001657953,14
2024-09-17 13:54:27.397000,401.0518538761695,95
2024-09-17 13:54:27.462000,401.00511581071737,14
2024-09-17 13:54:27.528000,401.005061536014,103
2024-09-17 13:54:27.530000,401.039863565285,15
2024-09-17 13:54:27.556000,401.05128572599807,1000
2024-09-17 13:54:27.594000,401.035775356392,6
2024-09-17 13:54:27.627000,401.04330248791206,13
2024-09-17 13:54:27.771000,401.04421213827146,1002
2024-09-17 13:54:27.775000,401.00283649531406,14
2024-09-17 13:54:27.838000,401.0225694554495,997
2024-09-17 13:54:27.842000,401.0474384545114,12
2024-09-17 13:54:27.864000,401.01053341080825,96
2024-09-17 13:54:27.918000,401.0296728743999,13
2024-09-17 13:54:27.961000,401.045095015277,10
2024-09-17 13:54:27.965000,401.02276810640586,14
2024-09-17 13:54:28.046000,400.96881752281183,13
2024-09-17 13:54:28.056000,400.9785524421222,6
2024-09-17 13:54:28.135000,401.0201575834686,5
2024-09-17 13:54:28.144000,401.069514987424,1000
2024-09-17 13:54:28.250000,401.0165549658101,97
2024-09-17 13:54:28.327000,400.9990404874817,11
2024-09-17 13:54:28.383000,401.0015479732781,104
2024-09-17 13:54:28.397000,401.0405896281912,999
2024-09-17 13:54:28.479000,401.0209892836181,6
2024-09-17 13:54:28.509000,401.0040977427953,997
2024-09-17 13:54:28.546000,400.9827236086598,10
2024-09-17 13:54:28.563000,401.0227724950336,104
2024-09-17 13:54:28.573000,401.069862585954,105
2024-09-17 13:54:28.575000,401.02454859019787,1005
2024-09-17 13:54:28.600000,400.99471155384776,997
2024-09-17 13:54:28.647000,401.0034863371315,15
2024-09-17 13:54:28.684000,401.02018514407735,98
2024-09-17 13:54:28.747000,401.0025809225526,15
2024-09-17 13:54:28.801000,401.0168316434989,13
2024-09-17 13:54:28.810000,401.0545303958313,100
2024-09-17 13:54:28.825000,400.96848995685417,10
2024-09-17 13:54:28.932000,401.0565569011296,8
2024-09-17 13:54:28.975000,401.0283532236381,1000
2024-09-17 13:54:29.010000,400.9739442930439,1002
2024-09-17 13:54:29.015000,400.9498047967736,105
2024-09-17 13:54:29.133000,400.98813683917433,96
2024-09-17 13:54:29.139000,400.9476291563626,99
2024-09-17 13:54:29.146000,400.97091410066906,1005
2024-09-17 13:54:29.148000,400.9375825745794,99
2024-09-17 13:54:29.192000,400.9643530375661,998
2024-09-17 13:54:29.219000,401.00925512443183,97
2024-09-17 13:54:29.228000,400.9608792908721,100
2024-09-17 13:54:29.424000,400.9784567350392,102
2024-09-17 13:54:29.425000,400.9346998583189,1003
2024-09-17 13:54:29.455000,400.934465439753,996
2024-09-17 13:54:29.462000,400.92538004937904,104
2024-09-17 13:54:29.465000,400.9790001513188,1005
2024-09-17 13:54:29.525000,400.92802866442247,7
2024-09-17 13:54:29.533000,400.96839046912027,6
2024-09-17 13:54:29.547000,400.9559522182968,998
2024-09-17 13:54:29.602000,400.9157230217375,6
2024-09-17 13:54:29.613000,400.95951707727,13
2024-09-17 13:54:29.620000,400.9680433058406,997
2024-09-17 13:54:29.633000,400.93915738037657,100
2024-09-17 13:54:29.674000,400.953878664453,10
2024-09-17 13:54:29.837000,400.977839335022,96
2024-09-17 13:54:29.852000,400.9709696497992,995
2024-09-17 13:54:29.858000,400.9955643813657,15
2024-09-17 13:54:29.862000,400.96029407102736,6
2024-09-17 13:54:30.074000,400.96471901285867,997
2024-09-17 13:54:30.113000,400.9649890415343,98
2024-09-17 13:54:30.163000,400.9866273380485,105
2024-09-17 13:54:30.179000,400.98486382806783,1002
2024-09-17 13:54:30.218000,400.9268585813503,15
2024-09-17 13:54:30.236000,400.96986547371847,13
2024-09-17 13:54:30.269000,400.91936540731183,101
2024-09-17 13:54:30.292000,400.9367736998793,1001
2024-09-17 13:54:30.309000,400.9849728384643,8
2024-09-17 13:54:30.328000,400.9851015296914,12
2024-09-17 13:54:30.346000,400.9882675703943,13
2024-09-17 13:54:30.452000,401.0057731647875,105
2024-09-17 13:54:30.544000,400.973621114618,95
2024-09-17 13:54:30.588000,400.9838370741807,13
2024-09-17 13:54:30.607000,400.9158248931716,996
2024-09-17 13:54:30.688000,400.9840933686259,15
2024-09-17 13:54:30.712000,400.96021967868427,998
2024-09-17 13:54:30.732000,400.9923782046444,9
2024-09-17 13:54:30.752000,400.9811870439093,105
2024-09-17 13:54:30.753000,400.9048832662619,100
2024-09-17 13:54:30.761000,400.9903373259551,7
2024-09-17 13:54:30.784000,400.9672843363531,7
2024-09-17 13:54:30.882000,401.00111652618006,1000
2024-09-17 13:54:30.953000,400.96857218677866,11
2024-09-17 13:54:30.961000,400.9825968589624,105
2024-09-17 13:54:30.992000,400.9573039664661,5
2024-09-17 13:54:31.010000,400.89423031625,9
2024-09-17 13:54:31.022000,400.9416563775002,103
2024-09-17 13:54:31.038000,400.89607556929343,999
2024-09-17 13:54:31.093000,400.926652606008,995
2024-09-17 13:54:31.118000,400.8890599549208,97
2024-09-17 13:54:31.195000,400.8672067569377,1005
2024-09-17 13:54:31.255000,400.90125861418784,996
2024-09-17 13:54:31.263000,400.9571947732083,998
2024-09-17 13:54:31.326000,400.8826999687519,1004
2024-09-17 13:54:31.338000,400.8968870362184,10
2024-09-17 13:54:31.376000,400.8386616231824,104
2024-09-17 13:54:31.478000,400.8442797645282,1001
2024-09-17 13:54:31.533000,400.8977928926781,10
2024-09-17 13:54:31.551000,400.9514852204094,102
2024-09-17 13:54:31.602000,400.861735604596,11
2024-09-17 13:54:31.761000,400.9048659767964,996
2024-09-17 13:54:31.770000,400.9169865255853,96
2024-09-17 13:54:31.818000,400.8945685486409,104
2024-09-17 13:54:31.879000,400.8819611303837,103
2024-09-17 13:54:31.917000,400.9046350114109,9
2024-09-17 13:54:31.971000,400.85757153001,1002
2024-09-17 13:54:32.022000,401.0036006476302,103
2024-09-17 13:54:32.032000,400.9607237624942,1005
2024-09-17 13:54:32.136000,400.9436524438861,95
2024-09-17 13:54:32.240000,400.97658748447714,1002
2024-09-17 13:54:32.248000,401.0224479804521,9
2024-09-17 13:54:32.261000,401.0029524141381,1005
2024-09-17 13:54:32.275000,400.9764952462425,95
2024-09-17 13:54:32.348000,400.9571046120128,995
2024-09-17 13:54:32.353000,400.9526894875066,99
2024-09-17 13:54:32.389000,400.9736731799635,1000
2024-09-17 13:54:32.390000,400.963287423723,5
2024-09-17 13:54:32.439000,400.9515177044876,997
2024-09-17 13:54:32.507000,401.0013797164742,8
2024-09-17 13:54:32.518000,400.95842581052216,97
2024-09-17 13:54:32.525000,400.966276446734,10
2024-09-17 13:54:32.661000,400.9588879312612,102
2024-09-17 13:54:32.692000,400.9962198438925,14
2024-09-17 13:54:32.744000,400.963274267128,995
2024-09-17 13:54:32.746000,400.9553930020911,104
2024-09-17 13:54:32.776000,400.99693365914646,101
2024-09-17 13:54:32.788000,400.987873444467,1001
2024-09-17 13:54:32.796000,400.9929242669819,12
2024-09-17 13:54:32.805000,400.9799683676612,7
2024-09-17 13:54:32.815000,400.9633638312944,998
2024-09-17 13:54:32.817000,400.98312078394895,12
2024-09-17 13:54:32.831000,400.9542196361516,998
2024-09-17 13:54:32.878000,400.9642517234801,11
2024-09-17 13:54:32.962000,400.9763519810968,9
2024-09-17 13:54:33.095000,400.8932281420924,105
2024-09-17 13:54:33.254000,400.8954232585313,97
2024-09-17 13:54:33.302000,400.931938056212,998
2024-09-17 13:54:33.338000,400.9191916594232,100
2024-09-17 13:54:33.420000,400.8678828600968,96
2024-09-17 13:54:33.494000,400.9598800908881,998
2024-09-17 13:54:33.518000,400.8881039258637,998
2024-09-17 13:54:33.518000,400.9575926493932,8
2024-09-17 13:54:33.570000,400.8763840199352,6
2024-09-17 13:54:33.594000,400.8667678010532,8
2024-09-17 13:54:33.650000,400.8727205414664,997
2024-09-17 13:54:33.708000,400.9433640379633,6
2024-09-17 13:54:33.716000,400.9046818086562,101
2024-09-17 13:54:33.832000,400.9182433393721,8
2024-09-17 13:54:33.871000,400.8950425976437,11
2024-09-17 13:54:33.958000,400.9657488985834,998
2024-09-17 13:54:33.975000,400.9454530607295,98
2024-09-17 13:54:34.247000,400.884028831922,103
2024-09-17 13:54:34.831000,400.8995785891118,9
2024-09-17 13:54:34.991000,400.8748815974732,8
2024-09-17 13:54:35.019000,400.8872597096666,10
2024-09-17 13:54:35.023000,400.8922552286832,10
2024-09-17 13:54:35.110000,400.9004672643493,5
2024-09-17 13:54:35.241000,400.91108577477263,5
2024-09-17 13:54:35.261000,400.9190696548723,1001
2024-09-17 13:54:35.309000,400.94658025417215,96
2024-09-17 13:54:35.392000,400.9602448482101,1000
2024-09-17 13:54:35.448000,400.9108498356538,1000
2024-09-17 13:54:35.448000,400.8961595460226,102
2024-09-17 13:54:35.452000,400.91896746919633,1000
2024-09-17 13:54:35.580000,400.9087803843327,1001
2024-09-17 13:54:35.594000,400.8842284542493,8
2024-09-17 13:54:35.601000,400.9002357134963,102
2024-09-17 13:54:35.603000,400.898592385986,11
2024-09-17 13:54:35.629000,400.9356695290785,102
2024-09-17 13:54:35.721000,400.941518197788,996
2024-09-17 13:54:35.733000,400.9483693208634,6
2024-09-17 13:54:35.762000,400.9250299915737,11
2024-09-17 13:54:35.819000,400.9590097095949,101
2024-09-17 13:54:35.833000,400.8861920414221,102
2024-09-17 13:54:35.860000,400.8941591826135,1000
2024-09-17 13:54:35.902000,400.9351969870933,1000
2024-09-17 13:54:35.911000,400.9457700912181,96
2024-09-17 13:54:35.943000,400.9014476251374,11
2024-09-17 13:54:36.049000,400.96859136078064,100
2024-09-17 13:54:36.078000,400.9270478635634,13
2024-09-17 13:54:36.154000,400.92194342153306,101
2024-09-17 13:54:36.160000,400.9524088372416,96
2024-09-17 13:54:36.163000,400.932149334656,11
2024-09-17 13:54:36.164000,400.9478760215022,999
2024-09-17 13:54:36.239000,400.94816778345097,95
2024-09-17 13:54:36.296000,400.91478293397074,12
2024-09-17 13:54:36.312000,400.9424013940806,101
2024-09-17 13:54:36.453000,400.969156679588,1000
2024-09-17 13:54:36.490000,400.9665064066122,105
2024-09-17 13:54:36.560000,400.9238464119339,5
2024-09-17 13:54:36.567000,400.9483602898406,15
2024-09-17 13:54:36.666000,400.9311324101165,5
2024-09-17 13:54:36.672000,400.9538694840745,98
2024-09-17 13:54:36.762000,400.9080177900026,100
2024-09-17 13:54:36.770000,400.9800372956062,1003
2024-09-17 13:54:36.930000,400.96227840904567,8
2024-09-17 13:54:37.124000,401.0039137547852,9
2024-09-17 13:54:37.124000,400.95300852851113,1005
2024-09-17 13:54:37.127000,400.9997407482191,1003
2024-09-17 13:54:37.144000,400.9913307418336,6
2024-09-17 13:54:37.152000,400.9522280784018,1004
2024-09-17 13:54:37.203000,400.9608679338944,1003
2024-09-17 13:54:37.210000,400.9647806081613,101
2024-09-17 13:54:37.301000,401.0014656804215,96
2024-09-17 13:54:37.334000,401.0016508114562,12
2024-09-17 13:54:37.361000,401.0024927053699,9
2024-09-17 13:54:37.413000,401.0179111239804,99
2024-09-17 13:54:37.440000,400.9725416344256,97
2024-09-17 13:54:37.474000,400.99360788850817,6
2024-09-17 13:54:37.565000,401.00362729260576,1001
2024-09-17 13:54:37.568000,400.9771291207127,998
2024-09-17 13:54:37.597000,400.9965220962148,104
2024-09-17 13:54:37.609000,401.0166416927347,1005
2024-09-17 13:54:37.695000,400.99528140838856,96
2024-09-17 13:54:37.719000,401.0091814885827,7
2024-09-17 13:54:37.787000,401.0132705616844,1005
2024-09-17 13:54:37.797000,400.985210347685,15
2024-09-17 13:54:37.836000,400.962212503506,100
2024-09-17 13:54:37.848000,400.9984748585139,1004
2024-09-17 13:54:38.013000,400.9810607831851,15
2024-09-17 13:54:38.129000,401.0162717582216,1000
2024-09-17 13:54:38.144000,400.9912549968017,9
2024-09-17 13:54:38.192000,401.0030123041505,15
2024-09-17 13:54:38.202000,401.0297889189481,103
2024-09-17 13:54:38.415000,401.0423086634811,8
2024-09-17 13:54:38.420000,400.9917355956931,97
2024-09-17 13:54:38.966000,401.0345709875705,11
2024-09-17 13:54:39.423000,401.0359357145706,102
2024-09-17 13:54:39.625000,401.0261665269666,13
2024-09-17 13:54:39.878000,401.04283554187685,14
2024-09-17 13:54:39.926000,401.0176985361515,101
2024-09-17 13:54:40.017000,401.0075032541045,1000
2024-09-17 13:54:40.037000,401.0175579569277,103
2024-09-17 13:54:40.057000,401.00447058458377,5
2024-09-17 13:54:40.075000,401.03374601966544,10
2024-09-17 13:54:40.103000,401.0012959450702,1001
2024-09-17 13:54:40.137000,401.04550132779815,5
2024-09-17 13:54:40.178000,401.0364651984123,9
2024-09-17 13:54:40.181000,401.0063157933834,95
2024-09-17 13:54:40.186000,401.0548983786454,6
2024-09-17 13:54:40.242000,401.030354655377,9
2024-09-17 13:54:40.291000,401.01345215915353,998
2024-09-17 13:54:40.363000,401.0458151470424,9
2024-09-17 13:54:40.372000,401.0207001648267,102
2024-09-17 13:54:40.417000,401.0005747753886,97
2024-09-17 13:54:40.499000,401.0036906108864,12
2024-09-17 13:54:40.569000,401.0265741707677,15
2024-09-17 13:54:40.579000,401.0351374081374,1003
2024-09-17 13:54:40.593000,401.0456171047822,104
2024-09-17 13:54:40.615000,401.0254206136616,995
2024-09-17 13:54:40.640000,401.0141787906075,100
2024-09-17 13:54:40.642000,401.0255781457806,14
2024-09-17 13:54:40.689000,401.0181636686068,996
2024-09-17 13:54:40.855000,401.0365627909756,98
2024-09-17 13:54:40.875000,401.038103951885,95
2024-09-17 13:54:40.971000,401.00017887252585,105
2024-09-17 13:54:41.172000,401.0854445226177,997
2024-09-17 13:54:41.439000,401.0674290709465,13
2024-09-17 13:54:41.784000,401.0470417405652,5
2024-09-17 13:54:41.914000,401.0578443597983,99
2024-09-17 13:54:41.935000,401.0869169080835,102
2024-09-17 13:54:42.085000,401.02154403938897,98
2024-09-17 13:54:42.104000,400.9959586638656,105
2024-09-17 13:54:42.135000,401.06637047713406,14
2024-09-17 13:54:42.246000,400.97987799748114,104
2024-09-17 13:54:42.252000,401.0771954746617,14
2024-09-17 13:54:42.368000,401.05172616326905,14
2024-09-17 13:54:42.439000,401.0458623586081,1002
2024-09-17 13:54:42.455000,400.98915533027366,996
2024-09-17 13:54:42.455000,401.0600541010788,12
2024-09-17 13:54:42.479000,401.0222249230735,101
2024-09-17 13:54:42.609000,401.0928888944863,1005
2024-09-17 13:54:42.622000,401.0106353161564,105
2024-09-17 13:54:42.670000,401.0291853122658,995
2024-09-17 13:54:42.720000,401.06370973598126,995
2024-09-17 13:54:42.744000,401.0679066442684,14
2024-09-17 13:54:42.854000,401.03834012831567,102
2024-09-17 13:54:42.876000,401.0726206444117,1000
2024-09-17 13:54:42.938000,401.02002932340673,1005
2024-09-17 13:54:43.120000,401.0719774821733,9
2024-09-17 13:54:43.174000,401.0553155488343,13
2024-09-17 13:54:43.295000,401.05394694745576,1005
2024-09-17 13:54:43.365000,401.06137957044126,105
2024-09-17 13:54:43.451000,401.0690010235886,100
2024-09-17 13:54:43.486000,401.0514332081737,95
2024-09-17 13:54:43.578000,401.0074548667697,98
2024-09-17 13:54:43.668000,401.0229733635492,98
2024-09-17 13:54:43.854000,401.0337297656619,11
2024-09-17 13:54:43.874000,401.0663553816241,6
2024-09-17 13:54:43.966000,401.0732086367324,105
2024-09-17 13:54:44.281000,401.0729831841604,1005
2024-09-17 13:54:44.382000,401.0691294107237,96
2024-09-17 13:54:44.640000,401.0561960465203,95
2024-09-17 13:54:45.087000,401.0663752919867,101
2024-09-17 13:54:45.364000,401.0847600185783,997
2024-09-17 13:54:45.621000,401.0602715127225,10
2024-09-17 13:54:45.929000,401.0407514347093,1002
2024-09-17 13:54:46.016000,401.0860603796777,6
2024-09-17 13:54:46.043000,401.0748065676629,1003
2024-09-17 13:54:46.047000,400.9768548784053,995
2024-09-17 13:54:46.077000,401.080612674965,996
2024-09-17 13:54:46.078000,401.0524883138216,99
2024-09-17 13:54:46.120000,400.9249582837144,996
2024-09-17 13:54:46.166000,400.9919497029465,999
2024-09-17 13:54:46.182000,400.9267711747154,99
2024-09-17 13:54:46.187000,400.9033165175185,1005
2024-09-17 13:54:46.207000,401.0393267952484,14
2024-09-17 13:54:46.301000,400.9236165819978,998
2024-09-17 13:54:46.411000,400.91772148414304,95
2024-09-17 13:54:46.442000,401.05113514552266,95
2024-09-17 13:54:46.489000,400.98697986673415,8
2024-09-17 13:54:46.528000,400.9269229427867,8
2024-09-17 13:54:46.546000,401.0166402015443,99
2024-09-17 13:54:46.557000,400.9249117616501,103
2024-09-17 13:54:46.620000,400.9352609667058,13
2024-09-17 13:54:46.698000,400.9492645920455,103
2024-09-17 13:54:46.711000,401.0580331458193,103
2024-09-17 13:54:46.743000,401.0476167195164,1005
2024-09-17 13:54:46.754000,400.9611001739537,999
2024-09-17 13:54:46.771000,400.9329892889363,998
2024-09-17 13:54:46.789000,400.95575538235454,12
2024-09-17 13:54:46.836000,401.0235467047486,1001
2024-09-17 13:54:46.859000,401.054217503328,997
2024-09-17 13:54:46.875000,401.0675491703114,995
2024-09-17 13:54:46.898000,400.90043923904943,96
2024-09-17 13:54:46.967000,401.0686185884981,9
2024-09-17 13:54:47.045000,400.97752816388805,995
2024-09-17 13:54:47.049000,400.92985226571216,103
2024-09-17 13:54:47.076000,400.9552915089924,15
2024-09-17 13:54:47.133000,400.956974423403,104
2024-09-17 13:54:47.138000,400.96820353553227,995
2024-09-17 13:54:47.169000,400.9205954528825,1002
2024-09-17 13:54:47.207000,400.9103455070224,6
2024-09-17 13:54:47.216000,400.9590093835708,998
2024-09-17 13:54:47.260000,400.9292703289863,999
2024-09-17 13:54:47.281000,400.9509166548447,95
2024-09-17 13:54:47.296000,400.95271207102223,99
2024-09-17 13:54:47.389000,400.9226539812174,6
2024-09-17 13:54:47.415000,400.94322924368976,998
2024-09-17 13:54:47.474000,400.9247596565951,996
2024-09-17 13:54:47.509000,400.96501233854826,96
2024-09-17 13:54:47.560000,400.92323324585465,97
2024-09-17 13:54:47.609000,400.9269783009235,12
2024-09-17 13:54:47.628000,400.931175974692,13
2024-09-17 13:54:47.635000,400.920850839331,95
2024-09-17 13:54:47.659000,400.9260373515895,9
2024-09-17 13:54:47.710000,400.92399754805297,8
2024-09-17 13:54:47.716000,400.9609521770688,1001
2024-09-17 13:54:47.718000,400.9542200013759,101
2024-09-17 13:54:47.892000,400.9429473801497,1005
2024-09-17 13:54:47.916000,400.9717750473534,100
2024-09-17 13:54:47.950000,400.9179602681598,1005
2024-09-17 13:54:47.952000,400.92472806209474,97
2024-09-17 13:54:47.981000,400.9180901673647,1002
2024-09-17 13:54:48.069000,400.9239546718354,8
2024-09-17 13:54:48.146000,400.91631405462834,12
2024-09-17 13:54:48.147000,400.9946260397005,995
2024-09-17 13:54:48.292000,400.965914144866,100
2024-09-17 13:54:48.319000,400.9072814991407,1005
2024-09-17 13:54:48.323000,401.0120821014372,1003
2024-09-17 13:54:48.352000,400.9272845815137,104
2024-09-17 13:54:48.467000,400.94031967689045,1000
2024-09-17 13:54:48.502000,400.9141617711808,1005
2024-09-17 13:54:48.668000,400.90971293489633,103
2024-09-17 13:54:48.823000,401.0125689225848,95
2024-09-17 13:54:48.847000,400.98843854215926,101
2024-09-17 13:54:48.861000,400.9688422132282,1004
2024-09-17 13:54:48.887000,401.00849433061694,97
2024-09-17 13:54:48.933000,400.9936212758156,1002
2024-09-17 13:54:48.982000,400.9232454822064,100
2024-09-17 13:54:48.990000,401.0044495426358,9
2024-09-17 13:54:49.054000,401.0300972910956,103
2024-09-17 13:54:49.066000,400.9974169817357,98
2024-09-17 13:54:49.071000,400.971598670836,6
2024-09-17 13:54:49.113000,401.00223758841753,102
2024-09-17 13:54:49.131000,401.0024912155433,13
2024-09-17 13:54:49.132000,401.0175794472117,11
2024-09-17 13:54:49.218000,401.0526440524837,5
2024-09-17 13:54:49.219000,400.97174353706,97
2024-09-17 13:54:49.300000,401.0438530642106,1002
2024-09-17 13:54:49.305000,401.008857793758,105
2024-09-17 13:54:49.323000,401.0033007313682,100
2024-09-17 13:54:49.346000,401.0241734630049,104
2024-09-17 13:54:49.466000,400.9968382282992,12
2024-09-17 13:54:49.527000,401.0060070317808,100
2024-09-17 13:54:49.562000,401.0366950803448,11
2024-09-17 13:54:49.619000,401.06296932732266,100
2024-09-17 13:54:49.637000,401.00942317556223,1001
2024-09-17 13:54:49.701000,401.0113162238746,1004
2024-09-17 13:54:49.724000,401.0178725610773,103
2024-09-17 13:54:49.732000,401.0154690585925,1001
2024-09-17 13:54:49.807000,400.9928347149332,5
2024-09-17 13:54:49.838000,401.0285307356396,96
2024-09-17 13:54:49.871000,401.0125543184536,6
2024-09-17 13:54:49.923000,400.96641003346616,5
2024-09-17 13:54:50.359000,401.0479388409572,1003
2024-09-17 13:54:50.398000,401.0770134241761,1001
2024-09-17 13:54:50.827000,401.04563519546247,98
2024-09-17 13:54:50.842000,401.052741247569,1004
2024-09-17 13:54:51.245000,401.0705928424347,13
2024-09-17 13:54:51.309000,401.0849588085943,11
2024-09-17 13:54:51.311000,401.0789794079702,6
2024-09-17 13:54:51.456000,401.0934365583355,104
2024-09-17 13:54:51.640000,401.0810523288816,1002
2024-09-17 13:54:51.779000,401.0746371478956,1001
2024-09-17 13:54:51.966000,401.0775193940224,996
2024-09-17 13:54:52.112000,401.06088164515904,97
2024-09-17 13:54:52.329000,401.0647242453171,10
2024-09-17 13:54:52.482000,401.081591265385,6
2024-09-17 13:54:52.492000,401.0868587474414,95
2024-09-17 13:54:52.556000,401.1071281897858,96
2024-09-17 13:54:52.557000,401.0638885433338,104
2024-09-17 13:54:52.689000,401.09054732458907,100
2024-09-17 13:54:52.790000,401.0662600182362,10
2024-09-17 13:54:52.880000,401.0660440738093,1002
2024-09-17 13:54:52.963000,401.11443003810655,105
2024-09-17 13:54:53.065000,401.0484025151892,995
2024-09-17 13:54:53.076000,400.9640593363743,100
2024-09-17 13:54:53.092000,401.02626896070046,98
2024-09-17 13:54:53.104000,401.068317052593,14
2024-09-17 13:54:53.152000,401.0738509964016,15
2024-09-17 13:54:53.220000,401.0811890550938,999
2024-09-17 13:54:53.249000,401.0599632324874,103
2024-09-17 13:54:53.301000,400.9999843073687,99
2024-09-17 13:54:53.313000,401.100429816892,999
2024-09-17 13:54:53.432000,401.0786615207995,998
2024-09-17 13:54:53.509000,401.04087466438745,105
2024-09-17 13:54:53.512000,401.0421299348739,1000
2024-09-17 13:54:53.541000,401.0387453174246,1000
2024-09-17 13:54:53.600000,401.0879998867292,99
2024-09-17 13:54:53.651000,401.0875896274877,97
2024-09-17 13:54:53.703000,401.03292825513074,1003
2024-09-17 13:54:53.733000,401.076807420347,99
2024-09-17 13:54:53.749000,401.0230644942021,98
2024-09-17 13:54:53.829000,400.9741011607422,11
2024-09-17 13:54:53.837000,400.9905384463228,102
2024-09-17 13:54:53.842000,400.98460814774,13
2024-09-17 13:54:53.925000,401.07333063844055,96
2024-09-17 13:54:53.936000,401.0814991466657,1003
2024-09-17 13:54:53.943000,401.06999635710633,10
2024-09-17 13:54:53.945000,401.02322693943313,8
2024-09-17 13:54:53.955000,401.0273989743887,999
2024-09-17 13:54:53.960000,401.0772224507138,105
2024-09-17 13:54:53.992000,401.0324849437027,998
2024-09-17 13:54:53.996000,400.99294639882953,1004
2024-09-17 13:54:54.018000,401.0687507689438,1002
2024-09-17 13:54:54.161000,401.0667680404256,6
2024-09-17 13:54:54.166000,401.0527303901762,6
2024-09-17 13:54:54.205000,401.05898882052674,1005
2024-09-17 13:54:54.243000,401.042148706975,5
2024-09-17 13:54:54.305000,401.0531313957664,103
2024-09-17 13:54:54.505000,401.0518843974304,1003
2024-09-17 13:54:54.515000,401.0511888081699,996
2024-09-17 13:54:54.589000,401.0561792722781,96
2024-09-17 13:54:54.635000,401.0683797093214,995
2024-09-17 13:54:54.660000,401.0674016270854,1002
2024-09-17 13:54:54.683000,401.0509767104175,996
2024-09-17 13:54:54.694000,401.06982640349673,104
2024-09-17 13:54:54.705000,401.05438608835567,5
2024-09-17 13:54:54.727000,401.0502762097283,14
2024-09-17 13:54:54.848000,401.0687875426989,9
2024-09-17 13:54:54.868000,401.0647023108319,95
2024-09-17 13:54:54.903000,401.04419198186434,103
2024-09-17 13:54:54.913000,401.05966133085855,103
2024-09-17 13:54:54.928000,401.0589125772698,11
2024-09-17 13:54:54.957000,401.0422513040796,5
2024-09-17 13:54:54.997000,401.05902894077593,1002
2024-09-17 13:54:55.085000,401.096163655892,1000
2024-09-17 13:54:55.151000,401.0717735122274,11
2024-09-17 13:54:55.152000,401.0798465220309,97
2024-09-17 13:54:55.160000,401.0753775462136,14
2024-09-17 13:54:55.186000,401.0880968308064,995
2024-09-17 13:54:55.244000,401.0708388049957,99
2024-09-17 13:54:55.328000,401.0535168331539,999
2024-09-17 13:54:55.405000,401.0780892359557,13
2024-09-17 13:54:55.550000,401.0773601264706,102
2024-09-17 13:54:55.778000,401.0615971259356,99
2024-09-17 13:54:55.842000,401.086068409088,996
2024-09-17 13:54:55.880000,401.0643938290551,13
2024-09-17 13:54:55.926000,401.06176218902175,5
2024-09-17 13:54:56.053000,400.9991374950825,101
2024-09-17 13:54:56.094000,401.0203035283563,1003
2024-09-17 13:54:56.104000,401.0001731480297,999
2024-09-17 13:54:56.162000,401.0475409083353,97
2024-09-17 13:54:56.173000,401.0201895174826,98
2024-09-17 13:54:56.176000,401.0496158161614,12
2024-09-17 13:54:56.195000,400.9969868034137,101
2024-09-17 13:54:56.223000,401.04548437472505,101
2024-09-17 13:54:56.247000,401.0393530017266,12
2024-09-17 13:54:56.256000,401.03606642639903,9
2024-09-17 13:54:56.292000,401.03769180481487,996
2024-09-17 13:54:56.297000,401.03123787718994,6
2024-09-17 13:54:56.382000,401.0128572110919,1000
2024-09-17 13:54:56.523000,401.03932542428896,104
2024-09-17 13:54:56.588000,400.997865502317,99
2024-09-17 13:54:56.606000,400.9853262977306,100
2024-09-17 13:54:56.664000,401.0112334982597,103
2024-09-17 13:54:56.682000,400.998786004659,12
2024-09-17 13:54:56.689000,400.9954602074139,104
2024-09-17 13:54:56.698000,401.0186884553792,7
2024-09-17 13:54:56.803000,401.0548077992879,8
2024-09-17 13:54:56.842000,401.0565845024178,1005
2024-09-17 13:54:56.970000,400.993849330553,100
2024-09-17 13:54:57.958000,400.97556869442417,97
2024-09-17 13:54:58.036000,401.01548244566777,99
2024-09-17 13:54:58.114000,401.00546665560654,95
2024-09-17 13:54:58.155000,400.9488427581066,97
2024-09-17 13:54:58.156000,401.005327346097,95
2024-09-17 13:54:58.188000,400.9405225245294,5
2024-09-17 13:54:58.205000,401.0009339896784,996
2024-09-17 13:54:58.219000,400.9361261220016,5
2024-09-17 13:54:58.270000,401.0321652225109,105
2024-09-17 13:54:58.312000,401.0438236166893,13
2024-09-17 13:54:58.397000,401.0073850842677,104
2024-09-17 13:54:58.397000,400.97083929779257,1000
2024-09-17 13:54:58.442000,400.9248137902474,995
2024-09-17 13:54:58.482000,400.9649550393124,11
2024-09-17 13:54:58.508000,400.9454364164167,8
2024-09-17 13:54:58.559000,400.9665885775898,101
2024-09-17 13:54:58.595000,400.9567104834568,1001
2024-09-17 13:54:58.716000,400.9606712830063,10
2024-09-17 13:54:58.730000,400.96447275468,95
2024-09-17 13:54:58.736000,400.9471651246184,7
2024-09-17 13:54:58.749000,400.9382548883649,6
2024-09-17 13:54:58.842000,401.0076426179297,98
2024-09-17 13:54:58.932000,401.0052928049696,13
2024-09-17 13:54:58.975000,401.011737955681,12
2024-09-17 13:54:58.979000,400.9770911847181,101
2024-09-17 13:54:59.002000,401.0148381750821,997
2024-09-17 13:54:59.031000,401.0047974332864,103
2024-09-17 13:54:59.049000,400.9230601368189,97
2024-09-17 13:54:59.073000,401.0304836183805,996
2024-09-17 13:54:59.094000,401.0349934124992,9
2024-09-17 13:54:59.099000,400.9891753184737,10
2024-09-17 13:54:59.107000,400.9514703391959,9
2024-09-17 13:54:59.121000,400.9375961700604,1005
2024-09-17 13:54:59.173000,401.02138034152296,1005
2024-09-17 13:54:59.181000,401.015363030436,1004
2024-09-17 13:54:59.190000,401.0199037395245,5
2024-09-17 13:54:59.195000,400.9187456041597,13
2024-09-17 13:54:59.216000,400.96115851102735,95
2024-09-17 13:54:59.254000,400.9436250630748,100
2024-09-17 13:54:59.329000,401.0311063124841,96
2024-09-17 13:54:59.346000,401.00962280856993,101
2024-09-17 13:54:59.357000,400.9615699574365,1004
2024-09-17 13:54:59.412000,400.9554672453481,7
2024-09-17 13:54:59.503000,400.9632788740906,95
2024-09-17 13:54:59.522000,401.0214925161784,96
2024-09-17 13:54:59.529000,400.9205631129944,99
2024-09-17 13:54:59.551000,401.0369761852052,98
2024-09-17 13:54:59.570000,400.93816532608986,998
2024-09-17 13:54:59.603000,400.9553702872079,102
2024-09-17 13:54:59.734000,401.03790963550153,11
2024-09-17 13:54:59.921000,400.9355708394869,997
2024-09-17 13:54:59.964000,400.9317086463239,14
2024-09-17 13:54:59.994000,401.0046343738202,6
