Timestamp,Price,Size
2024-09-20 15:57:00,429.7295381789097,1005
2024-09-20 15:57:00,429.7316814915842,104
2024-09-20 15:57:00.037000,429.7374648521857,1002
2024-09-20 15:57:00.085000,429.7262124991175,13
2024-09-20 15:57:00.098000,429.7240255502094,9
2024-09-20 15:57:00.109000,429.7550274165914,1004
2024-09-20 15:57:00.114000,429.73147576573336,101
2024-09-20 15:57:00.215000,429.7539076206045,999
2024-09-20 15:57:00.228000,429.73409009282807,1000
2024-09-20 15:57:00.299000,429.7450509604821,1002
2024-09-20 15:57:00.486000,429.7096171384693,1005
2024-09-20 15:57:00.499000,429.74176319642487,1004
2024-09-20 15:57:00.543000,429.7317307039207,99
2024-09-20 15:57:00.553000,429.74895897776094,95
2024-09-20 15:57:00.618000,424.7102061412616,104
2024-09-20 15:57:00.624000,429.6981269406407,1000
2024-09-20 15:57:00.636000,429.70044842831305,995
2024-09-20 15:57:00.668000,429.7190030442872,11
2024-09-20 15:57:00.686000,429.7456960919391,9
2024-09-20 15:57:00.716000,429.733708482729,102
2024-09-20 15:57:00.793000,429.71364012982906,95
2024-09-20 15:57:00.853000,429.71506551106586,98
2024-09-20 15:57:00.858000,429.7483281796667,7
2024-09-20 15:57:00.882000,429.7331026313761,99
2024-09-20 15:57:00.928000,429.7377619344086,6
2024-09-20 15:57:00.987000,429.73742248690735,995
2024-09-20 15:57:00.988000,429.7323255451557,14
2024-09-20 15:57:01.279000,429.7052182222706,995
2024-09-20 15:57:01.388000,429.68244129916536,95
2024-09-20 15:57:01.683000,429.7156894428916,995
2024-09-20 15:57:01.722000,429.707544471702,96
2024-09-20 15:57:01.727000,429.6848230935339,997
2024-09-20 15:57:01.812000,429.6477158517523,96
2024-09-20 15:57:01.864000,429.6495593137394,12
2024-09-20 15:57:01.904000,429.65668444939246,5
2024-09-20 15:57:01.992000,429.6862050475773,1005
2024-09-20 15:57:02.019000,429.6596757289539,1004
2024-09-20 15:57:02.102000,429.62810180436514,12
2024-09-20 15:57:02.161000,429.6539631140279,101
2024-09-20 15:57:02.227000,429.6430991809799,100
2024-09-20 15:57:02.268000,429.6692233294581,1005
2024-09-20 15:57:02.411000,429.6449554476965,1005
2024-09-20 15:57:02.460000,429.588805771782,1004
2024-09-20 15:57:02.626000,429.6250511746214,8
2024-09-20 15:57:02.767000,429.6681680860788,97
2024-09-20 15:57:03.017000,429.5120951255143,1000
2024-09-20 15:57:03.139000,429.5143024444144,997
2024-09-20 15:57:03.150000,429.4692090448512,1003
2024-09-20 15:57:03.171000,429.4240649364112,995
2024-09-20 15:57:03.214000,429.47543186516685,96
2024-09-20 15:57:03.402000,429.57238130070925,102
2024-09-20 15:57:03.438000,429.4569165823878,997
2024-09-20 15:57:03.462000,429.5835467180721,97
2024-09-20 15:57:03.480000,429.4487398977264,1004
2024-09-20 15:57:03.530000,429.5125526366382,995
2024-09-20 15:57:03.595000,429.4354083052634,5
2024-09-20 15:57:03.630000,429.4421874449917,998
2024-09-20 15:57:03.714000,429.5413066524336,13
2024-09-20 15:57:03.740000,429.4278541857565,14
2024-09-20 15:57:03.744000,429.44838147166274,11
2024-09-20 15:57:03.758000,429.4697764006154,15
2024-09-20 15:57:03.809000,429.4314060929891,1005
2024-09-20 15:57:03.871000,429.4650335668183,104
2024-09-20 15:57:03.927000,429.4919983035067,103
2024-09-20 15:57:03.928000,429.5483437524321,101
2024-09-20 15:57:04.044000,429.45200864728,995
2024-09-20 15:57:04.047000,429.4557138351337,12
2024-09-20 15:57:04.048000,429.4450374055635,999
2024-09-20 15:57:04.106000,429.4350973462698,1001
2024-09-20 15:57:04.112000,429.4673062039144,1000
2024-09-20 15:57:04.124000,429.5060192254963,10
2024-09-20 15:57:04.128000,429.52736567878185,12
2024-09-20 15:57:04.141000,429.53112800640986,996
2024-09-20 15:57:04.163000,429.5086992014283,12
2024-09-20 15:57:04.187000,429.504669556808,6
2024-09-20 15:57:04.192000,429.4982872696571,1001
2024-09-20 15:57:04.279000,429.449192628286,105
2024-09-20 15:57:04.324000,429.5116140443552,13
2024-09-20 15:57:04.453000,429.5947538011573,996
2024-09-20 15:57:04.456000,429.5663738184417,95
2024-09-20 15:57:04.477000,429.5660147256477,1004
2024-09-20 15:57:04.597000,429.4504931407075,995
2024-09-20 15:57:04.676000,429.4622778517708,11
2024-09-20 15:57:04.705000,429.5068932384629,5
2024-09-20 15:57:04.731000,429.4531445888232,10
2024-09-20 15:57:04.735000,429.5870620012787,1002
2024-09-20 15:57:04.784000,429.4612319017882,95
2024-09-20 15:57:04.923000,429.4627827242567,15
2024-09-20 15:57:04.994000,429.45249806790855,998
2024-09-20 15:57:05.227000,429.6672468101361,15
2024-09-20 15:57:05.358000,429.6771740798521,7
2024-09-20 15:57:05.651000,429.6571940260706,95
2024-09-20 15:57:05.713000,429.6031967439988,1000
2024-09-20 15:57:05.736000,429.6352508604759,98
2024-09-20 15:57:05.751000,429.6592020483686,1000
2024-09-20 15:57:05.887000,429.63819469328,104
2024-09-20 15:57:05.967000,429.6426385641118,996
2024-09-20 15:57:05.981000,429.6184954207812,105
2024-09-20 15:57:06.073000,429.64823461693777,98
2024-09-20 15:57:06.089000,429.6507696360173,102
2024-09-20 15:57:06.140000,429.66732523277113,15
2024-09-20 15:57:06.573000,429.6660930461925,1004
2024-09-20 15:57:06.646000,429.6493696046712,8
2024-09-20 15:57:06.785000,429.6611829172913,15
2024-09-20 15:57:06.809000,429.6407613858114,99
2024-09-20 15:57:06.980000,429.6665357360532,999
2024-09-20 15:57:07.202000,429.6759697172673,1002
2024-09-20 15:57:07.449000,429.6884354570341,95
2024-09-20 15:57:07.451000,429.6668193856077,998
2024-09-20 15:57:07.700000,429.69108390607465,1003
2024-09-20 15:57:07.705000,429.6622800224709,1004
2024-09-20 15:57:07.707000,429.680812533004,995
2024-09-20 15:57:07.981000,429.7008287362777,99
2024-09-20 15:57:08.014000,429.7125710705229,101
2024-09-20 15:57:08.477000,429.7225476966043,99
2024-09-20 15:57:08.501000,429.6994095008554,1000
2024-09-20 15:57:08.513000,429.7120326975202,99
2024-09-20 15:57:08.528000,429.7035835426021,105
2024-09-20 15:57:08.603000,429.719964949547,11
2024-09-20 15:57:08.608000,424.7834247322571,5
2024-09-20 15:57:08.693000,429.6752052986436,95
2024-09-20 15:57:08.792000,429.71113303569314,999
2024-09-20 15:57:08.822000,429.7190868597702,14
2024-09-20 15:57:08.925000,429.7162199813503,6
2024-09-20 15:57:08.969000,429.6658527821726,104
2024-09-20 15:57:09.607000,429.66962806685177,999
2024-09-20 15:57:10.064000,429.6147535656074,96
2024-09-20 15:57:10.069000,429.572159801013,995
2024-09-20 15:57:10.143000,429.6130495150202,8
2024-09-20 15:57:10.174000,429.634379929653,9
2024-09-20 15:57:10.363000,429.6227718122676,6
2024-09-20 15:57:10.388000,429.5853690916988,105
2024-09-20 15:57:10.505000,429.6116586945042,9
2024-09-20 15:57:10.527000,429.5983599780994,1003
2024-09-20 15:57:10.577000,429.57564383175225,5
2024-09-20 15:57:10.585000,429.59119183303386,10
2024-09-20 15:57:10.847000,429.6005074275639,1004
2024-09-20 15:57:10.903000,429.5747034788128,998
2024-09-20 15:57:10.979000,429.6661034903362,7
2024-09-20 15:57:11.021000,429.57800138827577,97
2024-09-20 15:57:11.025000,429.5031006664777,100
2024-09-20 15:57:11.280000,429.5749553665485,7
2024-09-20 15:57:11.505000,429.5585058527587,6
2024-09-20 15:57:11.514000,429.5571923644608,5
2024-09-20 15:57:11.719000,429.51163122101184,1004
2024-09-20 15:57:11.842000,429.5937463241477,15
2024-09-20 15:57:11.859000,429.53951223069794,13
2024-09-20 15:57:12.022000,429.4766096132567,98
2024-09-20 15:57:12.075000,429.4958016277069,998
2024-09-20 15:57:12.142000,429.45409637111845,1000
2024-09-20 15:57:12.207000,429.4818244401211,103
2024-09-20 15:57:12.283000,429.4647517971285,104
2024-09-20 15:57:12.315000,429.4529954524974,13
2024-09-20 15:57:12.351000,429.5065853102619,9
2024-09-20 15:57:12.411000,429.4762185442525,95
2024-09-20 15:57:12.428000,429.488711248797,97
2024-09-20 15:57:12.579000,429.47728903575774,1000
2024-09-20 15:57:12.629000,429.4851188889318,1003
2024-09-20 15:57:12.634000,429.4237471620504,103
2024-09-20 15:57:12.646000,429.457705300966,998
2024-09-20 15:57:12.650000,429.4174693116751,1002
2024-09-20 15:57:12.694000,429.48548808579073,7
2024-09-20 15:57:12.701000,429.4818691956279,102
2024-09-20 15:57:12.726000,429.51186412873705,997
2024-09-20 15:57:12.811000,429.4609604219453,104
2024-09-20 15:57:12.888000,429.4221005571166,14
2024-09-20 15:57:12.892000,429.5032256264102,1001
2024-09-20 15:57:12.903000,429.4867829423594,999
2024-09-20 15:57:12.944000,429.4722129089394,999
2024-09-20 15:57:12.954000,429.5036240021275,97
2024-09-20 15:57:12.977000,429.4797457722117,999
2024-09-20 15:57:13.035000,429.3662090731284,7
2024-09-20 15:57:13.163000,429.3710883655981,8
2024-09-20 15:57:13.166000,429.3528162081032,98
2024-09-20 15:57:13.183000,429.3390311022348,102
2024-09-20 15:57:13.199000,429.3377658219101,1001
2024-09-20 15:57:13.329000,429.3386460781493,9
2024-09-20 15:57:13.344000,429.3451186861085,105
2024-09-20 15:57:13.464000,429.3406997714793,15
2024-09-20 15:57:13.600000,429.4023729100592,1003
2024-09-20 15:57:13.641000,429.3733343722037,95
2024-09-20 15:57:13.657000,429.3745116925262,1004
2024-09-20 15:57:13.781000,429.34292650348937,15
2024-09-20 15:57:13.828000,429.374037973638,998
2024-09-20 15:57:13.863000,429.3587437217047,996
2024-09-20 15:57:13.867000,429.372317735282,103
2024-09-20 15:57:13.877000,429.3653982462704,102
2024-09-20 15:57:13.904000,429.3999531707273,105
2024-09-20 15:57:14.007000,429.389318629008,97
2024-09-20 15:57:14.023000,429.4076262530853,1002
2024-09-20 15:57:14.033000,429.37868534054365,98
2024-09-20 15:57:14.039000,429.4094726330936,14
2024-09-20 15:57:14.062000,429.3670047840944,104
2024-09-20 15:57:14.154000,429.4197297881944,101
2024-09-20 15:57:14.160000,429.3769190240616,96
2024-09-20 15:57:14.170000,429.41608550823867,15
2024-09-20 15:57:14.179000,429.385156141287,104
2024-09-20 15:57:14.273000,429.4076521761739,10
2024-09-20 15:57:14.295000,429.411887631916,96
2024-09-20 15:57:14.360000,429.3744942186678,100
2024-09-20 15:57:14.471000,424.8392338672061,1005
2024-09-20 15:57:14.473000,429.40420205720767,7
2024-09-20 15:57:14.478000,429.40316884998265,6
2024-09-20 15:57:14.703000,429.4220358240958,102
2024-09-20 15:57:14.771000,429.39467381170766,11
2024-09-20 15:57:14.809000,429.4187935735333,12
2024-09-20 15:57:14.856000,429.4362181772117,8
2024-09-20 15:57:14.867000,429.3748152868961,96
2024-09-20 15:57:14.877000,429.3999338591296,1001
2024-09-20 15:57:14.882000,429.4023388712385,101
2024-09-20 15:57:15.028000,429.3566169513816,1004
2024-09-20 15:57:15.030000,429.3214146291573,997
2024-09-20 15:57:15.055000,429.3474271367445,101
2024-09-20 15:57:15.066000,429.4181125364921,12
2024-09-20 15:57:15.075000,429.4063638333451,8
2024-09-20 15:57:15.098000,429.3303218626727,8
2024-09-20 15:57:15.104000,429.4076769808314,97
2024-09-20 15:57:15.130000,429.4016959127554,997
2024-09-20 15:57:15.138000,424.8748623700988,8
2024-09-20 15:57:15.149000,429.3644330048487,8
2024-09-20 15:57:15.242000,429.36466139621047,104
2024-09-20 15:57:15.264000,429.41573078907015,995
2024-09-20 15:57:15.279000,429.397242753984,98
2024-09-20 15:57:15.282000,429.3539598711153,105
2024-09-20 15:57:15.311000,429.3375558907982,996
2024-09-20 15:57:15.318000,429.4003993800618,1005
2024-09-20 15:57:15.369000,429.34080770313153,104
2024-09-20 15:57:15.459000,429.31989052628006,5
2024-09-20 15:57:15.473000,429.3367397069095,8
2024-09-20 15:57:15.567000,429.39012538887073,1004
2024-09-20 15:57:15.581000,429.3948445164,103
2024-09-20 15:57:15.601000,429.3370259131416,99
2024-09-20 15:57:15.696000,429.43521095584265,12
2024-09-20 15:57:15.714000,429.33191105507217,1000
2024-09-20 15:57:15.826000,429.4271306086732,998
2024-09-20 15:57:15.828000,429.40535306880776,103
2024-09-20 15:57:15.873000,429.3754183503261,103
2024-09-20 15:57:15.890000,429.3443782490812,100
2024-09-20 15:57:15.929000,429.3463098983398,96
2024-09-20 15:57:16.028000,429.41865248206045,101
2024-09-20 15:57:16.130000,429.41917070418987,7
2024-09-20 15:57:16.203000,429.4040483857563,15
2024-09-20 15:57:16.227000,429.4073194622375,9
2024-09-20 15:57:16.273000,424.8993836109454,996
2024-09-20 15:57:16.312000,429.4127122644698,10
2024-09-20 15:57:16.353000,429.4204372780628,6
2024-09-20 15:57:16.401000,429.3883468812074,10
2024-09-20 15:57:16.411000,429.4090477683917,102
2024-09-20 15:57:16.424000,429.4044173789106,95
2024-09-20 15:57:16.460000,429.411031754866,105
2024-09-20 15:57:16.466000,429.4031704826516,8
2024-09-20 15:57:16.512000,429.4021108670392,103
2024-09-20 15:57:16.517000,429.41483181097055,14
2024-09-20 15:57:16.813000,429.3915992804788,1002
2024-09-20 15:57:16.815000,429.381380276219,95
2024-09-20 15:57:16.835000,429.3927078941152,1000
2024-09-20 15:57:16.855000,429.4327964345621,95
2024-09-20 15:57:16.903000,429.4142148258628,98
2024-09-20 15:57:16.942000,429.40433674182094,12
2024-09-20 15:57:16.977000,429.4184222758686,97
2024-09-20 15:57:17.069000,429.3748172050218,12
2024-09-20 15:57:17.177000,429.3018553760671,8
2024-09-20 15:57:17.289000,429.3306747702352,10
2024-09-20 15:57:17.297000,429.3438523160022,101
2024-09-20 15:57:17.300000,429.3384101754298,103
2024-09-20 15:57:17.318000,429.3560399233643,103
2024-09-20 15:57:17.323000,429.404519359198,15
2024-09-20 15:57:17.333000,429.3002261330983,8
2024-09-20 15:57:17.477000,429.3565463480673,1003
2024-09-20 15:57:17.480000,429.4191500017553,96
2024-09-20 15:57:17.487000,429.325802440901,101
2024-09-20 15:57:17.499000,429.4120333809445,96
2024-09-20 15:57:17.577000,429.3365047742834,1003
2024-09-20 15:57:17.582000,429.3563687076472,1000
2024-09-20 15:57:17.609000,429.3685434433262,96
2024-09-20 15:57:17.641000,429.3279099689144,13
2024-09-20 15:57:17.644000,429.3125981395807,996
2024-09-20 15:57:17.675000,429.3863835594522,1005
2024-09-20 15:57:17.678000,429.3400433334369,102
2024-09-20 15:57:17.692000,429.3661251998385,97
2024-09-20 15:57:17.700000,429.3359515969826,6
2024-09-20 15:57:17.735000,429.39577096732177,9
2024-09-20 15:57:17.757000,429.35096973977176,1001
2024-09-20 15:57:17.784000,429.31982044517576,1003
2024-09-20 15:57:17.835000,429.3826523290609,96
2024-09-20 15:57:17.893000,429.3607515083653,95
2024-09-20 15:57:17.943000,429.2986892146261,1000
2024-09-20 15:57:17.968000,429.41636276316376,1000
2024-09-20 15:57:18.036000,429.2438994740561,999
2024-09-20 15:57:18.111000,429.3037133053981,12
2024-09-20 15:57:18.196000,429.3102623895486,101
2024-09-20 15:57:18.219000,429.2533140286708,1002
2024-09-20 15:57:18.234000,429.2348587918944,10
2024-09-20 15:57:18.244000,429.3124642230249,103
2024-09-20 15:57:18.271000,429.30561373484267,12
2024-09-20 15:57:18.293000,429.2777742124585,14
2024-09-20 15:57:18.299000,429.24854905817006,13
2024-09-20 15:57:18.331000,429.3286200738142,105
2024-09-20 15:57:18.438000,429.2960849572973,9
2024-09-20 15:57:18.458000,429.2436772406314,998
2024-09-20 15:57:18.546000,429.32918596923327,14
2024-09-20 15:57:18.604000,429.2366827787304,13
2024-09-20 15:57:18.618000,429.2767282231793,996
2024-09-20 15:57:18.693000,429.2679426604221,95
2024-09-20 15:57:18.704000,429.3297541983874,999
2024-09-20 15:57:18.772000,429.2436079143317,1005
2024-09-20 15:57:18.793000,429.2877473643367,15
2024-09-20 15:57:18.801000,429.3343524581039,96
2024-09-20 15:57:18.836000,429.30849494847246,103
2024-09-20 15:57:18.867000,429.2567868104664,102
2024-09-20 15:57:18.981000,429.27185200650194,12
2024-09-20 15:57:19.056000,429.20557984439085,102
2024-09-20 15:57:19.131000,429.2115911811106,97
2024-09-20 15:57:19.136000,429.2620319604669,99
2024-09-20 15:57:19.137000,429.2203793280646,10
2024-09-20 15:57:19.198000,429.1970501056687,9
2024-09-20 15:57:19.293000,429.23306187835647,10
2024-09-20 15:57:19.302000,429.2305758409384,1005
2024-09-20 15:57:19.375000,429.2242176705821,10
2024-09-20 15:57:19.386000,429.23327414019633,105
2024-09-20 15:57:19.394000,429.2463362028904,100
2024-09-20 15:57:19.396000,429.2029944084192,1001
2024-09-20 15:57:19.398000,429.22578543671705,99
2024-09-20 15:57:19.416000,429.2429422255874,97
2024-09-20 15:57:19.427000,429.2024157950324,1002
2024-09-20 15:57:19.509000,429.198157117337,9
2024-09-20 15:57:19.513000,429.2294618400782,7
2024-09-20 15:57:19.560000,429.2316436811018,98
2024-09-20 15:57:19.595000,429.2292094370477,1003
2024-09-20 15:57:19.636000,429.2394540391125,1005
2024-09-20 15:57:19.725000,429.1984049976875,101
2024-09-20 15:57:19.750000,429.2167402574906,1002
2024-09-20 15:57:19.769000,429.2230119537113,996
2024-09-20 15:57:19.791000,429.2233024000545,8
2024-09-20 15:57:19.889000,429.2457393962157,104
2024-09-20 15:57:19.959000,429.20152305676334,6
2024-09-20 15:57:19.994000,429.21807485997465,104
2024-09-20 15:57:20.228000,429.2533345300226,995
2024-09-20 15:57:20.346000,429.249969961817,1005
2024-09-20 15:57:20.444000,429.2483531783431,995
2024-09-20 15:57:20.509000,429.2501177591472,10
2024-09-20 15:57:20.517000,429.2459741497195,6
2024-09-20 15:57:20.540000,429.2616141051334,1003
2024-09-20 15:57:20.626000,429.2508749776293,98
2024-09-20 15:57:20.701000,429.24955991065104,8
2024-09-20 15:57:20.709000,429.2591636341429,101
2024-09-20 15:57:20.836000,429.2298227498045,5
2024-09-20 15:57:20.873000,429.2233284731339,97
2024-09-20 15:57:21.090000,429.2294748531588,12
2024-09-20 15:57:21.093000,429.2150018795573,97
2024-09-20 15:57:21.111000,429.280508041759,997
2024-09-20 15:57:21.121000,429.2481389872073,10
2024-09-20 15:57:21.167000,429.2429724413694,12
2024-09-20 15:57:21.178000,429.27227910565415,9
2024-09-20 15:57:21.413000,429.2176653609399,8
2024-09-20 15:57:21.442000,429.2451448046056,13
2024-09-20 15:57:21.445000,429.2632904043985,100
2024-09-20 15:57:21.464000,429.24865833775294,1005
2024-09-20 15:57:21.492000,429.2752997851811,103
2024-09-20 15:57:21.676000,429.2511670571194,1003
2024-09-20 15:57:21.768000,429.2315917819973,105
2024-09-20 15:57:21.809000,429.25499719935897,14
2024-09-20 15:57:21.870000,429.2476941010264,95
2024-09-20 15:57:21.886000,429.2528738862432,15
2024-09-20 15:57:21.888000,429.2435998575688,103
2024-09-20 15:57:21.969000,429.23382870758064,996
2024-09-20 15:57:21.970000,429.2129683399729,101
2024-09-20 15:57:21.991000,429.2501920851785,96
2024-09-20 15:57:22.127000,429.2020621979306,95
2024-09-20 15:57:22.162000,429.2300971971512,96
2024-09-20 15:57:22.274000,429.1920867622497,104
2024-09-20 15:57:22.302000,429.2161381460847,9
2024-09-20 15:57:22.425000,429.204274562847,6
2024-09-20 15:57:22.581000,429.21273028963657,9
2024-09-20 15:57:22.629000,429.19093258854735,1004
2024-09-20 15:57:22.700000,429.1706677658377,995
2024-09-20 15:57:22.805000,429.18820754413815,105
2024-09-20 15:57:22.820000,429.1829716069402,13
2024-09-20 15:57:22.832000,424.7619093952231,98
2024-09-20 15:57:22.862000,429.2051985837074,97
2024-09-20 15:57:22.872000,429.2147114262625,6
2024-09-20 15:57:22.898000,429.2002742769205,999
2024-09-20 15:57:22.910000,429.1999847362916,6
2024-09-20 15:57:22.911000,429.2166908504275,95
2024-09-20 15:57:23.100000,429.1933924030757,101
2024-09-20 15:57:23.120000,429.1963267166742,10
2024-09-20 15:57:23.276000,429.2087161970746,996
2024-09-20 15:57:23.372000,429.1932787408515,7
2024-09-20 15:57:23.401000,429.2310152748071,8
2024-09-20 15:57:23.527000,429.196037468261,998
2024-09-20 15:57:23.619000,429.21929328674594,9
2024-09-20 15:57:23.625000,429.191283924895,998
2024-09-20 15:57:23.761000,429.1729765181511,12
2024-09-20 15:57:23.886000,429.2133229192759,97
2024-09-20 15:57:23.899000,429.1996063863821,10
2024-09-20 15:57:23.904000,429.2222701156411,100
2024-09-20 15:57:24.013000,429.1761953547256,996
2024-09-20 15:57:24.063000,429.15333118586113,98
2024-09-20 15:57:24.257000,429.1769935813984,996
2024-09-20 15:57:24.344000,429.15957375372017,103
2024-09-20 15:57:24.913000,429.1574229632852,996
2024-09-20 15:57:24.925000,429.1616188813427,97
2024-09-20 15:57:25.091000,429.15826148553344,8
2024-09-20 15:57:25.134000,429.2553916806461,14
2024-09-20 15:57:25.141000,429.24773036469264,1004
2024-09-20 15:57:25.166000,429.2612601093197,105
2024-09-20 15:57:25.171000,429.18152316373937,997
2024-09-20 15:57:25.204000,429.1661805446795,95
2024-09-20 15:57:25.208000,429.2682685566447,6
2024-09-20 15:57:25.236000,429.26720291239087,1004
2024-09-20 15:57:25.352000,429.1360180180722,1001
2024-09-20 15:57:25.454000,429.2252003832324,96
2024-09-20 15:57:25.541000,429.24178732065786,1000
2024-09-20 15:57:25.584000,429.218984665114,14
2024-09-20 15:57:25.638000,429.1577911057584,1001
2024-09-20 15:57:25.682000,429.18608199175753,999
2024-09-20 15:57:25.695000,429.2454392596924,11
2024-09-20 15:57:25.704000,429.262976665176,105
2024-09-20 15:57:25.705000,424.6379801861135,11
2024-09-20 15:57:25.770000,429.25539433271376,11
2024-09-20 15:57:25.785000,429.1322866566393,9
2024-09-20 15:57:25.828000,429.1790473884936,12
2024-09-20 15:57:25.829000,429.1776335265248,997
2024-09-20 15:57:25.920000,429.2436503655214,998
2024-09-20 15:57:25.966000,429.19822184351153,104
2024-09-20 15:57:25.978000,429.1352464176213,13
2024-09-20 15:57:25.983000,429.24330022628857,8
2024-09-20 15:57:25.983000,429.1530657674179,5
2024-09-20 15:57:26.105000,429.2447164622802,7
2024-09-20 15:57:26.143000,429.1994692668206,99
2024-09-20 15:57:26.227000,429.2161146212055,11
2024-09-20 15:57:26.278000,429.1928665037958,998
2024-09-20 15:57:26.298000,429.1633459210861,14
2024-09-20 15:57:26.318000,429.224717333008,102
2024-09-20 15:57:26.326000,429.2293893255284,11
2024-09-20 15:57:26.366000,429.2112822471701,105
2024-09-20 15:57:26.373000,429.1723260548608,1000
2024-09-20 15:57:26.459000,429.17569766552384,1005
2024-09-20 15:57:26.467000,429.1292607684856,13
2024-09-20 15:57:26.477000,429.2012750960321,1000
2024-09-20 15:57:26.577000,429.2241854760249,1000
2024-09-20 15:57:26.602000,429.2207685931674,997
2024-09-20 15:57:26.618000,429.1819384290605,9
2024-09-20 15:57:26.620000,429.1593267882164,99
2024-09-20 15:57:26.654000,429.15547696119415,999
2024-09-20 15:57:26.691000,429.1420183766063,12
2024-09-20 15:57:26.718000,429.1171782543691,9
2024-09-20 15:57:26.736000,429.1811526410308,102
2024-09-20 15:57:26.780000,429.1757984865823,6
2024-09-20 15:57:26.781000,429.2159802599247,5
2024-09-20 15:57:26.807000,429.21211878411776,98
2024-09-20 15:57:26.846000,429.2308785186716,11
2024-09-20 15:57:26.847000,429.22997850530487,999
2024-09-20 15:57:26.857000,429.141128597879,13
2024-09-20 15:57:26.883000,429.20771643923285,15
2024-09-20 15:57:26.884000,429.2148914563422,998
2024-09-20 15:57:26.959000,429.21337842654015,99
2024-09-20 15:57:26.966000,429.20717952032527,98
2024-09-20 15:57:27.082000,429.29090151540953,999
2024-09-20 15:57:27.083000,429.2468570363502,100
2024-09-20 15:57:27.136000,429.2820665277741,97
2024-09-20 15:57:27.221000,429.2688489644958,996
2024-09-20 15:57:27.339000,429.296507342471,10
2024-09-20 15:57:27.350000,429.28714606807375,98
2024-09-20 15:57:27.816000,429.26940327359887,998
2024-09-20 15:57:27.865000,429.2901104437379,1002
2024-09-20 15:57:27.867000,429.2726691289775,1005
2024-09-20 15:57:27.986000,429.2396440127818,7
2024-09-20 15:57:27.986000,429.22334476861687,98
2024-09-20 15:57:28.094000,429.32607993457685,104
2024-09-20 15:57:28.135000,429.30710613630055,13
2024-09-20 15:57:28.240000,429.3243811679744,99
2024-09-20 15:57:28.244000,429.31191384063305,99
2024-09-20 15:57:28.255000,429.3146027603461,12
2024-09-20 15:57:28.354000,429.3075337985722,98
2024-09-20 15:57:28.394000,429.29769477839375,95
2024-09-20 15:57:28.404000,429.32848718355183,10
2024-09-20 15:57:28.460000,429.30891339395504,97
2024-09-20 15:57:28.549000,429.29753537976177,13
2024-09-20 15:57:28.554000,429.33214766476345,1005
2024-09-20 15:57:28.619000,429.3323463663365,8
2024-09-20 15:57:28.633000,429.3158480652029,105
2024-09-20 15:57:28.752000,429.3192021525557,10
2024-09-20 15:57:28.793000,429.3115333694996,13
2024-09-20 15:57:28.808000,429.2990559092515,996
2024-09-20 15:57:28.891000,429.3345669241921,997
2024-09-20 15:57:28.953000,429.31724802858776,11
2024-09-20 15:57:29.118000,429.36020023906207,8
2024-09-20 15:57:29.151000,429.34652692913306,105
2024-09-20 15:57:29.181000,429.33391112553306,15
2024-09-20 15:57:29.469000,429.3269095369016,5
2024-09-20 15:57:29.790000,429.33724134990746,95
2024-09-20 15:57:29.821000,429.3582327286954,995
2024-09-20 15:57:29.834000,429.3407429036778,99
2024-09-20 15:57:29.849000,429.3064896653128,101
2024-09-20 15:57:29.957000,429.36939059376215,100
2024-09-20 15:57:30.069000,429.2928863751134,11
2024-09-20 15:57:30.124000,429.2867786374399,1000
2024-09-20 15:57:30.204000,429.3233530265695,10
2024-09-20 15:57:30.214000,429.30747866318586,1005
2024-09-20 15:57:30.221000,429.34152368944905,104
2024-09-20 15:57:30.340000,429.3056345083016,11
2024-09-20 15:57:30.365000,429.3412282768837,997
2024-09-20 15:57:30.377000,429.363132928579,12
2024-09-20 15:57:30.407000,429.2925507333154,1002
2024-09-20 15:57:30.537000,429.3306635630814,97
2024-09-20 15:57:30.538000,429.3127004037583,1004
2024-09-20 15:57:30.542000,429.32091969794,996
2024-09-20 15:57:30.548000,429.3457601022352,995
2024-09-20 15:57:30.626000,429.32901634385365,100
2024-09-20 15:57:30.658000,429.3214045524709,1003
2024-09-20 15:57:30.705000,429.3569775340887,15
2024-09-20 15:57:30.736000,429.3647196847336,6
2024-09-20 15:57:30.776000,424.5909859785575,15
2024-09-20 15:57:30.816000,429.36524097911627,8
2024-09-20 15:57:30.902000,429.357911119575,5
2024-09-20 15:57:30.914000,424.6460054482601,105
2024-09-20 15:57:30.974000,429.3655376287148,996
2024-09-20 15:57:30.974000,429.3611971533649,104
2024-09-20 15:57:31.629000,429.3489070382853,96
2024-09-20 15:57:32.083000,429.3391229165349,999
2024-09-20 15:57:32.125000,429.3181084872836,1001
2024-09-20 15:57:32.128000,429.3695525574978,8
2024-09-20 15:57:32.291000,429.3508497785664,1003
2024-09-20 15:57:32.365000,429.3219523601322,102
2024-09-20 15:57:32.394000,429.3738807207741,97
2024-09-20 15:57:32.422000,429.3536325379276,99
2024-09-20 15:57:32.471000,429.3016045603353,1004
2024-09-20 15:57:32.641000,429.3765396971924,9
2024-09-20 15:57:32.646000,429.353548571552,15
2024-09-20 15:57:32.763000,429.3560938381682,1002
2024-09-20 15:57:32.765000,429.3256976607106,99
2024-09-20 15:57:32.773000,429.3718209041225,999
2024-09-20 15:57:32.994000,429.36783029459576,103
2024-09-20 15:57:33.034000,429.3644234059536,1000
2024-09-20 15:57:33.079000,429.3799621389923,1001
2024-09-20 15:57:33.091000,429.3279468617636,1001
2024-09-20 15:57:33.100000,429.3435685419496,105
2024-09-20 15:57:33.202000,429.3425817332674,998
2024-09-20 15:57:33.261000,429.3295686618378,1002
2024-09-20 15:57:33.452000,429.3265455411356,96
2024-09-20 15:57:33.500000,429.36536719163456,8
2024-09-20 15:57:33.624000,429.372411341501,99
2024-09-20 15:57:33.652000,429.3880983951817,105
2024-09-20 15:57:33.678000,429.3231206013344,1000
2024-09-20 15:57:33.727000,429.3660446650889,999
2024-09-20 15:57:33.760000,429.3827594603435,11
2024-09-20 15:57:33.814000,429.35171341765744,5
2024-09-20 15:57:33.850000,429.3834304930206,14
2024-09-20 15:57:33.902000,429.38194417968094,103
2024-09-20 15:57:34.001000,429.3135998404914,97
2024-09-20 15:57:34.084000,429.298445147564,99
2024-09-20 15:57:34.086000,429.22941320986666,99
2024-09-20 15:57:34.088000,429.2737917408954,1005
2024-09-20 15:57:34.152000,429.3033890173209,102
2024-09-20 15:57:34.199000,429.3059152896348,103
2024-09-20 15:57:34.291000,429.2987307546509,999
2024-09-20 15:57:34.326000,429.3264720872924,96
2024-09-20 15:57:34.376000,424.592067325952,8
2024-09-20 15:57:34.428000,429.3434819062025,102
2024-09-20 15:57:34.434000,429.2161555528002,5
2024-09-20 15:57:34.460000,429.25341945777296,14
2024-09-20 15:57:34.472000,429.3005265376454,8
2024-09-20 15:57:34.515000,429.27067732066655,6
2024-09-20 15:57:34.527000,429.2695223826392,97
2024-09-20 15:57:34.529000,429.2612867369512,13
2024-09-20 15:57:34.531000,429.28381613653136,105
2024-09-20 15:57:34.566000,429.29599245497656,103
2024-09-20 15:57:34.594000,429.2758749709298,1003
2024-09-20 15:57:34.613000,429.2824761585045,11
2024-09-20 15:57:34.692000,429.2272808662085,999
2024-09-20 15:57:34.711000,429.2980869140546,104
2024-09-20 15:57:34.724000,429.27003706869226,998
2024-09-20 15:57:34.730000,429.3071642559058,998
2024-09-20 15:57:34.735000,429.274961870158,9
2024-09-20 15:57:34.795000,429.2410517429235,1005
2024-09-20 15:57:34.869000,429.2484833606521,1004
2024-09-20 15:57:34.884000,429.2938509642102,9
2024-09-20 15:57:35.237000,429.26014689562567,15
2024-09-20 15:57:35.564000,429.25937036326826,1001
2024-09-20 15:57:35.604000,429.2561493798145,999
2024-09-20 15:57:35.668000,429.2647226353658,98
2024-09-20 15:57:35.677000,429.2801619300533,103
2024-09-20 15:57:36.039000,429.1982842077634,995
2024-09-20 15:57:36.064000,429.1897325150006,9
2024-09-20 15:57:36.079000,429.1822814549621,6
2024-09-20 15:57:36.091000,429.22202539046447,14
2024-09-20 15:57:36.094000,429.195450991178,15
2024-09-20 15:57:36.114000,424.5517596220709,1004
2024-09-20 15:57:36.131000,429.24137554127407,102
2024-09-20 15:57:36.178000,429.2081326297812,104
2024-09-20 15:57:36.195000,429.2257092109083,11
2024-09-20 15:57:36.243000,429.2322759048413,95
2024-09-20 15:57:36.278000,429.2248711949926,11
2024-09-20 15:57:36.279000,429.2613000000613,6
2024-09-20 15:57:36.349000,429.2042480720783,97
2024-09-20 15:57:36.359000,429.2036479004692,10
2024-09-20 15:57:36.369000,429.19694267668206,997
2024-09-20 15:57:36.383000,429.2147461287618,1001
2024-09-20 15:57:36.482000,429.2487487311116,100
2024-09-20 15:57:36.515000,429.2600780122551,1001
2024-09-20 15:57:36.517000,429.2157882845761,1002
2024-09-20 15:57:36.567000,429.26189767153295,105
2024-09-20 15:57:36.623000,429.2435302725253,999
2024-09-20 15:57:36.642000,429.2517620381826,12
2024-09-20 15:57:36.651000,429.2138507188209,6
2024-09-20 15:57:36.731000,429.22530452621857,95
2024-09-20 15:57:36.791000,429.19149367260417,1001
2024-09-20 15:57:36.830000,429.201166325146,1005
2024-09-20 15:57:36.909000,429.2145239116255,104
2024-09-20 15:57:36.935000,429.2818025111005,1001
2024-09-20 15:57:37.077000,429.2367139076776,15
2024-09-20 15:57:37.826000,429.2227726803771,96
2024-09-20 15:57:38.186000,429.1955932296957,995
2024-09-20 15:57:38.191000,429.1916784763125,99
2024-09-20 15:57:38.197000,429.2364966817058,15
2024-09-20 15:57:38.207000,429.1918525276122,996
2024-09-20 15:57:38.359000,429.2193452208589,6
2024-09-20 15:57:38.534000,429.21603555304944,1000
2024-09-20 15:57:38.562000,429.2406458846101,1004
2024-09-20 15:57:38.634000,429.21503025585184,999
2024-09-20 15:57:38.869000,429.2655921650236,14
2024-09-20 15:57:39,429.318347927613,1004
2024-09-20 15:57:39.035000,429.3409513533789,1003
2024-09-20 15:57:39.133000,429.3114017317642,6
2024-09-20 15:57:39.146000,429.3212400600896,1003
2024-09-20 15:57:39.163000,429.22584606577374,997
2024-09-20 15:57:39.214000,429.2547181304631,999
2024-09-20 15:57:39.215000,429.2153843429464,97
2024-09-20 15:57:39.246000,429.29643703693927,103
2024-09-20 15:57:39.264000,429.27334843567127,999
2024-09-20 15:57:39.298000,429.24645330522793,104
2024-09-20 15:57:39.382000,429.2289448680192,1005
2024-09-20 15:57:39.394000,429.298237959625,14
2024-09-20 15:57:39.430000,429.3194575655905,10
2024-09-20 15:57:39.432000,429.230451972501,10
2024-09-20 15:57:39.481000,429.3356033588959,103
2024-09-20 15:57:39.543000,429.32314332106233,100
2024-09-20 15:57:39.580000,429.3387435574107,105
2024-09-20 15:57:39.625000,429.2432789641925,999
2024-09-20 15:57:39.812000,429.2809035661061,998
2024-09-20 15:57:39.838000,429.3371091542491,997
2024-09-20 15:57:39.873000,429.3246871173748,998
2024-09-20 15:57:39.887000,429.3020081600678,13
2024-09-20 15:57:39.891000,429.3119297067903,997
2024-09-20 15:57:39.934000,429.33366048941207,100
2024-09-20 15:57:39.965000,429.26443251645526,6
2024-09-20 15:57:39.969000,429.3360993580721,7
2024-09-20 15:57:40.219000,429.31797714121694,1001
2024-09-20 15:57:40.564000,429.31745957205874,103
2024-09-20 15:57:40.580000,429.3357837579529,100
2024-09-20 15:57:40.777000,429.2986431283964,1002
2024-09-20 15:57:40.998000,424.6837929346601,12
2024-09-20 15:57:41.038000,429.321098091822,10
2024-09-20 15:57:41.057000,429.3013635155753,1002
2024-09-20 15:57:41.107000,429.31365857700814,1005
2024-09-20 15:57:41.183000,429.2984868125624,997
2024-09-20 15:57:41.202000,429.31423004300063,5
2024-09-20 15:57:41.253000,429.3245755190853,15
2024-09-20 15:57:41.319000,429.3051123919382,5
2024-09-20 15:57:41.319000,429.3224728892295,15
2024-09-20 15:57:41.351000,429.3200999726909,998
2024-09-20 15:57:41.386000,429.31229794410433,101
2024-09-20 15:57:41.470000,429.2940417253646,105
2024-09-20 15:57:41.472000,429.3319976241344,15
2024-09-20 15:57:41.520000,429.3020154223239,99
2024-09-20 15:57:41.560000,429.33198392812926,10
2024-09-20 15:57:41.567000,429.30874106618006,104
2024-09-20 15:57:41.624000,429.3128379412476,100
2024-09-20 15:57:41.821000,429.3176892683077,99
2024-09-20 15:57:41.843000,429.3252004206756,102
2024-09-20 15:57:41.847000,429.3156125943694,102
2024-09-20 15:57:41.913000,429.3291878789811,6
2024-09-20 15:57:42.029000,429.3268136481415,8
2024-09-20 15:57:42.079000,429.2984014201075,14
2024-09-20 15:57:42.132000,429.2985116243225,995
2024-09-20 15:57:42.271000,429.28870707680784,7
2024-09-20 15:57:42.394000,429.2942487743226,11
2024-09-20 15:57:42.431000,429.3218990592658,10
2024-09-20 15:57:42.550000,429.3178667063012,10
2024-09-20 15:57:42.657000,429.3144296661002,15
2024-09-20 15:57:42.829000,429.2906722225045,996
2024-09-20 15:57:42.876000,429.3056250873352,97
2024-09-20 15:57:42.883000,429.3118992199244,102
2024-09-20 15:57:43.016000,429.29870557319447,100
2024-09-20 15:57:43.252000,429.3125811241136,11
2024-09-20 15:57:43.289000,429.2776652338255,98
2024-09-20 15:57:43.300000,429.3053365554581,995
2024-09-20 15:57:43.345000,429.27726908539074,14
2024-09-20 15:57:43.373000,429.2810809490709,8
2024-09-20 15:57:43.401000,429.2966854254157,10
2024-09-20 15:57:43.504000,429.3008452664782,98
2024-09-20 15:57:43.521000,429.2932763878734,7
2024-09-20 15:57:43.564000,429.24699362044976,102
2024-09-20 15:57:43.603000,429.2482688887668,995
2024-09-20 15:57:43.704000,429.3170500728961,95
2024-09-20 15:57:43.753000,429.3042955916261,98
2024-09-20 15:57:43.809000,429.2843922627197,14
2024-09-20 15:57:43.815000,429.2882291998455,1003
2024-09-20 15:57:44.052000,429.281189438849,9
2024-09-20 15:57:44.057000,429.1961968068334,8
2024-09-20 15:57:44.090000,429.20505652413885,6
2024-09-20 15:57:44.107000,429.19433786758736,1005
2024-09-20 15:57:44.152000,429.2187169466371,995
2024-09-20 15:57:44.178000,429.2816144760321,11
2024-09-20 15:57:44.298000,429.2280607055896,12
2024-09-20 15:57:44.390000,429.2688826505298,1002
2024-09-20 15:57:44.395000,429.25390318065,10
2024-09-20 15:57:44.405000,429.2716553239814,95
2024-09-20 15:57:44.502000,429.21286688483406,105
2024-09-20 15:57:44.598000,429.2710406171981,15
2024-09-20 15:57:44.602000,429.1933784481406,12
2024-09-20 15:57:44.607000,429.2684466723581,1000
2024-09-20 15:57:44.672000,429.1754107355523,15
2024-09-20 15:57:44.719000,429.2699178693516,98
2024-09-20 15:57:44.732000,429.2364088633125,15
2024-09-20 15:57:44.755000,429.26321205038977,11
2024-09-20 15:57:44.820000,429.21644281266384,95
2024-09-20 15:57:44.863000,429.1905375193805,996
2024-09-20 15:57:44.889000,429.2246489586514,13
2024-09-20 15:57:44.893000,429.270042403857,995
2024-09-20 15:57:44.899000,429.21580397962657,1000
2024-09-20 15:57:44.946000,429.2481366964004,6
2024-09-20 15:57:44.995000,429.2187189967202,98
2024-09-20 15:57:45.035000,429.1624274167486,97
2024-09-20 15:57:45.096000,429.1555127958685,5
2024-09-20 15:57:45.142000,429.2079219593089,1002
2024-09-20 15:57:45.149000,429.19179691767096,103
2024-09-20 15:57:45.170000,429.1612420508196,10
2024-09-20 15:57:45.193000,429.1321413862092,14
2024-09-20 15:57:45.204000,429.1478313132866,100
2024-09-20 15:57:45.228000,429.1630558009544,1001
2024-09-20 15:57:45.275000,429.18049887640393,995
2024-09-20 15:57:45.412000,429.2087776080103,1000
2024-09-20 15:57:45.600000,429.2114376749464,105
2024-09-20 15:57:45.616000,429.1643688322336,15
2024-09-20 15:57:45.639000,429.1793121465752,101
2024-09-20 15:57:45.675000,429.1801439537308,5
2024-09-20 15:57:45.714000,429.15874139503904,998
2024-09-20 15:57:45.773000,429.15673544740974,100
2024-09-20 15:57:45.774000,429.16864540799446,98
2024-09-20 15:57:45.825000,429.22091139626,15
2024-09-20 15:57:45.859000,429.2217592504276,5
2024-09-20 15:57:45.905000,429.1593244635697,104
2024-09-20 15:57:45.994000,429.1614682529267,1003
2024-09-20 15:57:46.051000,429.1374879579682,100
2024-09-20 15:57:46.152000,429.17849326032376,9
2024-09-20 15:57:46.195000,429.1418490671393,104
2024-09-20 15:57:46.204000,429.1651061653516,1000
2024-09-20 15:57:46.204000,429.2166784657543,95
2024-09-20 15:57:46.234000,429.2224292782712,999
2024-09-20 15:57:46.237000,429.1376207067153,1002
2024-09-20 15:57:46.272000,429.2159805415533,8
2024-09-20 15:57:46.299000,429.2173036778397,999
2024-09-20 15:57:46.404000,429.20425383902784,103
2024-09-20 15:57:46.470000,429.2062182811181,1000
2024-09-20 15:57:46.514000,429.1923374538718,104
2024-09-20 15:57:46.546000,429.1933250770027,998
2024-09-20 15:57:46.578000,429.1991351147468,997
2024-09-20 15:57:46.605000,429.2327572277103,1000
2024-09-20 15:57:46.646000,429.21527222028544,15
2024-09-20 15:57:46.772000,429.1888889022104,995
2024-09-20 15:57:46.777000,429.1447253921473,101
2024-09-20 15:57:46.785000,429.2108597529402,1003
2024-09-20 15:57:46.834000,429.185731103146,8
2024-09-20 15:57:46.850000,429.1395034551823,9
2024-09-20 15:57:46.900000,429.209755736246,9
2024-09-20 15:57:46.904000,429.2233419980236,99
2024-09-20 15:57:46.916000,429.203713176626,15
2024-09-20 15:57:46.932000,429.22622623582834,1004
2024-09-20 15:57:46.975000,429.1868814095057,997
2024-09-20 15:57:47.235000,429.15871537463926,1002
2024-09-20 15:57:47.249000,429.15576500489567,13
2024-09-20 15:57:47.381000,429.1619564197536,100
2024-09-20 15:57:47.382000,429.1852728712661,99
2024-09-20 15:57:47.411000,429.1725033084332,9
2024-09-20 15:57:47.449000,429.1655345741061,1003
2024-09-20 15:57:47.517000,429.1892728139509,8
2024-09-20 15:57:47.526000,429.18624155257527,1002
2024-09-20 15:57:47.581000,429.1478210177972,97
2024-09-20 15:57:47.739000,424.6827745802358,998
2024-09-20 15:57:48.034000,429.2011035206317,1002
2024-09-20 15:57:48.106000,429.18307952670847,96
2024-09-20 15:57:48.236000,429.2040602133815,105
2024-09-20 15:57:48.275000,429.19979941261926,1004
2024-09-20 15:57:48.460000,429.19528095177566,104
2024-09-20 15:57:48.484000,429.1968223051022,101
2024-09-20 15:57:48.563000,429.2027696659842,15
2024-09-20 15:57:48.638000,429.2198068196176,7
2024-09-20 15:57:48.728000,424.580637343235,105
2024-09-20 15:57:48.814000,429.1935585404808,9
2024-09-20 15:57:48.908000,429.1899188205037,1003
2024-09-20 15:57:48.941000,429.194435305176,97
2024-09-20 15:57:49.020000,429.1990332714364,99
2024-09-20 15:57:49.081000,429.2004192787337,999
2024-09-20 15:57:49.081000,429.1937239598899,96
2024-09-20 15:57:49.112000,429.1934758620106,1002
2024-09-20 15:57:49.173000,429.203751652256,15
2024-09-20 15:57:49.208000,429.1908372819384,101
2024-09-20 15:57:49.215000,429.2277779062297,103
2024-09-20 15:57:49.269000,429.21006099282914,14
2024-09-20 15:57:49.314000,429.1842876637055,998
2024-09-20 15:57:49.334000,429.2207874574377,13
2024-09-20 15:57:49.344000,429.2265718447241,105
2024-09-20 15:57:49.347000,429.23477615040827,10
2024-09-20 15:57:49.424000,429.22275191522175,95
2024-09-20 15:57:49.496000,429.20548005410586,105
2024-09-20 15:57:49.588000,429.2053502670928,102
2024-09-20 15:57:49.640000,429.2272878674017,14
2024-09-20 15:57:49.660000,429.2068587683198,15
2024-09-20 15:57:49.765000,429.19320851622126,8
2024-09-20 15:57:49.845000,429.2121429248774,15
2024-09-20 15:57:49.915000,429.1914994838309,100
2024-09-20 15:57:49.950000,429.2303006090499,1004
2024-09-20 15:57:49.956000,429.1860648347348,5
2024-09-20 15:57:50.011000,429.1568140596197,995
2024-09-20 15:57:50.021000,429.1421489787198,1003
2024-09-20 15:57:50.030000,429.14740295649926,1004
2024-09-20 15:57:50.128000,424.57109057401,15
2024-09-20 15:57:50.133000,429.18752847526576,9
2024-09-20 15:57:50.134000,429.1940208867695,6
2024-09-20 15:57:50.149000,429.1436197809029,12
2024-09-20 15:57:50.152000,429.18543713437526,8
2024-09-20 15:57:50.217000,429.1512723078198,6
2024-09-20 15:57:50.242000,429.1497067947117,1005
2024-09-20 15:57:50.244000,429.1564285866853,996
2024-09-20 15:57:50.303000,429.16449501738913,999
2024-09-20 15:57:50.307000,429.1528011081011,10
2024-09-20 15:57:50.343000,429.1735497266428,101
2024-09-20 15:57:50.390000,429.1559084607264,102
2024-09-20 15:57:50.396000,429.1377322198308,13
2024-09-20 15:57:50.399000,429.1623872800942,101
2024-09-20 15:57:50.490000,429.17927991130153,996
2024-09-20 15:57:50.507000,429.1590563919875,13
2024-09-20 15:57:50.510000,429.1698103087272,996
2024-09-20 15:57:50.511000,429.1532339896167,10
2024-09-20 15:57:50.549000,429.1423051144921,11
2024-09-20 15:57:50.570000,429.1480084020649,97
2024-09-20 15:57:50.589000,429.1911664297078,995
2024-09-20 15:57:50.611000,429.15803284229656,5
2024-09-20 15:57:50.636000,429.1255364212,9
2024-09-20 15:57:50.700000,429.1490977455227,13
2024-09-20 15:57:50.754000,429.1638789004431,1002
2024-09-20 15:57:50.857000,429.1580533733148,14
2024-09-20 15:57:50.939000,429.1669572943313,15
2024-09-20 15:57:51.046000,429.1686869932289,105
2024-09-20 15:57:51.105000,429.160956866029,104
2024-09-20 15:57:51.109000,429.145338291706,99
2024-09-20 15:57:51.151000,429.1783179472616,95
2024-09-20 15:57:51.173000,429.15091708504747,997
2024-09-20 15:57:51.199000,429.1547848978269,13
2024-09-20 15:57:51.287000,429.14611933678793,1004
2024-09-20 15:57:51.318000,429.16605059785405,1000
2024-09-20 15:57:51.403000,429.1566669458552,1001
2024-09-20 15:57:51.414000,429.1577296380323,6
2024-09-20 15:57:51.415000,429.1634493782977,999
2024-09-20 15:57:51.417000,429.137475242403,9
2024-09-20 15:57:51.532000,429.13613164865177,995
2024-09-20 15:57:51.554000,429.1461597479041,9
2024-09-20 15:57:51.619000,429.1710884799537,97
2024-09-20 15:57:51.660000,429.1455399168132,105
2024-09-20 15:57:51.721000,429.1404651840514,95
2024-09-20 15:57:51.811000,429.1680827055257,1001
2024-09-20 15:57:51.843000,429.1319980826368,1004
2024-09-20 15:57:51.900000,429.0996080371541,5
2024-09-20 15:57:51.920000,429.1602895787124,9
2024-09-20 15:57:51.941000,429.1354573511142,7
2024-09-20 15:57:52.117000,429.0447498628886,13
2024-09-20 15:57:52.190000,429.0569478240672,95
2024-09-20 15:57:52.250000,429.0473255803518,12
2024-09-20 15:57:52.389000,429.06178913261016,96
2024-09-20 15:57:52.511000,429.0701955846198,12
2024-09-20 15:57:52.664000,429.0562735029204,1000
2024-09-20 15:57:52.691000,429.10723219298126,1004
2024-09-20 15:57:52.750000,429.058462895442,7
2024-09-20 15:57:52.973000,429.0924659317823,101
2024-09-20 15:57:52.986000,429.0443684223923,999
2024-09-20 15:57:53.246000,429.0443411944933,997
2024-09-20 15:57:53.254000,429.0342583450288,997
2024-09-20 15:57:53.274000,429.0363513624468,1003
2024-09-20 15:57:53.343000,428.9541799823228,13
2024-09-20 15:57:53.361000,428.9960252254999,11
2024-09-20 15:57:53.416000,429.03044505587815,1001
2024-09-20 15:57:53.417000,428.98378534451,101
2024-09-20 15:57:53.445000,429.0336200149732,102
2024-09-20 15:57:53.519000,428.9943625860643,9
2024-09-20 15:57:53.562000,429.0411529357911,10
2024-09-20 15:57:53.661000,429.0414901725165,102
2024-09-20 15:57:53.739000,429.0003840875219,98
2024-09-20 15:57:53.777000,428.9804236808096,7
2024-09-20 15:57:53.804000,428.9652288650436,104
2024-09-20 15:57:53.999000,428.9605890056207,999
2024-09-20 15:57:54.094000,428.98904069345406,1002
2024-09-20 15:57:54.119000,428.98921804897066,1000
2024-09-20 15:57:54.582000,428.9973644999812,15
2024-09-20 15:57:54.917000,429.0214444387488,999
2024-09-20 15:57:54.926000,429.01925267802153,996
2024-09-20 15:57:55.041000,429.0669494258006,1003
2024-09-20 15:57:55.095000,429.0575085414924,105
2024-09-20 15:57:55.160000,429.0782503069696,996
2024-09-20 15:57:55.172000,429.07419628522393,1002
2024-09-20 15:57:55.283000,429.10084882894216,13
2024-09-20 15:57:55.322000,429.0600038779763,1002
2024-09-20 15:57:55.349000,429.0604329007618,1003
2024-09-20 15:57:55.359000,429.0881644002089,103
2024-09-20 15:57:55.375000,429.0693072304886,997
2024-09-20 15:57:55.384000,429.09955414609806,95
2024-09-20 15:57:55.402000,429.06411753818185,104
2024-09-20 15:57:55.434000,429.06401025337937,11
2024-09-20 15:57:55.447000,429.0634312458337,99
2024-09-20 15:57:55.496000,429.0834371364642,13
2024-09-20 15:57:55.551000,429.0457290165061,999
2024-09-20 15:57:55.644000,429.0546410727134,995
2024-09-20 15:57:55.675000,429.057266247279,10
2024-09-20 15:57:55.781000,429.02593466821736,996
2024-09-20 15:57:55.800000,429.055536815677,14
2024-09-20 15:57:55.802000,429.08471870422665,1001
2024-09-20 15:57:55.824000,429.0542470712248,996
2024-09-20 15:57:55.833000,429.0941547511159,1000
2024-09-20 15:57:55.839000,429.08306489527575,15
2024-09-20 15:57:55.871000,429.08120775102736,98
2024-09-20 15:57:55.940000,429.0637920094652,95
2024-09-20 15:57:55.961000,429.0745150144128,98
2024-09-20 15:57:55.980000,429.0641814013194,1001
2024-09-20 15:57:56.145000,424.58286594243054,10
2024-09-20 15:57:57.272000,429.0560298394686,101
2024-09-20 15:57:57.298000,429.0819439032105,102
2024-09-20 15:57:57.367000,429.06689257423216,103
2024-09-20 15:57:57.680000,429.0709448097233,1005
2024-09-20 15:57:57.782000,429.0666715026329,99
2024-09-20 15:57:57.831000,429.060206132632,8
2024-09-20 15:57:57.874000,429.0592060510587,103
2024-09-20 15:57:58.021000,429.08774633626587,13
2024-09-20 15:57:58.036000,429.1057022523129,99
2024-09-20 15:57:58.038000,429.0883016723943,6
2024-09-20 15:57:58.184000,429.0664932756551,1004
2024-09-20 15:57:58.200000,429.0933243833182,99
2024-09-20 15:57:58.204000,429.0622690365417,13
2024-09-20 15:57:58.210000,429.0778061667641,9
2024-09-20 15:57:58.244000,429.1539686035828,1001
2024-09-20 15:57:58.254000,429.0870685713335,12
2024-09-20 15:57:58.259000,429.08294743190766,1005
2024-09-20 15:57:58.264000,429.0670895569682,1001
2024-09-20 15:57:58.380000,429.1242960618125,102
2024-09-20 15:57:58.381000,429.0611205314952,101
2024-09-20 15:57:58.483000,429.0861439987192,10
2024-09-20 15:57:58.505000,429.09652159935024,9
2024-09-20 15:57:58.539000,429.1608576632536,9
2024-09-20 15:57:58.547000,429.0654440175704,1004
2024-09-20 15:57:58.609000,429.0703660957333,100
2024-09-20 15:57:58.664000,429.0749108131355,1004
2024-09-20 15:57:58.665000,429.0737850027626,99
2024-09-20 15:57:58.673000,429.1373921244694,998
2024-09-20 15:57:58.788000,429.059648108672,995
2024-09-20 15:57:58.879000,429.067777118538,13
2024-09-20 15:57:58.929000,429.0938745199275,995
2024-09-20 15:57:58.954000,429.0633829081472,97
2024-09-20 15:57:59.053000,429.1415604350108,1000
2024-09-20 15:57:59.065000,429.0390277661719,14
2024-09-20 15:57:59.073000,429.14939121675087,95
2024-09-20 15:57:59.140000,429.1038124149089,998
2024-09-20 15:57:59.189000,429.14351593190713,104
2024-09-20 15:57:59.216000,429.07800233319153,100
2024-09-20 15:57:59.240000,429.1033573836779,96
2024-09-20 15:57:59.265000,429.1071447917502,8
2024-09-20 15:57:59.269000,429.0990397300097,996
2024-09-20 15:57:59.272000,429.0809775813912,105
2024-09-20 15:57:59.379000,429.0618999395194,13
2024-09-20 15:57:59.421000,429.11521251880094,5
2024-09-20 15:57:59.424000,429.1356021776735,6
2024-09-20 15:57:59.451000,429.11846022800125,1003
2024-09-20 15:57:59.509000,429.0770782386878,997
2024-09-20 15:57:59.511000,429.1326433631678,102
2024-09-20 15:57:59.561000,429.1035545965657,101
2024-09-20 15:57:59.604000,424.58751865533327,997
2024-09-20 15:57:59.658000,429.0441087213581,105
2024-09-20 15:57:59.668000,429.0494176937873,999
2024-09-20 15:57:59.719000,429.0424344348397,96
2024-09-20 15:57:59.803000,429.05386865399055,1000
2024-09-20 15:57:59.828000,429.1187838960344,102
2024-09-20 15:57:59.830000,429.1442687768648,7
2024-09-20 15:57:59.887000,429.1333008879053,15
2024-09-20 15:57:59.981000,429.05031197733314,12
2024-09-20 15:57:59.982000,429.1287350136433,6
2024-09-20 15:57:59.994000,429.0759706149239,101
