Timestamp,Price,Size
2024-09-19 10:54:00.014000,419.90833357611183,14
2024-09-19 10:54:00.054000,419.93900010638185,97
2024-09-19 10:54:00.068000,419.94156774962784,1003
2024-09-19 10:54:00.129000,419.9278069855117,996
2024-09-19 10:54:00.170000,419.9427994194074,5
2024-09-19 10:54:00.185000,419.9614040704311,8
2024-09-19 10:54:00.345000,419.92748887463904,105
2024-09-19 10:54:00.366000,419.9672025767375,15
2024-09-19 10:54:00.372000,419.90261757672033,997
2024-09-19 10:54:00.402000,419.9100016024585,1001
2024-09-19 10:54:00.502000,419.9138818701208,998
2024-09-19 10:54:00.540000,419.94626257889416,6
2024-09-19 10:54:00.593000,419.91853583531554,5
2024-09-19 10:54:00.645000,419.9053782639525,100
2024-09-19 10:54:00.748000,419.9248571947145,1003
2024-09-19 10:54:00.794000,419.9369727187762,15
2024-09-19 10:54:00.820000,419.9364902410095,1000
2024-09-19 10:54:00.852000,419.9109795094208,1000
2024-09-19 10:54:00.854000,419.9176373216491,103
2024-09-19 10:54:00.899000,419.9198359591389,105
2024-09-19 10:54:00.944000,419.89995260373246,95
2024-09-19 10:54:00.963000,419.9339873389288,97
2024-09-19 10:54:01,419.917917479545,100
2024-09-19 10:54:01.040000,419.9106131041341,14
2024-09-19 10:54:01.128000,419.87746839222814,1004
2024-09-19 10:54:01.131000,419.8953499070706,100
2024-09-19 10:54:01.162000,419.90456026556313,1004
2024-09-19 10:54:01.189000,419.91348453527536,5
2024-09-19 10:54:01.199000,419.903869154544,103
2024-09-19 10:54:01.279000,419.8945353637605,6
2024-09-19 10:54:01.305000,419.9055728409997,8
2024-09-19 10:54:01.365000,419.90490202829005,96
2024-09-19 10:54:01.384000,419.9124221824488,11
2024-09-19 10:54:01.416000,419.90964240662737,99
2024-09-19 10:54:01.461000,419.9211150722389,1001
2024-09-19 10:54:01.476000,419.892734414044,11
2024-09-19 10:54:01.488000,419.88383898696657,102
2024-09-19 10:54:01.497000,419.8829611326294,13
2024-09-19 10:54:01.532000,419.8850988717301,99
2024-09-19 10:54:01.586000,419.8976142380061,1003
2024-09-19 10:54:01.600000,419.8932992133065,96
2024-09-19 10:54:01.675000,419.88140725943776,1002
2024-09-19 10:54:01.714000,419.90705748869664,995
2024-09-19 10:54:01.866000,419.8915171995112,6
2024-09-19 10:54:01.872000,419.9152158032676,5
2024-09-19 10:54:01.883000,419.8671888650453,98
2024-09-19 10:54:01.926000,419.902083659435,14
2024-09-19 10:54:01.944000,419.90938338633794,99
2024-09-19 10:54:01.954000,419.9111568589173,7
2024-09-19 10:54:01.954000,419.9066165762917,102
2024-09-19 10:54:01.955000,419.8925364477918,95
2024-09-19 10:54:02.010000,419.9364670974379,8
2024-09-19 10:54:02.048000,419.90690806719726,995
2024-09-19 10:54:02.063000,419.8826994341222,999
2024-09-19 10:54:02.084000,419.88685800473706,15
2024-09-19 10:54:02.104000,419.9379823398728,9
2024-09-19 10:54:02.143000,419.9854990545186,9
2024-09-19 10:54:02.161000,419.97258817750713,100
2024-09-19 10:54:02.235000,419.9457189155729,6
2024-09-19 10:54:02.243000,419.9155158875375,998
2024-09-19 10:54:02.291000,419.9595690705572,5
2024-09-19 10:54:02.301000,419.9151024734979,95
2024-09-19 10:54:02.343000,419.9791203507274,5
2024-09-19 10:54:02.382000,419.952561108661,13
2024-09-19 10:54:02.393000,419.9163645521037,8
2024-09-19 10:54:02.477000,419.88242920027454,104
2024-09-19 10:54:02.576000,419.9229901276255,96
2024-09-19 10:54:02.588000,419.9305474557302,1003
2024-09-19 10:54:02.621000,419.89882994680687,15
2024-09-19 10:54:02.681000,419.8852121851567,9
2024-09-19 10:54:02.732000,419.88638128924623,103
2024-09-19 10:54:02.755000,419.960167837979,103
2024-09-19 10:54:02.841000,419.9248360302597,95
2024-09-19 10:54:02.861000,419.8995688722673,7
2024-09-19 10:54:02.862000,419.8931415297088,996
2024-09-19 10:54:02.922000,419.89560867838287,12
2024-09-19 10:54:03.044000,419.8660642925417,96
2024-09-19 10:54:03.045000,419.8930385894415,1004
2024-09-19 10:54:03.124000,419.87861535872366,5
2024-09-19 10:54:03.134000,419.9085572792662,100
2024-09-19 10:54:03.190000,419.9139952494043,8
2024-09-19 10:54:03.237000,419.84890761656334,12
2024-09-19 10:54:03.239000,419.8518535770145,997
2024-09-19 10:54:03.287000,419.8588433653382,1002
2024-09-19 10:54:03.332000,419.8543871406481,101
2024-09-19 10:54:03.342000,419.86632924311647,1001
2024-09-19 10:54:03.409000,419.79912044011553,1005
2024-09-19 10:54:03.445000,419.8444708147997,995
2024-09-19 10:54:03.464000,419.8968763036547,1004
2024-09-19 10:54:03.477000,419.8252758163807,5
2024-09-19 10:54:03.523000,419.9243207443346,7
2024-09-19 10:54:03.594000,419.9005236022298,103
2024-09-19 10:54:03.631000,419.89855059459177,13
2024-09-19 10:54:03.713000,419.9015490378274,995
2024-09-19 10:54:03.800000,419.8461498298494,998
2024-09-19 10:54:03.820000,419.8685245475044,95
2024-09-19 10:54:03.885000,419.7986921155266,996
2024-09-19 10:54:03.914000,419.8440629413761,10
2024-09-19 10:54:03.950000,419.8513409433954,998
2024-09-19 10:54:03.992000,419.86491223387793,99
2024-09-19 10:54:04.015000,419.9065039439478,101
2024-09-19 10:54:04.077000,419.9291387895377,11
2024-09-19 10:54:04.090000,419.880118041646,13
2024-09-19 10:54:04.131000,419.8835713455536,1000
2024-09-19 10:54:04.295000,419.8820330015605,997
2024-09-19 10:54:04.663000,419.9187324938681,96
2024-09-19 10:54:04.753000,419.9251513453376,9
2024-09-19 10:54:04.765000,419.89510097549567,98
2024-09-19 10:54:04.971000,419.87204855672513,1000
2024-09-19 10:54:05.014000,419.9610482377695,5
2024-09-19 10:54:05.416000,419.95589060451607,1004
2024-09-19 10:54:05.674000,419.9402463559384,101
2024-09-19 10:54:05.702000,419.9267243884396,101
2024-09-19 10:54:05.724000,419.9555839983781,96
2024-09-19 10:54:05.727000,419.9566550775265,100
2024-09-19 10:54:05.743000,419.98292228757504,10
2024-09-19 10:54:05.771000,419.9682638507948,105
2024-09-19 10:54:05.844000,419.95850952533857,998
2024-09-19 10:54:05.902000,419.96135114920577,14
2024-09-19 10:54:06.042000,419.9909917881745,5
2024-09-19 10:54:06.085000,419.97819297110783,14
2024-09-19 10:54:06.102000,420.0003893835348,1005
2024-09-19 10:54:06.107000,419.9809048019772,997
2024-09-19 10:54:06.155000,419.9849533910333,996
2024-09-19 10:54:06.389000,419.9873893107183,10
2024-09-19 10:54:06.396000,420.00755345111537,6
2024-09-19 10:54:06.615000,419.9770214326744,97
2024-09-19 10:54:06.681000,419.994409132663,99
2024-09-19 10:54:06.782000,419.991117561097,104
2024-09-19 10:54:06.791000,419.9748933838024,1004
2024-09-19 10:54:07.009000,419.97722489285127,995
2024-09-19 10:54:07.038000,419.9793736398596,995
2024-09-19 10:54:07.134000,419.9746233359097,95
2024-09-19 10:54:07.160000,419.9880201661328,14
2024-09-19 10:54:07.170000,420.0060302299845,101
2024-09-19 10:54:07.174000,419.9631035847542,96
2024-09-19 10:54:07.205000,419.962169214354,1003
2024-09-19 10:54:07.254000,419.9761827228503,104
2024-09-19 10:54:07.294000,419.9603197666504,12
2024-09-19 10:54:07.355000,419.9647320920066,100
2024-09-19 10:54:07.473000,419.9794148355573,8
2024-09-19 10:54:07.487000,419.97825463965415,12
2024-09-19 10:54:07.492000,419.9711565875471,101
2024-09-19 10:54:07.599000,419.9712441864344,1002
2024-09-19 10:54:07.658000,419.9495682756941,13
2024-09-19 10:54:07.660000,419.975294466962,103
2024-09-19 10:54:07.665000,419.9697811684759,10
2024-09-19 10:54:07.724000,419.9687705779314,5
2024-09-19 10:54:07.737000,419.9848784999498,997
2024-09-19 10:54:07.934000,419.9901302655923,998
2024-09-19 10:54:07.984000,419.97250399106673,998
2024-09-19 10:54:08.095000,420.015925645822,995
2024-09-19 10:54:08.277000,419.9986448670905,999
2024-09-19 10:54:09.122000,420.0429950146628,102
2024-09-19 10:54:09.139000,420.1106430138916,101
2024-09-19 10:54:09.421000,420.0258032165732,104
2024-09-19 10:54:09.453000,420.06230720182816,1004
2024-09-19 10:54:09.745000,420.0726886305677,996
2024-09-19 10:54:10.108000,420.0679453776784,10
2024-09-19 10:54:10.204000,420.1026140821388,996
2024-09-19 10:54:10.214000,420.0558172572781,96
2024-09-19 10:54:10.225000,420.0612173202836,95
2024-09-19 10:54:10.416000,420.08488707593807,1005
2024-09-19 10:54:10.581000,420.0700949095012,13
2024-09-19 10:54:10.904000,420.0554171533378,995
2024-09-19 10:54:11.034000,420.0261837988962,98
2024-09-19 10:54:11.101000,420.0454046019725,997
2024-09-19 10:54:11.122000,420.0608216913581,8
2024-09-19 10:54:11.149000,420.04495931099,12
2024-09-19 10:54:11.225000,420.077599915966,100
2024-09-19 10:54:11.307000,420.06974510634046,1004
2024-09-19 10:54:11.308000,420.0758751942548,1005
2024-09-19 10:54:11.383000,420.0332144846789,1003
2024-09-19 10:54:11.426000,420.0385343510155,95
2024-09-19 10:54:11.483000,420.0555880087021,10
2024-09-19 10:54:11.536000,420.07049307257984,10
2024-09-19 10:54:11.614000,420.0216829137288,1005
2024-09-19 10:54:11.622000,420.0467513303521,12
2024-09-19 10:54:11.723000,420.0314326223996,1003
2024-09-19 10:54:11.821000,420.0215993253695,104
2024-09-19 10:54:11.857000,420.0578756742401,99
2024-09-19 10:54:11.864000,420.0319570044097,11
2024-09-19 10:54:11.952000,420.0765800680925,96
2024-09-19 10:54:11.961000,420.0260254398654,1004
2024-09-19 10:54:11.968000,420.01495340675314,1001
2024-09-19 10:54:12.027000,419.9683619130925,996
2024-09-19 10:54:12.035000,419.97314621517097,1000
2024-09-19 10:54:12.110000,419.9655709371067,10
2024-09-19 10:54:12.208000,419.9814419461461,10
2024-09-19 10:54:12.388000,419.9654827278076,96
2024-09-19 10:54:12.614000,420.0001383182109,12
2024-09-19 10:54:12.659000,419.9719273525878,10
2024-09-19 10:54:12.772000,419.9683468667203,7
2024-09-19 10:54:12.864000,420.0210622376873,996
2024-09-19 10:54:12.941000,419.9621487644358,10
2024-09-19 10:54:12.967000,419.9789059117736,8
2024-09-19 10:54:12.973000,420.01446342604953,98
2024-09-19 10:54:13.105000,419.9635821747851,97
2024-09-19 10:54:13.110000,419.98404346848463,14
2024-09-19 10:54:13.148000,419.96427836981456,1001
2024-09-19 10:54:13.148000,419.9733885540005,13
2024-09-19 10:54:13.159000,419.9607950845389,6
2024-09-19 10:54:13.174000,419.9654820499501,12
2024-09-19 10:54:13.270000,419.9912633277291,7
2024-09-19 10:54:13.352000,419.967971354055,101
2024-09-19 10:54:13.393000,419.9490837681964,1005
2024-09-19 10:54:13.500000,419.9735360690757,9
2024-09-19 10:54:13.587000,419.9641620425493,999
2024-09-19 10:54:13.590000,419.9685597761022,15
2024-09-19 10:54:13.715000,419.9890064886511,14
2024-09-19 10:54:13.716000,419.9504477857717,96
2024-09-19 10:54:13.775000,419.9781531480612,1003
2024-09-19 10:54:13.819000,419.9469920777706,97
2024-09-19 10:54:13.877000,419.9524309012234,997
2024-09-19 10:54:13.903000,419.976754713022,995
2024-09-19 10:54:13.908000,419.9482197621145,95
2024-09-19 10:54:13.925000,419.980122498241,105
2024-09-19 10:54:13.933000,419.967822148382,1000
2024-09-19 10:54:13.940000,419.9734473515713,104
2024-09-19 10:54:13.982000,419.9503627570172,96
2024-09-19 10:54:14.068000,420.027352709954,10
2024-09-19 10:54:14.145000,419.9974901402314,100
2024-09-19 10:54:14.190000,420.0538067042464,999
2024-09-19 10:54:14.203000,420.0287557643535,6
2024-09-19 10:54:14.246000,419.983268907208,99
2024-09-19 10:54:14.300000,420.03091953957176,96
2024-09-19 10:54:14.366000,420.0129482810144,102
2024-09-19 10:54:14.440000,420.03548777357696,997
2024-09-19 10:54:14.549000,420.015137136788,15
2024-09-19 10:54:14.568000,420.03450562153336,12
2024-09-19 10:54:14.568000,420.0400209876701,97
2024-09-19 10:54:14.573000,420.0534166270572,997
2024-09-19 10:54:14.600000,419.9739108302571,12
2024-09-19 10:54:14.793000,420.0265340262152,103
2024-09-19 10:54:14.813000,420.0228254639211,14
2024-09-19 10:54:14.884000,420.00737619680206,1000
2024-09-19 10:54:14.902000,420.03494728827366,99
2024-09-19 10:54:14.995000,420.021844876686,8
2024-09-19 10:54:15.055000,420.0214988134084,15
2024-09-19 10:54:15.056000,420.0038280696974,996
2024-09-19 10:54:15.114000,420.0168769487567,95
2024-09-19 10:54:15.153000,420.036873806478,98
2024-09-19 10:54:15.339000,420.0200348895454,11
2024-09-19 10:54:15.603000,420.0199225412572,14
2024-09-19 10:54:15.972000,420.0274271221558,98
2024-09-19 10:54:16.101000,420.021927138873,1005
2024-09-19 10:54:16.108000,420.0463573588378,1001
2024-09-19 10:54:16.139000,420.0614521242886,99
2024-09-19 10:54:16.222000,420.0118349898338,13
2024-09-19 10:54:16.224000,420.1099704143407,105
2024-09-19 10:54:16.267000,420.076804378558,13
2024-09-19 10:54:16.396000,420.01721109824695,8
2024-09-19 10:54:16.397000,420.0798668079148,96
2024-09-19 10:54:16.440000,420.0840694350608,997
2024-09-19 10:54:16.511000,420.08034496848745,1005
2024-09-19 10:54:16.594000,420.0935796735912,1004
2024-09-19 10:54:16.605000,420.0240348570686,8
2024-09-19 10:54:16.721000,420.0562692948941,997
2024-09-19 10:54:16.771000,420.02762719729,105
2024-09-19 10:54:16.780000,420.069210893468,103
2024-09-19 10:54:16.782000,420.0121351465597,96
2024-09-19 10:54:16.820000,420.0978885292325,95
2024-09-19 10:54:16.869000,420.07663742366327,102
2024-09-19 10:54:16.973000,420.0163362608709,105
2024-09-19 10:54:16.989000,420.10272481902587,8
2024-09-19 10:54:17.067000,420.1007442728941,10
2024-09-19 10:54:17.103000,420.0301776947277,998
2024-09-19 10:54:17.110000,420.046819513555,99
2024-09-19 10:54:17.264000,420.0733180997349,1005
2024-09-19 10:54:17.279000,420.04516674090246,1000
2024-09-19 10:54:17.347000,420.0433850573009,8
2024-09-19 10:54:17.408000,420.0306171035828,995
2024-09-19 10:54:17.555000,420.0442391837512,5
2024-09-19 10:54:17.585000,420.0589324216684,1003
2024-09-19 10:54:17.594000,420.039358908418,102
2024-09-19 10:54:17.626000,420.09467394144826,99
2024-09-19 10:54:17.740000,420.0216309523325,10
2024-09-19 10:54:17.767000,420.0284164838949,13
2024-09-19 10:54:17.796000,420.0386278324779,6
2024-09-19 10:54:17.825000,420.0355903618092,104
2024-09-19 10:54:17.833000,420.065529119312,6
2024-09-19 10:54:17.843000,420.05853281716327,101
2024-09-19 10:54:17.883000,420.0768994666198,1001
2024-09-19 10:54:17.918000,420.04670265228873,100
2024-09-19 10:54:17.947000,420.0560403564685,998
2024-09-19 10:54:18.222000,420.0243957664575,1002
2024-09-19 10:54:18.349000,420.0365544680599,996
2024-09-19 10:54:18.355000,420.0542837471833,96
2024-09-19 10:54:18.429000,420.03654498513686,6
2024-09-19 10:54:18.477000,420.0276217095113,996
2024-09-19 10:54:18.608000,420.0277168465449,100
2024-09-19 10:54:18.617000,420.0418029934365,11
2024-09-19 10:54:18.748000,420.0187444234954,97
2024-09-19 10:54:18.779000,420.0490791263209,1000
2024-09-19 10:54:18.787000,420.0339789222254,100
2024-09-19 10:54:18.801000,420.0335605628233,7
2024-09-19 10:54:19.147000,420.08895283149405,100
2024-09-19 10:54:19.227000,420.0997073233616,96
2024-09-19 10:54:19.832000,420.0854424094797,101
2024-09-19 10:54:20.509000,420.0883467088078,1004
2024-09-19 10:54:20.783000,420.0991884989996,103
2024-09-19 10:54:21.071000,420.1287402188053,1003
2024-09-19 10:54:21.099000,420.15277041467857,10
2024-09-19 10:54:21.102000,420.1042743478934,105
2024-09-19 10:54:21.128000,420.1833825023874,95
2024-09-19 10:54:21.168000,420.1125632497039,1001
2024-09-19 10:54:21.170000,420.142499198392,95
2024-09-19 10:54:21.202000,420.13289389861177,8
2024-09-19 10:54:21.223000,420.1244030478304,6
2024-09-19 10:54:21.226000,420.1467741283253,96
2024-09-19 10:54:21.227000,420.10189976060894,101
2024-09-19 10:54:21.276000,420.1910278884079,13
2024-09-19 10:54:21.358000,420.12311961597146,104
2024-09-19 10:54:21.462000,420.13611240312633,96
2024-09-19 10:54:21.483000,420.1763546549861,1003
2024-09-19 10:54:21.587000,420.1639625509389,15
2024-09-19 10:54:21.643000,420.1667588645572,15
2024-09-19 10:54:21.699000,420.1325178723249,12
2024-09-19 10:54:21.719000,420.1057356539823,10
2024-09-19 10:54:21.782000,420.1096724322333,995
2024-09-19 10:54:21.859000,420.1216419296737,105
2024-09-19 10:54:22.009000,420.22668306400914,999
2024-09-19 10:54:22.022000,420.1862766468644,8
2024-09-19 10:54:22.115000,420.18537244700633,15
2024-09-19 10:54:22.219000,420.1624046899141,7
2024-09-19 10:54:22.254000,420.1921491410983,104
2024-09-19 10:54:22.255000,420.17162508663785,8
2024-09-19 10:54:22.362000,420.18053909824704,100
2024-09-19 10:54:22.400000,420.19152600981073,9
2024-09-19 10:54:22.413000,420.19424098071,1001
2024-09-19 10:54:22.472000,420.174157544778,995
2024-09-19 10:54:22.486000,420.1615208920885,999
2024-09-19 10:54:22.494000,420.2448319917144,99
2024-09-19 10:54:22.613000,420.1911571812974,12
2024-09-19 10:54:22.632000,420.1815833891637,995
2024-09-19 10:54:22.640000,420.2423893508146,998
2024-09-19 10:54:22.697000,420.19066304109634,103
2024-09-19 10:54:22.706000,420.2209184198331,102
2024-09-19 10:54:22.720000,420.20596262406696,104
2024-09-19 10:54:22.809000,420.2353200215444,11
2024-09-19 10:54:22.818000,420.1884712235509,99
2024-09-19 10:54:22.846000,420.17636853024135,98
2024-09-19 10:54:22.846000,420.17767596167135,105
2024-09-19 10:54:22.915000,420.21504743576776,999
2024-09-19 10:54:23.052000,420.215054871724,103
2024-09-19 10:54:23.175000,420.30699381111975,998
2024-09-19 10:54:23.183000,420.28296376637405,7
2024-09-19 10:54:23.393000,420.202134066241,6
2024-09-19 10:54:23.428000,420.2073032778365,13
2024-09-19 10:54:23.429000,420.20583733952975,10
2024-09-19 10:54:23.439000,420.2391443294469,999
2024-09-19 10:54:23.460000,420.2219251935541,998
2024-09-19 10:54:23.467000,420.31654925774615,15
2024-09-19 10:54:23.493000,420.2131646943437,12
2024-09-19 10:54:23.561000,420.2092447881815,98
2024-09-19 10:54:23.712000,420.2682774572447,97
2024-09-19 10:54:23.770000,420.281045667444,10
2024-09-19 10:54:23.783000,420.2318789489069,104
2024-09-19 10:54:23.955000,420.2108547786883,95
2024-09-19 10:54:23.972000,420.2302782984366,997
2024-09-19 10:54:23.982000,420.1985352324214,9
2024-09-19 10:54:23.990000,420.25222947138536,101
2024-09-19 10:54:23.998000,420.2009705984679,11
2024-09-19 10:54:24.010000,420.3113826649092,999
2024-09-19 10:54:24.020000,420.28936304142553,97
2024-09-19 10:54:24.041000,420.2925189490394,998
2024-09-19 10:54:24.062000,420.3419819844523,995
2024-09-19 10:54:24.066000,420.3094422837803,13
2024-09-19 10:54:24.074000,420.3711395249275,100
2024-09-19 10:54:24.089000,420.3093144224403,1003
2024-09-19 10:54:24.146000,420.336843767994,1003
2024-09-19 10:54:24.195000,420.3308938586687,995
2024-09-19 10:54:24.220000,420.365607007597,10
2024-09-19 10:54:24.262000,420.3516298644428,11
2024-09-19 10:54:24.311000,420.34001967258666,13
2024-09-19 10:54:24.314000,420.3228214544285,105
2024-09-19 10:54:24.500000,420.3591314146107,13
2024-09-19 10:54:24.585000,420.3246721538737,101
2024-09-19 10:54:24.604000,420.344270069631,8
2024-09-19 10:54:24.608000,420.3833886588189,103
2024-09-19 10:54:24.613000,420.3078609400796,98
2024-09-19 10:54:24.650000,420.32324466039495,100
2024-09-19 10:54:24.670000,420.3817462520542,999
2024-09-19 10:54:24.684000,420.3482898345533,99
2024-09-19 10:54:24.719000,420.33333759319504,999
2024-09-19 10:54:24.780000,420.365002596689,11
2024-09-19 10:54:24.827000,420.3528506171246,1005
2024-09-19 10:54:24.924000,420.3110826983883,7
2024-09-19 10:54:24.973000,420.3463100215884,8
2024-09-19 10:54:24.999000,420.34808044378303,1001
2024-09-19 10:54:25.033000,420.3663270697651,1005
2024-09-19 10:54:25.045000,420.2640732540355,95
2024-09-19 10:54:25.082000,420.38135789571527,15
2024-09-19 10:54:25.083000,420.3623803400477,6
2024-09-19 10:54:25.165000,420.3795908283075,102
2024-09-19 10:54:25.260000,420.2673322176057,999
2024-09-19 10:54:25.303000,420.26534039968766,15
2024-09-19 10:54:25.379000,420.3727058948498,996
2024-09-19 10:54:25.422000,420.2824445530271,12
2024-09-19 10:54:25.583000,420.3201792486798,1001
2024-09-19 10:54:25.588000,420.27576696972886,101
2024-09-19 10:54:25.735000,420.26414358270864,95
2024-09-19 10:54:25.761000,420.2828332961944,13
2024-09-19 10:54:25.782000,420.3470267401555,15
2024-09-19 10:54:25.797000,420.2779765295726,98
2024-09-19 10:54:25.841000,420.349032171255,998
2024-09-19 10:54:25.907000,420.3381474666677,9
2024-09-19 10:54:25.912000,420.2816309341298,1002
2024-09-19 10:54:25.917000,420.2828065455713,102
2024-09-19 10:54:25.924000,420.3405721090632,101
2024-09-19 10:54:25.926000,420.27946994965447,8
2024-09-19 10:54:25.959000,420.3557442716135,101
2024-09-19 10:54:25.989000,420.3555432082008,7
2024-09-19 10:54:26.017000,420.2828579013293,100
2024-09-19 10:54:26.556000,420.2586556312164,995
2024-09-19 10:54:27.051000,420.23462490960446,1003
2024-09-19 10:54:27.151000,420.2062971859442,1005
2024-09-19 10:54:27.164000,420.2936279031928,997
2024-09-19 10:54:27.167000,420.216353146248,100
2024-09-19 10:54:27.176000,420.2819505093256,1001
2024-09-19 10:54:27.319000,420.2278807812671,102
2024-09-19 10:54:27.350000,420.19234090665645,99
2024-09-19 10:54:27.359000,420.2106683897267,102
2024-09-19 10:54:27.359000,420.2782376502923,11
2024-09-19 10:54:27.435000,420.214866867896,9
2024-09-19 10:54:27.494000,420.2584928744395,7
2024-09-19 10:54:27.583000,420.2457348231496,15
2024-09-19 10:54:27.598000,420.2015279300032,1000
2024-09-19 10:54:27.651000,420.1998286552208,997
2024-09-19 10:54:27.667000,420.2698922830482,8
2024-09-19 10:54:27.703000,420.192518178918,103
2024-09-19 10:54:27.807000,420.1847727540565,12
2024-09-19 10:54:27.855000,420.24303296087766,1005
2024-09-19 10:54:28.022000,420.2766272006841,1004
2024-09-19 10:54:28.040000,420.22169381820623,96
2024-09-19 10:54:28.269000,420.29467897411513,998
2024-09-19 10:54:28.306000,420.223544325507,104
2024-09-19 10:54:28.700000,420.2409800449777,11
2024-09-19 10:54:28.746000,420.2323552164431,999
2024-09-19 10:54:28.773000,420.2561606129738,999
2024-09-19 10:54:28.813000,420.3021465231333,103
2024-09-19 10:54:28.847000,420.2704117131116,15
2024-09-19 10:54:28.953000,420.2882365844012,6
2024-09-19 10:54:28.979000,420.3071996589143,998
2024-09-19 10:54:29.282000,420.28058500847015,9
2024-09-19 10:54:29.472000,420.2772001424021,7
2024-09-19 10:54:29.628000,420.2920585158455,997
2024-09-19 10:54:30.075000,420.2854069257032,102
2024-09-19 10:54:30.109000,420.2976070842221,1002
2024-09-19 10:54:30.121000,420.3100344356256,97
2024-09-19 10:54:30.137000,420.2923375141672,1001
2024-09-19 10:54:30.140000,420.2506295928631,15
2024-09-19 10:54:30.143000,420.28304883843566,14
2024-09-19 10:54:30.210000,420.2777707552029,100
2024-09-19 10:54:30.299000,420.282612740038,12
2024-09-19 10:54:30.312000,420.2573081424485,1005
2024-09-19 10:54:30.445000,420.27726596823067,998
2024-09-19 10:54:30.534000,420.3076321834705,6
2024-09-19 10:54:30.587000,420.26191325317626,10
2024-09-19 10:54:30.615000,420.2775461647774,14
2024-09-19 10:54:30.621000,420.2882884102958,9
2024-09-19 10:54:30.637000,420.2756811727275,96
2024-09-19 10:54:30.769000,420.28841272648674,104
2024-09-19 10:54:30.806000,420.2324428889287,104
2024-09-19 10:54:30.852000,420.282185307191,8
2024-09-19 10:54:30.853000,420.3212005837409,97
2024-09-19 10:54:30.866000,420.2348511313575,9
2024-09-19 10:54:30.878000,420.2747296430584,6
2024-09-19 10:54:30.892000,420.3070284757126,14
2024-09-19 10:54:30.951000,420.2915600202799,11
2024-09-19 10:54:30.966000,420.2856934435847,15
2024-09-19 10:54:31.042000,420.232854454737,5
2024-09-19 10:54:31.073000,420.2457281618307,5
2024-09-19 10:54:31.305000,420.2512951995205,97
2024-09-19 10:54:31.531000,420.269859791632,10
2024-09-19 10:54:31.573000,420.2660772090492,7
2024-09-19 10:54:32.022000,420.2431044737761,97
2024-09-19 10:54:32.116000,420.2115810346258,5
2024-09-19 10:54:32.210000,420.2402152310247,999
2024-09-19 10:54:32.221000,420.2079378822541,104
2024-09-19 10:54:32.296000,420.2180396559776,13
2024-09-19 10:54:32.327000,420.2095297895564,6
2024-09-19 10:54:32.346000,420.2120928055695,1002
2024-09-19 10:54:32.364000,420.2272711772471,100
2024-09-19 10:54:32.372000,420.257775577457,96
2024-09-19 10:54:32.473000,420.2764891620558,15
2024-09-19 10:54:32.508000,420.2121282615668,1003
2024-09-19 10:54:32.517000,420.212338463242,999
2024-09-19 10:54:32.593000,420.2278843396679,97
2024-09-19 10:54:32.641000,420.2627778179356,15
2024-09-19 10:54:32.772000,420.22105790101017,100
2024-09-19 10:54:32.794000,420.2714873686832,995
2024-09-19 10:54:32.935000,420.2775724838471,15
2024-09-19 10:54:33.048000,420.22572474968086,103
2024-09-19 10:54:33.106000,420.19255472524935,9
2024-09-19 10:54:33.107000,420.1908816707247,104
2024-09-19 10:54:33.113000,420.1863211590012,97
2024-09-19 10:54:33.120000,420.2047363066883,6
2024-09-19 10:54:33.129000,420.2115463744162,1002
2024-09-19 10:54:33.133000,420.2206264551488,14
2024-09-19 10:54:33.139000,420.2185899963264,105
2024-09-19 10:54:33.148000,420.21719137899055,105
2024-09-19 10:54:33.313000,420.2028859303397,12
2024-09-19 10:54:33.365000,420.2116868220972,999
2024-09-19 10:54:33.428000,420.2067624172357,1005
2024-09-19 10:54:33.496000,420.17606155206727,103
2024-09-19 10:54:33.700000,420.2366261430578,104
2024-09-19 10:54:33.724000,420.20865597713583,103
2024-09-19 10:54:33.857000,420.189596304671,1002
2024-09-19 10:54:33.917000,420.1897321416995,997
2024-09-19 10:54:33.925000,420.1925999229997,100
2024-09-19 10:54:34.025000,420.241088131032,11
2024-09-19 10:54:34.053000,420.2303595463829,1005
2024-09-19 10:54:34.191000,420.21809728960346,14
2024-09-19 10:54:34.239000,420.20324351875627,13
2024-09-19 10:54:34.387000,420.2282925567857,102
2024-09-19 10:54:34.415000,420.23262668689097,15
2024-09-19 10:54:34.455000,420.2199010603165,6
2024-09-19 10:54:34.503000,420.2150392863677,100
2024-09-19 10:54:34.568000,420.1989193621098,98
2024-09-19 10:54:34.575000,420.21654623988826,1005
2024-09-19 10:54:34.598000,420.1969799635844,9
2024-09-19 10:54:34.684000,420.1963781498428,97
2024-09-19 10:54:34.859000,420.2049031869141,6
2024-09-19 10:54:35.155000,420.2284896288277,13
2024-09-19 10:54:35.308000,420.228939088314,996
2024-09-19 10:54:35.352000,420.22017163359175,9
2024-09-19 10:54:35.533000,420.2515385129024,1002
2024-09-19 10:54:36.049000,420.2194349239985,95
2024-09-19 10:54:36.088000,420.2237377476127,1005
2024-09-19 10:54:36.224000,420.2054735803297,1004
2024-09-19 10:54:36.528000,420.217250838081,11
2024-09-19 10:54:36.553000,420.22040929813977,9
2024-09-19 10:54:36.677000,420.2518935938274,1001
2024-09-19 10:54:36.686000,420.2120143152299,100
2024-09-19 10:54:36.847000,420.20895029152734,11
2024-09-19 10:54:36.855000,420.21052011884586,7
2024-09-19 10:54:36.992000,420.2081814339473,6
2024-09-19 10:54:37.041000,420.2692236007919,9
2024-09-19 10:54:37.078000,420.2669747208366,1002
2024-09-19 10:54:37.108000,420.28727963231074,995
2024-09-19 10:54:37.159000,420.3102624253914,997
2024-09-19 10:54:37.203000,420.2693202909619,98
2024-09-19 10:54:37.246000,420.2545832490932,99
2024-09-19 10:54:37.310000,420.2206505756906,104
2024-09-19 10:54:37.349000,420.3390940886043,100
2024-09-19 10:54:37.357000,420.250643353193,998
2024-09-19 10:54:37.391000,420.24490704956605,1001
2024-09-19 10:54:37.391000,420.2424491070175,1002
2024-09-19 10:54:37.421000,420.3126978248003,101
2024-09-19 10:54:37.457000,420.2574626028435,1005
2024-09-19 10:54:37.469000,420.2565503416525,101
2024-09-19 10:54:37.478000,420.2848620961444,99
2024-09-19 10:54:37.489000,420.3145442386902,1002
2024-09-19 10:54:37.557000,420.2455866901378,6
2024-09-19 10:54:37.563000,420.2579694991816,1000
2024-09-19 10:54:37.627000,420.25546870601295,100
2024-09-19 10:54:37.792000,420.2479811490568,1001
2024-09-19 10:54:37.823000,420.3164243949182,15
2024-09-19 10:54:37.896000,420.2769131445694,96
2024-09-19 10:54:37.901000,420.3466792876384,101
2024-09-19 10:54:37.918000,420.268414785591,6
2024-09-19 10:54:38.020000,420.3253909530865,13
2024-09-19 10:54:38.032000,420.3323029250501,105
2024-09-19 10:54:38.092000,420.35188684583886,6
2024-09-19 10:54:38.560000,420.3450862939388,102
2024-09-19 10:54:38.577000,420.3217905868694,6
2024-09-19 10:54:38.934000,420.3116286551727,95
2024-09-19 10:54:38.957000,420.3257734716002,1003
2024-09-19 10:54:38.957000,420.3206578834185,1005
2024-09-19 10:54:39.014000,420.3084805927432,995
2024-09-19 10:54:39.025000,420.3341463077539,998
2024-09-19 10:54:39.046000,420.3429732411352,97
2024-09-19 10:54:39.047000,420.3565995851762,15
2024-09-19 10:54:39.058000,420.34088073787376,995
2024-09-19 10:54:39.086000,420.34984312734406,14
2024-09-19 10:54:39.152000,420.3418164297309,1004
2024-09-19 10:54:39.164000,420.33680181758825,97
2024-09-19 10:54:39.187000,420.34430439304384,103
2024-09-19 10:54:39.342000,420.3200396359935,996
2024-09-19 10:54:39.344000,420.3320979811522,8
2024-09-19 10:54:39.348000,420.3485491284708,1005
2024-09-19 10:54:39.363000,420.3530684860383,996
2024-09-19 10:54:39.420000,420.3265090357913,12
2024-09-19 10:54:39.430000,420.3464982892172,1001
2024-09-19 10:54:39.565000,420.3384267461987,1000
2024-09-19 10:54:39.609000,420.3237291842282,1000
2024-09-19 10:54:39.630000,420.3457351010293,5
2024-09-19 10:54:39.712000,420.356458807762,1002
2024-09-19 10:54:39.721000,420.3535276710368,9
2024-09-19 10:54:39.799000,420.3361182169656,102
2024-09-19 10:54:39.808000,420.3583636862615,8
2024-09-19 10:54:39.824000,420.2995857562095,14
2024-09-19 10:54:39.838000,420.345065065213,13
2024-09-19 10:54:39.864000,420.3433430086048,12
2024-09-19 10:54:39.906000,420.3238800481557,102
2024-09-19 10:54:39.952000,420.3418041839251,13
2024-09-19 10:54:40.031000,420.30714823378776,99
2024-09-19 10:54:40.093000,420.29957949542575,997
2024-09-19 10:54:40.105000,420.3232871006487,101
2024-09-19 10:54:40.296000,420.2934647413127,101
2024-09-19 10:54:40.314000,420.3132148898968,10
2024-09-19 10:54:40.368000,420.2999685859566,995
2024-09-19 10:54:40.415000,420.2851225917353,104
2024-09-19 10:54:40.505000,420.2923097338331,12
2024-09-19 10:54:40.532000,420.2707582533191,11
2024-09-19 10:54:40.649000,420.2811747133584,10
2024-09-19 10:54:40.675000,420.3198342726817,100
2024-09-19 10:54:40.692000,420.28852373353294,1005
2024-09-19 10:54:40.696000,420.29096067671526,102
2024-09-19 10:54:40.729000,420.2948696769224,103
2024-09-19 10:54:40.824000,420.30443806447954,1004
2024-09-19 10:54:40.911000,420.304831104908,999
2024-09-19 10:54:41.003000,420.2717264573512,103
2024-09-19 10:54:41.158000,420.20050088052784,1001
2024-09-19 10:54:41.172000,420.2077272398599,1000
2024-09-19 10:54:41.321000,420.27097043972975,1003
2024-09-19 10:54:41.334000,420.21588849675487,1003
2024-09-19 10:54:41.451000,420.26778486801646,998
2024-09-19 10:54:41.583000,420.1905821063605,99
2024-09-19 10:54:41.688000,420.21951243640046,999
2024-09-19 10:54:41.735000,420.2088069942957,1003
2024-09-19 10:54:41.881000,420.2416895654122,104
2024-09-19 10:54:41.982000,420.2151692681164,13
2024-09-19 10:54:42.073000,420.2077760655688,7
2024-09-19 10:54:42.081000,420.2521168881261,8
2024-09-19 10:54:42.103000,420.2125621801055,12
2024-09-19 10:54:42.197000,420.2277293538846,995
2024-09-19 10:54:42.201000,420.22895803468793,11
2024-09-19 10:54:42.285000,420.2020174163098,5
2024-09-19 10:54:42.422000,420.25128863805526,104
2024-09-19 10:54:42.434000,420.2469523019631,13
2024-09-19 10:54:42.442000,420.2334749490718,12
2024-09-19 10:54:42.467000,420.2474793220337,13
2024-09-19 10:54:42.469000,420.2162294416909,6
2024-09-19 10:54:42.546000,420.2038516582364,11
2024-09-19 10:54:42.556000,420.2034460521895,995
2024-09-19 10:54:42.571000,420.2340502286552,1000
2024-09-19 10:54:42.586000,420.215473558408,1003
2024-09-19 10:54:42.628000,420.2031126563626,96
2024-09-19 10:54:42.662000,420.2239192779881,999
2024-09-19 10:54:42.708000,420.20935482554495,11
2024-09-19 10:54:42.783000,420.2051764788038,1005
2024-09-19 10:54:42.789000,420.2048791691293,98
2024-09-19 10:54:42.895000,420.2474588657215,1004
2024-09-19 10:54:42.924000,420.2077145939997,98
2024-09-19 10:54:42.957000,420.2047890119604,1004
2024-09-19 10:54:42.965000,420.2139787651779,10
2024-09-19 10:54:43.018000,420.24007005342094,10
2024-09-19 10:54:43.067000,420.1883743397029,102
2024-09-19 10:54:43.086000,420.1901529938901,99
2024-09-19 10:54:43.126000,420.2648644961556,10
2024-09-19 10:54:43.184000,420.20377349471255,9
2024-09-19 10:54:43.186000,420.25569608604695,1003
2024-09-19 10:54:43.231000,420.1931933628301,6
2024-09-19 10:54:43.251000,420.20970002550087,998
2024-09-19 10:54:43.261000,420.2154492586399,1003
2024-09-19 10:54:43.283000,420.2163513934983,1001
2024-09-19 10:54:43.378000,420.21454874964127,97
2024-09-19 10:54:43.525000,420.2636714414735,999
2024-09-19 10:54:43.555000,420.2354203735867,9
2024-09-19 10:54:43.581000,420.2264101079344,1003
2024-09-19 10:54:43.603000,420.1828760018425,999
2024-09-19 10:54:43.605000,420.1863491691175,96
2024-09-19 10:54:43.633000,420.2328800936539,105
2024-09-19 10:54:43.702000,420.1916551671726,996
2024-09-19 10:54:43.721000,420.2483336423636,1002
2024-09-19 10:54:43.745000,420.2558861349496,98
2024-09-19 10:54:43.815000,420.1633877069193,1003
2024-09-19 10:54:43.826000,420.208767122266,996
2024-09-19 10:54:43.882000,420.2160746892725,1002
2024-09-19 10:54:43.941000,420.2301454124917,14
2024-09-19 10:54:46.035000,420.1510424789212,996
2024-09-19 10:54:46.512000,420.14763971195487,996
2024-09-19 10:54:46.975000,420.1504621813961,99
2024-09-19 10:54:47.053000,420.0958324188276,1003
2024-09-19 10:54:47.089000,420.1052070060622,1003
2024-09-19 10:54:47.090000,420.0986147151171,9
2024-09-19 10:54:47.120000,420.1331739120023,105
2024-09-19 10:54:47.144000,420.0954140163365,8
2024-09-19 10:54:47.147000,420.098837678258,100
2024-09-19 10:54:47.257000,420.0829192515348,12
2024-09-19 10:54:47.329000,420.1037676159747,6
2024-09-19 10:54:47.335000,420.1665348715895,5
2024-09-19 10:54:47.430000,420.0941748432541,11
2024-09-19 10:54:47.431000,420.08133804959056,6
2024-09-19 10:54:47.478000,420.13236163452046,7
2024-09-19 10:54:47.492000,420.090309995522,1002
2024-09-19 10:54:47.636000,420.12232313105886,10
2024-09-19 10:54:47.662000,420.0874831940969,997
2024-09-19 10:54:47.670000,420.0920694060991,102
2024-09-19 10:54:47.714000,420.1561173614242,104
2024-09-19 10:54:47.718000,420.08713685062287,11
2024-09-19 10:54:47.778000,420.1223393947079,95
2024-09-19 10:54:47.806000,420.0963792439181,96
2024-09-19 10:54:47.816000,420.1490009572132,96
2024-09-19 10:54:47.821000,420.0855375503269,15
2024-09-19 10:54:47.824000,420.0892308872925,95
2024-09-19 10:54:47.856000,420.0860843179045,103
2024-09-19 10:54:47.878000,420.1508747827389,102
2024-09-19 10:54:47.933000,420.10017001056485,101
2024-09-19 10:54:47.945000,420.1251940414193,8
2024-09-19 10:54:47.993000,420.09711019983786,97
2024-09-19 10:54:48.003000,420.0749402875858,995
2024-09-19 10:54:48.039000,420.03626685165057,1002
2024-09-19 10:54:48.073000,420.02429259999866,15
2024-09-19 10:54:48.082000,420.04368353734986,105
2024-09-19 10:54:48.168000,420.03794116292585,6
2024-09-19 10:54:48.232000,420.0217225796354,7
2024-09-19 10:54:48.321000,420.0562767203015,999
2024-09-19 10:54:48.377000,420.0163561970927,997
2024-09-19 10:54:48.426000,420.0769125725492,101
2024-09-19 10:54:48.612000,420.0373513097143,99
2024-09-19 10:54:48.697000,420.0979176276237,997
2024-09-19 10:54:48.701000,420.0324721115807,11
2024-09-19 10:54:48.711000,420.0142525391316,1000
2024-09-19 10:54:48.718000,420.0138503836485,15
2024-09-19 10:54:48.756000,420.0391299146848,13
2024-09-19 10:54:48.798000,420.0576924247725,998
2024-09-19 10:54:48.861000,420.0298467403671,104
2024-09-19 10:54:48.899000,420.0793564928904,999
2024-09-19 10:54:48.927000,420.0449166174018,10
2024-09-19 10:54:48.975000,420.0718443887877,102
2024-09-19 10:54:49.040000,420.1473330140223,997
2024-09-19 10:54:49.060000,420.1094787210133,995
2024-09-19 10:54:49.085000,420.1495288400437,1001
2024-09-19 10:54:49.223000,420.0763748809639,5
2024-09-19 10:54:49.262000,420.1396810671961,997
2024-09-19 10:54:49.276000,420.13621290221846,1004
2024-09-19 10:54:49.291000,420.1381899537647,14
2024-09-19 10:54:49.301000,420.0548622763764,1003
2024-09-19 10:54:49.346000,420.06832755952166,103
2024-09-19 10:54:49.350000,420.0919775985277,98
2024-09-19 10:54:49.383000,420.0593697128237,1004
2024-09-19 10:54:49.453000,420.1452794651826,105
2024-09-19 10:54:49.458000,420.15176914882,1002
2024-09-19 10:54:49.482000,420.14682082143565,996
2024-09-19 10:54:49.516000,420.1441712781321,104
2024-09-19 10:54:49.524000,420.1340896821172,98
2024-09-19 10:54:49.531000,420.1735626238281,101
2024-09-19 10:54:49.607000,420.14493514021,15
2024-09-19 10:54:49.612000,420.1513249002893,14
2024-09-19 10:54:49.620000,420.1520854175138,997
2024-09-19 10:54:49.736000,420.07770099210575,1004
2024-09-19 10:54:49.747000,420.0663606549584,9
2024-09-19 10:54:49.758000,420.12513200653257,10
2024-09-19 10:54:49.812000,420.1398679138259,103
2024-09-19 10:54:49.841000,420.1597682971065,996
2024-09-19 10:54:49.852000,420.1790486565445,997
2024-09-19 10:54:49.917000,420.0853304115855,10
2024-09-19 10:54:49.920000,420.0976695775661,99
2024-09-19 10:54:49.966000,420.1562792312648,999
2024-09-19 10:54:50.129000,420.2154013139416,13
2024-09-19 10:54:50.140000,420.196515669997,104
2024-09-19 10:54:50.174000,420.13329212618527,8
2024-09-19 10:54:50.269000,420.2053934151536,10
2024-09-19 10:54:50.338000,420.2268669145533,96
2024-09-19 10:54:50.353000,420.13881230484594,1001
2024-09-19 10:54:50.428000,420.14799197263113,98
2024-09-19 10:54:50.442000,420.1942693102064,995
2024-09-19 10:54:50.450000,420.1112605074416,8
2024-09-19 10:54:50.482000,420.1567160834508,105
2024-09-19 10:54:50.510000,420.13840474129023,1000
2024-09-19 10:54:50.539000,420.164716263324,102
2024-09-19 10:54:50.583000,420.15785607413846,9
2024-09-19 10:54:50.901000,420.1520182827083,8
2024-09-19 10:54:50.940000,420.1912493661077,98
2024-09-19 10:54:50.957000,420.1515414589825,104
2024-09-19 10:54:50.970000,420.1502648776389,14
2024-09-19 10:54:51.005000,420.1689065807545,95
2024-09-19 10:54:51.147000,420.1872682175555,6
2024-09-19 10:54:51.189000,420.1578882404495,100
2024-09-19 10:54:51.217000,420.2128101885418,999
2024-09-19 10:54:51.235000,420.1516693251455,100
2024-09-19 10:54:51.239000,420.1503594591031,11
2024-09-19 10:54:51.317000,420.15365616086615,98
2024-09-19 10:54:51.381000,420.1992905257431,98
2024-09-19 10:54:51.414000,420.20544663493,1004
2024-09-19 10:54:51.605000,420.1295106768354,1005
2024-09-19 10:54:51.628000,420.1916293870129,1000
2024-09-19 10:54:51.704000,420.1401843475968,1001
2024-09-19 10:54:51.811000,420.1838405328376,104
2024-09-19 10:54:51.980000,420.12626785668857,11
2024-09-19 10:54:51.981000,420.2144696504622,1000
2024-09-19 10:54:52.044000,420.0989053674881,98
2024-09-19 10:54:52.082000,420.0948157877252,8
2024-09-19 10:54:52.171000,420.1059413873512,95
2024-09-19 10:54:52.339000,420.085360166392,99
2024-09-19 10:54:52.354000,420.0836105498077,15
2024-09-19 10:54:52.400000,420.0835137430618,103
2024-09-19 10:54:52.622000,420.0952672180232,7
2024-09-19 10:54:52.635000,420.1113428904306,98
2024-09-19 10:54:52.831000,420.0946800452391,103
2024-09-19 10:54:52.909000,420.1094535182624,7
2024-09-19 10:54:52.917000,420.0977272260036,11
2024-09-19 10:54:53.024000,420.0879314215817,9
2024-09-19 10:54:53.049000,420.07343742620895,1003
2024-09-19 10:54:53.096000,420.07364196787626,1000
2024-09-19 10:54:53.157000,420.0711449458685,9
2024-09-19 10:54:53.207000,420.08642308847897,999
2024-09-19 10:54:53.227000,420.07760182959055,995
2024-09-19 10:54:53.250000,420.07824483782895,105
2024-09-19 10:54:53.275000,420.0944527628741,1002
2024-09-19 10:54:53.293000,420.0868099665613,95
2024-09-19 10:54:53.440000,420.1066162640788,1000
2024-09-19 10:54:53.559000,420.0832040278383,100
2024-09-19 10:54:53.574000,420.0981748404869,1003
2024-09-19 10:54:53.720000,420.0730839861743,9
2024-09-19 10:54:53.726000,420.08799094087726,10
2024-09-19 10:54:53.727000,420.0874462004596,5
2024-09-19 10:54:53.934000,420.1006369309351,97
2024-09-19 10:54:53.953000,420.0731493375175,11
2024-09-19 10:54:53.974000,420.083302419156,8
2024-09-19 10:54:54.016000,420.0791052678789,99
2024-09-19 10:54:54.031000,420.0638570591185,103
2024-09-19 10:54:54.057000,420.0626341825971,98
2024-09-19 10:54:54.109000,420.0733230888562,6
2024-09-19 10:54:54.157000,420.0699407461824,6
2024-09-19 10:54:54.216000,420.0470791828926,103
2024-09-19 10:54:54.221000,420.0448549572256,9
2024-09-19 10:54:54.256000,420.07651697527984,14
2024-09-19 10:54:54.373000,420.08208876825233,5
2024-09-19 10:54:54.416000,420.040023968422,9
2024-09-19 10:54:54.458000,420.0650147778288,995
2024-09-19 10:54:54.460000,420.0759621868627,96
2024-09-19 10:54:54.508000,420.01525221812847,995
2024-09-19 10:54:54.627000,420.0791351263454,10
2024-09-19 10:54:54.653000,420.01063425303465,8
2024-09-19 10:54:54.680000,420.0534232995809,15
2024-09-19 10:54:54.686000,420.0924669040175,1002
2024-09-19 10:54:54.721000,420.0280962265659,11
2024-09-19 10:54:54.898000,420.0790587255686,105
2024-09-19 10:54:54.918000,420.0049383833223,104
2024-09-19 10:54:54.970000,420.06597676259815,9
2024-09-19 10:54:55.035000,420.05308546844026,102
2024-09-19 10:54:55.141000,420.0300664561757,7
2024-09-19 10:54:55.158000,420.01385057069854,997
2024-09-19 10:54:55.179000,420.024406665188,7
2024-09-19 10:54:55.263000,420.0222182998484,5
2024-09-19 10:54:55.332000,420.0110963515448,15
2024-09-19 10:54:55.385000,420.0574046207928,997
2024-09-19 10:54:55.393000,420.0550177954386,1004
2024-09-19 10:54:55.416000,420.032291406132,10
2024-09-19 10:54:55.527000,420.0033825631864,997
2024-09-19 10:54:55.549000,419.98888771555033,995
2024-09-19 10:54:55.553000,420.0308516790421,11
2024-09-19 10:54:55.575000,419.9939276199142,105
2024-09-19 10:54:55.600000,420.0229611842784,998
2024-09-19 10:54:55.617000,419.9782205796767,1005
2024-09-19 10:54:55.650000,419.9877447708389,98
2024-09-19 10:54:55.766000,420.0275183484601,13
2024-09-19 10:54:55.798000,420.0438371666635,10
2024-09-19 10:54:55.809000,420.0417656596996,95
2024-09-19 10:54:55.830000,419.99535086753934,97
2024-09-19 10:54:55.897000,420.0137520718771,98
2024-09-19 10:54:56.045000,420.0136364201995,997
2024-09-19 10:54:56.048000,420.00548222375335,14
2024-09-19 10:54:56.227000,419.9991170325684,1005
2024-09-19 10:54:56.339000,420.0076276656311,13
2024-09-19 10:54:56.657000,420.0452980332632,104
2024-09-19 10:54:56.676000,420.0052656160439,14
2024-09-19 10:54:56.734000,419.9872200105348,104
2024-09-19 10:54:56.767000,420.0215881609747,105
2024-09-19 10:54:56.781000,420.03058740930345,6
2024-09-19 10:54:56.912000,419.97753764112696,1002
2024-09-19 10:54:56.914000,419.9890194951751,997
2024-09-19 10:54:57.244000,419.9992227691535,11
2024-09-19 10:54:57.388000,420.0142504672241,97
2024-09-19 10:54:57.776000,420.00100385419046,97
2024-09-19 10:54:59.046000,420.0985401470893,103
2024-09-19 10:54:59.066000,420.0572543802045,11
2024-09-19 10:54:59.066000,420.0776103822219,998
2024-09-19 10:54:59.166000,420.1118535697738,1004
2024-09-19 10:54:59.249000,420.0291814632064,9
2024-09-19 10:54:59.343000,420.1139622231751,1001
2024-09-19 10:54:59.352000,420.0121727205796,1001
2024-09-19 10:54:59.361000,420.0443598043206,995
2024-09-19 10:54:59.368000,420.09893464673024,1000
2024-09-19 10:54:59.395000,420.0190099462292,96
2024-09-19 10:54:59.471000,420.05238997946,96
2024-09-19 10:54:59.474000,420.0862957714208,1000
2024-09-19 10:54:59.624000,420.1171054994864,9
2024-09-19 10:54:59.671000,420.06756463423,105
2024-09-19 10:54:59.795000,420.0251777594218,1005
2024-09-19 10:54:59.826000,420.0845903797469,99
2024-09-19 10:54:59.850000,420.11343396099744,9
2024-09-19 10:54:59.977000,420.0610570683296,996
