Timestamp,Price,Size
2024-09-20 11:53:00.101000,427.1478727878904,100
2024-09-20 11:53:00.611000,427.17233802854753,103
2024-09-20 11:53:00.620000,427.16867395886646,100
2024-09-20 11:53:00.710000,427.17378592341055,8
2024-09-20 11:53:00.751000,427.17994815480574,97
2024-09-20 11:53:00.773000,427.2091265001083,99
2024-09-20 11:53:00.827000,427.1567917985205,1001
2024-09-20 11:53:00.926000,427.2002217570692,100
2024-09-20 11:53:00.943000,427.1657885916042,98
2024-09-20 11:53:01.319000,427.20585404378375,11
2024-09-20 11:53:01.521000,427.1907842488764,98
2024-09-20 11:53:01.671000,427.1819651616705,97
2024-09-20 11:53:01.678000,427.1863061338595,101
2024-09-20 11:53:02.170000,427.1582751520948,1005
2024-09-20 11:53:02.176000,427.1586247396268,105
2024-09-20 11:53:02.199000,427.1520412064632,95
2024-09-20 11:53:02.199000,427.1209310423753,997
2024-09-20 11:53:02.230000,427.14578042051954,96
2024-09-20 11:53:02.270000,427.1496795789502,1002
2024-09-20 11:53:02.617000,427.1543114938974,7
2024-09-20 11:53:02.692000,427.1010064865998,96
2024-09-20 11:53:02.736000,427.109505369946,102
2024-09-20 11:53:02.737000,427.1659014327293,96
2024-09-20 11:53:02.798000,427.1595427570263,996
2024-09-20 11:53:02.857000,427.1569427526377,13
2024-09-20 11:53:02.887000,427.1434430406337,999
2024-09-20 11:53:02.983000,427.16332417412735,14
2024-09-20 11:53:03.013000,427.0908834841276,1003
2024-09-20 11:53:03.111000,427.09284581608256,997
2024-09-20 11:53:03.159000,427.0980052175876,103
2024-09-20 11:53:03.221000,427.11433549263154,105
2024-09-20 11:53:03.297000,427.1012926184844,996
2024-09-20 11:53:03.398000,427.0960363188512,102
2024-09-20 11:53:03.574000,427.1294555394593,14
2024-09-20 11:53:03.681000,427.0961211159698,8
2024-09-20 11:53:03.757000,427.0855722665384,999
2024-09-20 11:53:03.925000,427.1012175324433,101
2024-09-20 11:53:03.927000,427.1090128065704,12
2024-09-20 11:53:03.965000,427.1032874313065,15
2024-09-20 11:53:04.022000,427.0999058817994,98
2024-09-20 11:53:04.030000,427.1273045045719,1003
2024-09-20 11:53:04.090000,427.1205671209996,13
2024-09-20 11:53:04.091000,427.08889232866056,104
2024-09-20 11:53:04.128000,427.0873587614236,96
2024-09-20 11:53:04.150000,427.0827113350211,10
2024-09-20 11:53:04.160000,427.0791501531541,7
2024-09-20 11:53:04.186000,427.1008297966435,8
2024-09-20 11:53:04.197000,427.107709759195,1002
2024-09-20 11:53:04.225000,427.09413168495297,7
2024-09-20 11:53:04.239000,427.1174331588274,98
2024-09-20 11:53:04.244000,427.1078266484968,1000
2024-09-20 11:53:04.320000,427.0997535631233,12
2024-09-20 11:53:04.462000,427.09447484227655,101
2024-09-20 11:53:04.517000,427.1051133136981,1005
2024-09-20 11:53:04.552000,427.1147805901256,6
2024-09-20 11:53:04.599000,427.1096176870692,105
2024-09-20 11:53:04.683000,427.1125960973205,105
2024-09-20 11:53:04.766000,427.0944077077988,12
2024-09-20 11:53:04.810000,427.105507061696,105
2024-09-20 11:53:04.864000,427.1173553050461,101
2024-09-20 11:53:04.917000,427.12594872332346,995
2024-09-20 11:53:04.923000,427.1279809518148,996
2024-09-20 11:53:04.929000,427.1197658962986,1005
2024-09-20 11:53:04.974000,427.0961120046547,1004
2024-09-20 11:53:04.975000,427.1140894061089,7
2024-09-20 11:53:04.995000,427.0784995551385,7
2024-09-20 11:53:05.007000,427.0904183658116,1005
2024-09-20 11:53:05.019000,427.0959874462207,97
2024-09-20 11:53:05.094000,427.0970740755333,1000
2024-09-20 11:53:05.130000,427.12653383722807,8
2024-09-20 11:53:05.227000,427.124152856773,100
2024-09-20 11:53:05.259000,427.1308391116656,103
2024-09-20 11:53:05.268000,427.12083126208427,997
2024-09-20 11:53:05.326000,427.091179424612,1004
2024-09-20 11:53:05.340000,427.1173488544741,104
2024-09-20 11:53:05.360000,427.112547911949,105
2024-09-20 11:53:05.363000,427.13836608197175,5
2024-09-20 11:53:05.377000,427.1012402604579,102
2024-09-20 11:53:05.414000,427.08886325053714,7
2024-09-20 11:53:05.444000,427.102416326118,101
2024-09-20 11:53:05.463000,427.1297969466151,1005
2024-09-20 11:53:05.519000,427.053891980231,101
2024-09-20 11:53:05.527000,427.0774892019031,12
2024-09-20 11:53:05.548000,427.1192590920676,14
2024-09-20 11:53:05.593000,427.0657776966143,105
2024-09-20 11:53:05.594000,427.101676528718,1002
2024-09-20 11:53:05.606000,427.0664325880445,1001
2024-09-20 11:53:05.644000,427.0895425980417,105
2024-09-20 11:53:05.665000,427.11331738415294,104
2024-09-20 11:53:05.673000,427.0894978966268,97
2024-09-20 11:53:05.681000,427.1125414191435,97
2024-09-20 11:53:05.703000,427.07961176406025,998
2024-09-20 11:53:05.731000,427.0870284567696,97
2024-09-20 11:53:05.969000,427.0568055599797,9
2024-09-20 11:53:06.464000,427.1346778512059,995
2024-09-20 11:53:07.032000,427.2390111051281,995
2024-09-20 11:53:07.034000,427.2044700633633,96
2024-09-20 11:53:07.035000,427.1913798000254,1005
2024-09-20 11:53:07.141000,427.1568903658038,9
2024-09-20 11:53:07.181000,427.2342897761541,995
2024-09-20 11:53:07.214000,427.23282591360623,1004
2024-09-20 11:53:07.216000,427.2269249219319,12
2024-09-20 11:53:07.305000,427.2078800395033,1005
2024-09-20 11:53:07.308000,427.2240190649082,104
2024-09-20 11:53:07.339000,427.24264736272414,1005
2024-09-20 11:53:07.346000,427.15407350606006,95
2024-09-20 11:53:07.357000,427.1719577389565,999
2024-09-20 11:53:07.394000,427.196324946893,9
2024-09-20 11:53:07.404000,427.1627648199108,97
2024-09-20 11:53:07.415000,427.2120127397414,9
2024-09-20 11:53:07.508000,427.2182589904732,103
2024-09-20 11:53:07.522000,427.1602416316705,8
2024-09-20 11:53:07.548000,427.1517293778591,99
2024-09-20 11:53:07.570000,427.2143875393342,12
2024-09-20 11:53:07.594000,427.2045542324995,999
2024-09-20 11:53:07.614000,427.22321403395455,98
2024-09-20 11:53:07.679000,427.21188311604976,1004
2024-09-20 11:53:07.694000,427.1977000705332,7
2024-09-20 11:53:07.713000,427.2474302826855,15
2024-09-20 11:53:07.803000,427.2311645662667,13
2024-09-20 11:53:07.849000,427.2207565948229,1000
2024-09-20 11:53:07.939000,427.1669371946208,1005
2024-09-20 11:53:08.040000,427.1869564828624,15
2024-09-20 11:53:08.071000,427.2280800944655,995
2024-09-20 11:53:08.167000,427.19547333713217,995
2024-09-20 11:53:08.194000,427.1917770751841,13
2024-09-20 11:53:08.267000,427.206149496693,104
2024-09-20 11:53:08.292000,427.21162094525926,5
2024-09-20 11:53:08.376000,427.1960569245535,98
2024-09-20 11:53:08.433000,427.2081824006586,1005
2024-09-20 11:53:08.687000,427.1860403794408,6
2024-09-20 11:53:08.688000,427.2248685001515,104
2024-09-20 11:53:08.704000,427.2302864304147,1000
2024-09-20 11:53:08.809000,427.222189832918,105
2024-09-20 11:53:08.893000,427.2097765788546,1005
2024-09-20 11:53:08.907000,427.2096834368645,1004
2024-09-20 11:53:09.054000,427.13543569613074,11
2024-09-20 11:53:09.209000,427.1539701930389,12
2024-09-20 11:53:09.239000,427.1593300896643,5
2024-09-20 11:53:09.247000,427.1687372767939,104
2024-09-20 11:53:09.287000,427.1883733475964,101
2024-09-20 11:53:09.355000,427.17529147318606,1000
2024-09-20 11:53:09.622000,427.15300916696265,104
2024-09-20 11:53:09.701000,427.2053375293093,995
2024-09-20 11:53:09.731000,427.1609947936477,996
2024-09-20 11:53:09.811000,427.16155324673554,6
2024-09-20 11:53:09.864000,427.1765798766023,1004
2024-09-20 11:53:09.883000,427.15652503430806,999
2024-09-20 11:53:10.046000,427.1818465850615,97
2024-09-20 11:53:10.167000,427.1935464847803,996
2024-09-20 11:53:10.238000,427.159520191727,101
2024-09-20 11:53:10.516000,427.15453251160056,1002
2024-09-20 11:53:10.622000,427.1526413265364,997
2024-09-20 11:53:10.636000,427.186445662403,996
2024-09-20 11:53:10.674000,427.167576364158,13
2024-09-20 11:53:10.793000,427.1944955068888,97
2024-09-20 11:53:11.005000,427.1865068158512,104
2024-09-20 11:53:11.033000,427.20123581061057,8
2024-09-20 11:53:11.112000,427.1577647829913,101
2024-09-20 11:53:11.259000,427.14231826790456,98
2024-09-20 11:53:11.268000,427.1893741344504,99
2024-09-20 11:53:11.328000,427.1465043042844,96
2024-09-20 11:53:11.371000,427.1537094962264,99
2024-09-20 11:53:11.376000,427.149176580841,1005
2024-09-20 11:53:11.692000,427.1919167287701,105
2024-09-20 11:53:11.810000,427.1837153730417,1000
2024-09-20 11:53:11.810000,427.16578066736287,10
2024-09-20 11:53:11.815000,427.1819939198944,7
2024-09-20 11:53:11.825000,427.1524198297173,10
2024-09-20 11:53:11.829000,427.1985995987135,1002
2024-09-20 11:53:11.897000,427.15559867272674,13
2024-09-20 11:53:12.809000,427.1890133619567,104
2024-09-20 11:53:14.007000,427.0835779876946,8
2024-09-20 11:53:14.076000,427.11677258677935,97
2024-09-20 11:53:14.136000,427.1393557368698,103
2024-09-20 11:53:14.166000,427.16280768514457,996
2024-09-20 11:53:14.177000,427.14503307617576,98
2024-09-20 11:53:14.285000,427.1259924956951,10
2024-09-20 11:53:14.335000,427.1187628955247,12
2024-09-20 11:53:14.459000,427.0905037518081,5
2024-09-20 11:53:14.532000,427.1521401545871,997
2024-09-20 11:53:14.557000,427.10726933976485,11
2024-09-20 11:53:14.559000,427.06932522575306,96
2024-09-20 11:53:14.587000,427.1060449781405,6
2024-09-20 11:53:14.714000,427.1010106562448,101
2024-09-20 11:53:14.729000,427.1035896633362,12
2024-09-20 11:53:14.733000,427.115284761832,11
2024-09-20 11:53:14.774000,427.0874462691517,1001
2024-09-20 11:53:14.795000,427.0988371374695,97
2024-09-20 11:53:14.932000,427.0764909016149,15
2024-09-20 11:53:14.948000,427.1428651549109,98
2024-09-20 11:53:14.977000,427.1015778273068,5
2024-09-20 11:53:15.080000,427.1330262605615,8
2024-09-20 11:53:15.092000,427.13079549036416,1004
2024-09-20 11:53:15.139000,427.1018591365595,15
2024-09-20 11:53:15.447000,427.1633209090329,97
2024-09-20 11:53:15.475000,427.08448147155,95
2024-09-20 11:53:15.475000,427.1293201312217,99
2024-09-20 11:53:15.596000,427.1298738256143,999
2024-09-20 11:53:15.837000,427.0917992452935,10
2024-09-20 11:53:16.014000,427.08676068796274,997
2024-09-20 11:53:16.106000,427.15566275359794,1001
2024-09-20 11:53:16.149000,427.09448711878304,15
2024-09-20 11:53:16.174000,427.159176720714,8
2024-09-20 11:53:16.232000,427.1335741574193,99
2024-09-20 11:53:16.233000,427.1316443211839,13
2024-09-20 11:53:16.270000,427.0994175204941,998
2024-09-20 11:53:16.270000,427.1244191117409,99
2024-09-20 11:53:16.284000,427.1225357211892,11
2024-09-20 11:53:16.312000,427.09893088088165,1003
2024-09-20 11:53:16.329000,427.11534915804987,13
2024-09-20 11:53:16.413000,427.15534676996015,97
2024-09-20 11:53:16.529000,427.164951088698,1003
2024-09-20 11:53:16.598000,427.1310406796082,97
2024-09-20 11:53:16.624000,427.1122924489358,6
2024-09-20 11:53:16.659000,427.1428142436178,99
2024-09-20 11:53:16.728000,427.1425293124812,9
2024-09-20 11:53:16.778000,427.0893460042653,105
2024-09-20 11:53:16.798000,427.1186255535055,10
2024-09-20 11:53:16.816000,427.1415446001577,101
2024-09-20 11:53:16.842000,427.1269879061031,15
2024-09-20 11:53:16.906000,427.1471790680425,14
2024-09-20 11:53:16.906000,427.1518341469212,1001
2024-09-20 11:53:16.976000,427.1546978631802,96
2024-09-20 11:53:17.007000,427.2027556480167,1001
2024-09-20 11:53:17.033000,427.1812545335467,1004
2024-09-20 11:53:17.112000,427.172648145052,14
2024-09-20 11:53:17.155000,427.1925348110715,1002
2024-09-20 11:53:17.182000,427.16801865110176,1001
2024-09-20 11:53:17.197000,427.1938635431151,997
2024-09-20 11:53:17.207000,427.16009260873005,996
2024-09-20 11:53:17.269000,427.15401417472174,1001
2024-09-20 11:53:17.385000,427.15369962973193,99
2024-09-20 11:53:17.405000,427.1563748075884,100
2024-09-20 11:53:17.438000,427.15916397713,103
2024-09-20 11:53:17.452000,427.1744061264927,100
2024-09-20 11:53:17.550000,427.1817736981576,15
2024-09-20 11:53:17.634000,427.1407221633028,997
2024-09-20 11:53:17.645000,427.1481472200376,1003
2024-09-20 11:53:17.707000,427.1484178996005,996
2024-09-20 11:53:17.737000,427.191907364194,1000
2024-09-20 11:53:17.810000,427.1820773589078,8
2024-09-20 11:53:17.822000,427.1642508446543,12
2024-09-20 11:53:17.829000,427.1367439723288,105
2024-09-20 11:53:17.869000,427.1846052349705,100
2024-09-20 11:53:17.907000,427.1690746882786,99
2024-09-20 11:53:18.015000,427.0772141112582,997
2024-09-20 11:53:18.091000,427.1929863514295,98
2024-09-20 11:53:18.323000,427.0972694043256,99
2024-09-20 11:53:18.458000,427.0814071089424,14
2024-09-20 11:53:18.487000,427.2077427212159,14
2024-09-20 11:53:18.491000,427.11847587920494,1003
2024-09-20 11:53:18.537000,427.07686641690674,104
2024-09-20 11:53:18.616000,427.17495026428605,98
2024-09-20 11:53:18.618000,427.0810610335712,98
2024-09-20 11:53:18.626000,427.1144185285357,15
2024-09-20 11:53:18.635000,427.08169913107554,999
2024-09-20 11:53:18.669000,427.13004735122007,11
2024-09-20 11:53:18.691000,427.2097533888159,6
2024-09-20 11:53:18.785000,427.1363997328095,10
2024-09-20 11:53:18.878000,427.0952160365948,96
2024-09-20 11:53:18.902000,427.1809376822413,11
2024-09-20 11:53:18.911000,427.2037627653081,99
2024-09-20 11:53:18.953000,427.1425654159975,999
2024-09-20 11:53:18.961000,427.0907193957087,104
2024-09-20 11:53:19.006000,427.1242652262065,99
2024-09-20 11:53:19.121000,427.1284064590063,11
2024-09-20 11:53:19.135000,427.1697045798036,12
2024-09-20 11:53:19.252000,427.104411652261,999
2024-09-20 11:53:19.383000,427.1543022896933,1004
2024-09-20 11:53:19.384000,427.1391512504634,1003
2024-09-20 11:53:19.403000,427.15215821821073,12
2024-09-20 11:53:19.449000,427.1272565327465,1004
2024-09-20 11:53:19.477000,427.1275401148438,13
2024-09-20 11:53:19.622000,427.1168887383009,99
2024-09-20 11:53:19.827000,427.1450753294205,7
2024-09-20 11:53:19.866000,427.16568380988247,96
2024-09-20 11:53:19.940000,427.1547873872792,1001
2024-09-20 11:53:20.063000,427.0980720087538,101
2024-09-20 11:53:20.064000,427.1130747758895,96
2024-09-20 11:53:20.068000,427.101474877303,100
2024-09-20 11:53:20.116000,427.13768247904096,15
2024-09-20 11:53:20.161000,427.1021826318443,14
2024-09-20 11:53:20.217000,427.1101121059079,997
2024-09-20 11:53:20.243000,427.1388646265105,99
2024-09-20 11:53:20.271000,427.1084198870572,102
2024-09-20 11:53:20.303000,427.14222091214094,1002
2024-09-20 11:53:20.378000,427.1398632008003,5
2024-09-20 11:53:20.411000,427.0837415458549,5
2024-09-20 11:53:20.476000,427.1022371549512,96
2024-09-20 11:53:20.490000,427.1245981029643,8
2024-09-20 11:53:20.532000,427.1232865686679,96
2024-09-20 11:53:20.614000,427.1042499867201,1004
2024-09-20 11:53:20.628000,427.1250581733083,10
2024-09-20 11:53:20.693000,427.11753306289336,999
2024-09-20 11:53:20.704000,427.12671609579314,98
2024-09-20 11:53:20.718000,427.14603452965935,12
2024-09-20 11:53:20.755000,427.0977498656747,1000
2024-09-20 11:53:20.842000,427.1422496303768,10
2024-09-20 11:53:20.995000,427.1293969144515,5
2024-09-20 11:53:21.992000,427.10651858802055,103
2024-09-20 11:53:23.012000,427.0355081364064,6
2024-09-20 11:53:23.026000,427.03104138590993,12
2024-09-20 11:53:23.048000,427.0319358543237,102
2024-09-20 11:53:23.092000,427.0254132014764,5
2024-09-20 11:53:23.263000,427.034591152381,999
2024-09-20 11:53:23.318000,427.0788497125008,7
2024-09-20 11:53:23.367000,427.0484711216764,10
2024-09-20 11:53:23.370000,427.0443266729025,9
2024-09-20 11:53:23.408000,427.0173488136896,1005
2024-09-20 11:53:23.430000,427.0797860705971,15
2024-09-20 11:53:23.501000,427.025929709588,102
2024-09-20 11:53:23.506000,427.0625496180056,999
2024-09-20 11:53:23.574000,427.0195263851153,999
2024-09-20 11:53:23.596000,427.02263072935096,6
2024-09-20 11:53:23.603000,427.029863102757,100
2024-09-20 11:53:23.610000,427.0223387050991,12
2024-09-20 11:53:23.620000,427.0529631938023,1002
2024-09-20 11:53:23.670000,427.0508406422233,99
2024-09-20 11:53:23.693000,427.04683432769247,103
2024-09-20 11:53:23.702000,427.0800443758452,95
2024-09-20 11:53:23.756000,426.9948879273407,999
2024-09-20 11:53:23.784000,427.1033812312186,14
2024-09-20 11:53:23.857000,427.0313080135607,6
2024-09-20 11:53:23.858000,427.0797963316184,99
2024-09-20 11:53:23.867000,427.00733019226976,12
2024-09-20 11:53:23.892000,427.021370923715,1003
2024-09-20 11:53:23.996000,427.08784996520416,1001
2024-09-20 11:53:24.027000,427.06625733572537,100
2024-09-20 11:53:24.072000,427.0530856868752,10
2024-09-20 11:53:24.111000,427.06914058458216,15
2024-09-20 11:53:24.169000,427.0698103538654,99
2024-09-20 11:53:24.544000,427.0524921952684,998
2024-09-20 11:53:24.601000,427.037738409584,105
2024-09-20 11:53:24.640000,427.0703003384751,9
2024-09-20 11:53:24.697000,427.0646581407685,5
2024-09-20 11:53:24.822000,427.0589873156477,12
2024-09-20 11:53:25.069000,426.9898612550707,7
2024-09-20 11:53:25.126000,426.98791673346886,98
2024-09-20 11:53:25.155000,427.0065506156754,1001
2024-09-20 11:53:25.256000,427.0000027725089,6
2024-09-20 11:53:25.295000,427.0134043248759,1004
2024-09-20 11:53:25.297000,427.0330321031311,14
2024-09-20 11:53:25.302000,427.0508980511456,1004
2024-09-20 11:53:25.382000,427.0247244696006,998
2024-09-20 11:53:25.457000,427.0337085790164,995
2024-09-20 11:53:25.514000,426.997432983129,98
2024-09-20 11:53:25.528000,426.9889401724733,1001
2024-09-20 11:53:25.569000,427.0334569926018,103
2024-09-20 11:53:25.590000,427.0150757967518,9
2024-09-20 11:53:25.609000,427.0369933685746,995
2024-09-20 11:53:25.651000,427.0296267307463,995
2024-09-20 11:53:25.670000,427.0195554276913,998
2024-09-20 11:53:25.699000,427.0407168575233,998
2024-09-20 11:53:25.703000,426.9950807803461,95
2024-09-20 11:53:25.709000,427.0006912666481,14
2024-09-20 11:53:25.720000,427.03069056632194,15
2024-09-20 11:53:25.862000,427.012496700228,104
2024-09-20 11:53:25.988000,427.0565673149932,5
2024-09-20 11:53:26.059000,426.95832506708814,999
2024-09-20 11:53:26.152000,427.0026979303425,6
2024-09-20 11:53:26.188000,426.95446055488185,102
2024-09-20 11:53:26.357000,427.040426792456,100
2024-09-20 11:53:26.371000,427.02234653944953,96
2024-09-20 11:53:26.429000,426.9637592457373,996
2024-09-20 11:53:26.436000,426.9880879496076,1005
2024-09-20 11:53:26.467000,426.9512143576719,100
2024-09-20 11:53:26.472000,427.0485400158781,1003
2024-09-20 11:53:26.559000,427.0162490292091,99
2024-09-20 11:53:26.605000,426.9265416845484,95
2024-09-20 11:53:26.640000,427.0403448688337,98
2024-09-20 11:53:26.661000,427.0033953085551,105
2024-09-20 11:53:26.690000,426.9433709748138,11
2024-09-20 11:53:26.726000,427.0417410788349,98
2024-09-20 11:53:26.734000,427.0269872257206,1000
2024-09-20 11:53:26.744000,426.9509783417825,1000
2024-09-20 11:53:26.800000,427.0309418631583,96
2024-09-20 11:53:26.801000,426.9544027141762,6
2024-09-20 11:53:26.828000,426.998032071303,11
2024-09-20 11:53:26.924000,426.9393969016455,97
2024-09-20 11:53:27.071000,426.9722874087458,1005
2024-09-20 11:53:27.129000,426.9163462891173,12
2024-09-20 11:53:27.131000,426.9664717280953,10
2024-09-20 11:53:27.148000,426.9624997628761,995
2024-09-20 11:53:27.253000,426.9547306258996,6
2024-09-20 11:53:27.265000,426.983227774896,100
2024-09-20 11:53:27.366000,426.97651957494384,10
2024-09-20 11:53:27.412000,426.9825757346436,100
2024-09-20 11:53:27.487000,426.965659461672,96
2024-09-20 11:53:27.515000,426.9993533469462,9
2024-09-20 11:53:27.528000,426.94912492651696,7
2024-09-20 11:53:27.577000,426.9052389812297,97
2024-09-20 11:53:27.640000,426.93623803068937,13
2024-09-20 11:53:27.667000,426.9522656858192,12
2024-09-20 11:53:27.681000,426.92155976538834,99
2024-09-20 11:53:27.763000,426.9815746323987,105
2024-09-20 11:53:27.811000,426.9514841398101,105
2024-09-20 11:53:27.858000,426.9697683997568,105
2024-09-20 11:53:28.002000,426.9550709010853,104
2024-09-20 11:53:28.047000,426.972895942288,1000
2024-09-20 11:53:28.098000,426.9685309377045,15
2024-09-20 11:53:28.215000,426.971878242644,1002
2024-09-20 11:53:28.297000,426.9495027463551,11
2024-09-20 11:53:28.437000,426.9597857054419,1002
2024-09-20 11:53:28.463000,426.9558056365339,995
2024-09-20 11:53:28.518000,426.95822174118666,996
2024-09-20 11:53:28.673000,426.9574765650672,98
2024-09-20 11:53:28.686000,426.96921860155874,996
2024-09-20 11:53:28.690000,426.95023164900033,12
2024-09-20 11:53:28.740000,426.96413437630287,997
2024-09-20 11:53:28.740000,426.9691132916472,8
2024-09-20 11:53:28.743000,426.9662071478728,7
2024-09-20 11:53:28.842000,426.9655216064969,996
2024-09-20 11:53:28.874000,426.9737270881564,1004
2024-09-20 11:53:29.005000,426.9345598014203,999
2024-09-20 11:53:29.098000,426.9286104540095,1001
2024-09-20 11:53:29.218000,426.9426617302107,104
2024-09-20 11:53:29.231000,426.944244324738,1003
2024-09-20 11:53:29.235000,426.9554355458909,12
2024-09-20 11:53:29.309000,426.9243009577968,10
2024-09-20 11:53:29.334000,426.9729300307518,102
2024-09-20 11:53:29.424000,426.98336740245486,14
2024-09-20 11:53:29.515000,426.9327095103485,97
2024-09-20 11:53:29.519000,426.9360099878052,1002
2024-09-20 11:53:29.548000,426.9361765578077,100
2024-09-20 11:53:29.608000,426.93867683766695,1002
2024-09-20 11:53:29.667000,426.9151871332093,1001
2024-09-20 11:53:29.703000,426.9532524784582,1005
2024-09-20 11:53:29.726000,426.9660215962058,101
2024-09-20 11:53:29.733000,426.9345594341013,96
2024-09-20 11:53:29.768000,426.9327062972995,104
2024-09-20 11:53:29.784000,426.9505457092245,105
2024-09-20 11:53:29.863000,426.9438484573845,96
2024-09-20 11:53:29.934000,426.942469659894,1000
2024-09-20 11:53:29.970000,426.9583119629816,13
2024-09-20 11:53:29.982000,426.9713715612269,997
2024-09-20 11:53:30.046000,426.9126515463506,998
2024-09-20 11:53:30.130000,426.9187183255988,10
2024-09-20 11:53:30.170000,426.9097460960901,103
2024-09-20 11:53:30.209000,426.907868120776,7
2024-09-20 11:53:30.291000,426.9133587612,1004
2024-09-20 11:53:30.297000,426.9131569917139,999
2024-09-20 11:53:30.349000,426.9045425309328,97
2024-09-20 11:53:30.458000,426.90997906343534,97
2024-09-20 11:53:30.470000,426.9277088831027,997
2024-09-20 11:53:30.477000,426.903536152098,15
2024-09-20 11:53:30.527000,426.9163176861372,6
2024-09-20 11:53:30.596000,426.912026369752,1004
2024-09-20 11:53:30.644000,426.8774016693002,1001
2024-09-20 11:53:30.645000,426.9312148358512,99
2024-09-20 11:53:30.656000,426.9100489423644,996
2024-09-20 11:53:30.662000,426.92091869486654,999
2024-09-20 11:53:30.703000,426.8835219365296,101
2024-09-20 11:53:30.731000,426.8988078083737,995
2024-09-20 11:53:30.737000,426.8969730271119,1000
2024-09-20 11:53:30.740000,426.9129059483355,100
2024-09-20 11:53:30.747000,426.8936389580932,103
2024-09-20 11:53:30.776000,426.9059312139841,14
2024-09-20 11:53:30.784000,426.8900298164205,1000
2024-09-20 11:53:30.789000,426.89615505708986,6
2024-09-20 11:53:30.839000,426.8979592162943,104
2024-09-20 11:53:30.843000,426.8848416457298,6
2024-09-20 11:53:30.871000,426.88894246765193,995
2024-09-20 11:53:30.882000,426.9045825435935,995
2024-09-20 11:53:30.964000,426.8959726402728,9
2024-09-20 11:53:30.966000,426.9146143719717,15
2024-09-20 11:53:31.102000,426.8970326883871,95
2024-09-20 11:53:31.298000,426.9099901838195,7
2024-09-20 11:53:31.359000,426.8748408398217,1004
2024-09-20 11:53:31.388000,426.90634438725016,1000
2024-09-20 11:53:31.399000,426.9363473082024,1000
2024-09-20 11:53:31.457000,426.8670690010512,1002
2024-09-20 11:53:31.491000,426.9182076058268,1001
2024-09-20 11:53:31.561000,426.93155801327725,5
2024-09-20 11:53:31.583000,426.9237533675322,105
2024-09-20 11:53:31.700000,426.9305767797508,13
2024-09-20 11:53:31.735000,426.8952661580601,995
2024-09-20 11:53:31.755000,426.9109380807881,998
2024-09-20 11:53:31.838000,426.8776573266693,5
2024-09-20 11:53:31.854000,426.90920777136006,99
2024-09-20 11:53:31.874000,426.8655391002316,1000
2024-09-20 11:53:31.891000,426.89671329605466,100
2024-09-20 11:53:31.892000,426.9270111991541,105
2024-09-20 11:53:31.984000,426.8642570044704,1001
2024-09-20 11:53:32.009000,426.8773482407368,8
2024-09-20 11:53:32.041000,426.9204779159372,98
2024-09-20 11:53:32.184000,426.8824582475612,96
2024-09-20 11:53:32.255000,426.9118386999885,97
2024-09-20 11:53:32.271000,426.895598295066,104
2024-09-20 11:53:32.329000,426.8798257338256,9
2024-09-20 11:53:32.333000,426.9049201682426,14
2024-09-20 11:53:32.345000,426.9009731412343,996
2024-09-20 11:53:32.352000,426.8801462890849,998
2024-09-20 11:53:32.406000,426.8741924362208,1002
2024-09-20 11:53:32.545000,426.88018034612287,12
2024-09-20 11:53:32.611000,426.9014042995576,103
2024-09-20 11:53:32.642000,426.87229568862006,1003
2024-09-20 11:53:32.644000,426.87057212571966,11
2024-09-20 11:53:32.706000,426.8979376365929,5
2024-09-20 11:53:32.708000,426.8988136550808,999
2024-09-20 11:53:32.737000,426.8640072700744,1004
2024-09-20 11:53:32.745000,426.92450683583127,997
2024-09-20 11:53:32.899000,426.88880451517593,105
2024-09-20 11:53:32.912000,426.8638663171765,997
2024-09-20 11:53:32.975000,426.8759708090961,1003
2024-09-20 11:53:33.006000,426.8327598448458,1003
2024-09-20 11:53:33.142000,426.8765087298288,1003
2024-09-20 11:53:33.159000,426.8499288377541,996
2024-09-20 11:53:33.193000,426.8055341502043,100
2024-09-20 11:53:33.220000,426.8700924123854,1002
2024-09-20 11:53:33.247000,426.8315777914856,8
2024-09-20 11:53:33.364000,426.87010025854994,995
2024-09-20 11:53:33.425000,426.81749106518345,10
2024-09-20 11:53:33.489000,426.830904863707,9
2024-09-20 11:53:33.495000,426.8321993863156,97
2024-09-20 11:53:33.536000,426.8268125651772,100
2024-09-20 11:53:33.686000,426.8827248154223,11
2024-09-20 11:53:33.689000,426.8166355788348,104
2024-09-20 11:53:33.718000,426.87805390624055,100
2024-09-20 11:53:33.731000,426.8221496176373,102
2024-09-20 11:53:33.771000,426.8283718976166,997
2024-09-20 11:53:33.795000,426.8329714123469,14
2024-09-20 11:53:33.946000,426.8873887648287,8
2024-09-20 11:53:34.022000,426.830865717165,999
2024-09-20 11:53:34.064000,426.8033005027355,5
2024-09-20 11:53:34.080000,426.7717581180952,12
2024-09-20 11:53:34.090000,426.80726563839386,14
2024-09-20 11:53:34.107000,426.7837774635395,6
2024-09-20 11:53:34.167000,426.8121260682751,1000
2024-09-20 11:53:34.251000,426.7795353711476,104
2024-09-20 11:53:34.272000,426.7803933388434,996
2024-09-20 11:53:34.273000,426.782474063866,105
2024-09-20 11:53:34.347000,426.8219302881755,99
2024-09-20 11:53:34.348000,426.7778096692724,96
2024-09-20 11:53:34.357000,426.8258815774475,1002
2024-09-20 11:53:34.358000,426.7496629026462,1005
2024-09-20 11:53:34.408000,426.816625675276,1001
2024-09-20 11:53:34.428000,426.7741586660977,105
2024-09-20 11:53:34.445000,426.78306741079456,96
2024-09-20 11:53:34.464000,426.8001466751257,1004
2024-09-20 11:53:34.472000,426.80244521785954,15
2024-09-20 11:53:34.568000,426.7844742933614,8
2024-09-20 11:53:34.583000,426.7559984446003,6
2024-09-20 11:53:34.608000,426.79796742397247,998
2024-09-20 11:53:34.613000,426.7930682671517,995
2024-09-20 11:53:34.744000,426.8274126670037,997
2024-09-20 11:53:34.800000,426.829145856856,98
2024-09-20 11:53:34.890000,426.7851788430758,1001
2024-09-20 11:53:34.898000,426.8274978665945,10
2024-09-20 11:53:34.898000,426.7859223808185,95
2024-09-20 11:53:34.937000,426.8318485218511,7
2024-09-20 11:53:35.013000,426.752690072228,96
2024-09-20 11:53:35.233000,426.7376629157012,7
2024-09-20 11:53:35.256000,426.735676710217,7
2024-09-20 11:53:35.684000,426.7685098299319,1005
2024-09-20 11:53:35.696000,426.7475687748051,95
2024-09-20 11:53:35.753000,426.7377222162239,103
2024-09-20 11:53:35.869000,426.7373141500376,104
2024-09-20 11:53:35.887000,426.7439668747608,14
2024-09-20 11:53:36.232000,426.7624515251391,7
2024-09-20 11:53:36.285000,426.8165399652689,103
2024-09-20 11:53:36.332000,426.8085354660628,1003
2024-09-20 11:53:36.728000,426.8090137650967,98
2024-09-20 11:53:36.805000,426.7635673329922,1001
2024-09-20 11:53:36.869000,426.8074391167544,104
2024-09-20 11:53:36.940000,426.7963478866589,102
2024-09-20 11:53:37.009000,426.8358247473861,1000
2024-09-20 11:53:37.023000,426.80888014738633,103
2024-09-20 11:53:37.076000,426.8064355290034,999
2024-09-20 11:53:37.164000,426.8323275203928,13
2024-09-20 11:53:37.190000,426.8464911867117,103
2024-09-20 11:53:37.337000,426.83675412350624,10
2024-09-20 11:53:37.448000,426.8023282676484,12
2024-09-20 11:53:37.599000,426.8177726373259,98
2024-09-20 11:53:37.718000,426.8241884047964,97
2024-09-20 11:53:37.744000,426.834446002088,995
2024-09-20 11:53:37.775000,426.8369886762325,996
2024-09-20 11:53:37.802000,426.8049721579145,1002
2024-09-20 11:53:37.819000,426.8298367047122,995
2024-09-20 11:53:37.949000,426.8016872558667,105
2024-09-20 11:53:38.003000,426.81439184387233,12
2024-09-20 11:53:38.095000,426.8506980490809,6
2024-09-20 11:53:38.195000,426.80557380921147,99
2024-09-20 11:53:38.221000,426.8067400991288,997
2024-09-20 11:53:38.240000,426.8388717784404,995
2024-09-20 11:53:38.374000,426.8124255364179,8
2024-09-20 11:53:38.407000,426.8191537392008,997
2024-09-20 11:53:38.415000,426.82417102162304,8
2024-09-20 11:53:38.419000,426.8543727244906,996
2024-09-20 11:53:38.475000,426.82081212478914,1000
2024-09-20 11:53:38.590000,426.84705531898464,95
2024-09-20 11:53:38.627000,426.8368317883405,9
2024-09-20 11:53:38.662000,426.81830723099534,101
2024-09-20 11:53:38.691000,426.7621063355546,11
2024-09-20 11:53:38.696000,426.8289281453797,99
2024-09-20 11:53:38.720000,426.8205020266629,1002
2024-09-20 11:53:38.758000,426.8373771753728,8
2024-09-20 11:53:38.801000,426.8320349425986,1003
2024-09-20 11:53:38.824000,426.7928874671305,97
2024-09-20 11:53:38.842000,426.8263579220778,998
2024-09-20 11:53:38.851000,426.8264133069053,103
2024-09-20 11:53:38.878000,426.81118366884135,105
2024-09-20 11:53:38.916000,426.8317720357033,5
2024-09-20 11:53:38.918000,426.814625759537,104
2024-09-20 11:53:38.929000,426.8322537468825,11
2024-09-20 11:53:38.966000,426.8128180208572,14
2024-09-20 11:53:39.081000,426.7371955385326,5
2024-09-20 11:53:39.108000,426.7290738628446,10
2024-09-20 11:53:39.213000,426.6871359314512,1004
2024-09-20 11:53:39.372000,426.6826890600617,102
2024-09-20 11:53:39.563000,426.73066942307656,98
2024-09-20 11:53:39.581000,426.7141535843901,7
2024-09-20 11:53:39.619000,426.7277808382521,12
2024-09-20 11:53:39.723000,426.73346327924855,97
2024-09-20 11:53:39.843000,426.7262854912992,1001
2024-09-20 11:53:39.903000,426.7091860925602,15
2024-09-20 11:53:39.923000,426.7239589970887,997
2024-09-20 11:53:39.970000,426.6930421116738,998
2024-09-20 11:53:39.981000,426.7227510089117,7
2024-09-20 11:53:39.983000,426.70571132507416,6
2024-09-20 11:53:40.044000,426.66343599144,998
2024-09-20 11:53:40.204000,426.6942832179333,1001
2024-09-20 11:53:40.291000,426.7308071566256,105
2024-09-20 11:53:40.306000,426.6819645802681,11
2024-09-20 11:53:40.706000,426.7374351226514,99
2024-09-20 11:53:40.732000,426.6621239144955,5
2024-09-20 11:53:40.762000,426.6600942222872,97
2024-09-20 11:53:40.804000,426.7334603024611,996
2024-09-20 11:53:40.809000,426.7272090560155,102
2024-09-20 11:53:40.877000,426.6532421533808,1003
2024-09-20 11:53:40.997000,426.7495281914714,1004
2024-09-20 11:53:41.039000,426.6931433758244,102
2024-09-20 11:53:41.069000,426.7185903697501,99
2024-09-20 11:53:41.089000,426.6786566025375,95
2024-09-20 11:53:41.242000,426.70916001871694,15
2024-09-20 11:53:41.270000,426.7237797327488,11
2024-09-20 11:53:41.316000,426.691872986098,7
2024-09-20 11:53:41.349000,426.7028611403474,97
2024-09-20 11:53:41.351000,426.6566492965,999
2024-09-20 11:53:41.355000,426.6813515347785,100
2024-09-20 11:53:41.462000,426.7048073863405,15
2024-09-20 11:53:41.570000,426.6673402941685,995
2024-09-20 11:53:41.588000,426.7380772179547,96
2024-09-20 11:53:41.596000,426.6782382925724,998
2024-09-20 11:53:41.610000,426.7010302003695,102
2024-09-20 11:53:41.618000,426.68992006662086,5
2024-09-20 11:53:41.742000,426.6972718528044,1003
2024-09-20 11:53:41.823000,426.6516838796995,995
2024-09-20 11:53:41.936000,426.6640261258508,1003
2024-09-20 11:53:41.964000,426.6716852301496,97
2024-09-20 11:53:41.987000,426.6566831459976,105
2024-09-20 11:53:42.138000,426.7231049279993,103
2024-09-20 11:53:42.246000,426.7419829849619,14
2024-09-20 11:53:42.624000,426.7327498226039,999
2024-09-20 11:53:42.794000,426.7442673323948,6
2024-09-20 11:53:42.854000,426.7418684193922,15
2024-09-20 11:53:43.019000,426.7268194814253,103
2024-09-20 11:53:43.021000,426.747277866028,99
2024-09-20 11:53:43.050000,426.7638057475693,1001
2024-09-20 11:53:43.054000,426.7626015320847,9
2024-09-20 11:53:43.111000,426.7480956009702,14
2024-09-20 11:53:43.219000,426.7314701943301,995
2024-09-20 11:53:43.235000,426.7239050907861,995
2024-09-20 11:53:43.238000,426.75747099584606,103
2024-09-20 11:53:43.281000,426.7508819971474,995
2024-09-20 11:53:43.334000,426.72800339810976,7
2024-09-20 11:53:43.369000,426.7610630629082,99
2024-09-20 11:53:43.389000,426.7481284984572,13
2024-09-20 11:53:43.405000,426.7311747187152,1003
2024-09-20 11:53:43.409000,426.7544818951026,6
2024-09-20 11:53:43.522000,426.7125410695211,13
2024-09-20 11:53:43.616000,426.73918289489785,103
2024-09-20 11:53:43.652000,426.7699156841896,100
2024-09-20 11:53:43.655000,426.7569322710865,6
2024-09-20 11:53:43.680000,426.7340032839148,1002
2024-09-20 11:53:43.686000,426.74816516687656,996
2024-09-20 11:53:43.699000,426.7430935739857,1005
2024-09-20 11:53:43.747000,426.72312471466034,97
2024-09-20 11:53:43.839000,426.7393261002193,100
2024-09-20 11:53:43.945000,426.7471426103444,1003
2024-09-20 11:53:44.028000,426.7810228964272,15
2024-09-20 11:53:44.037000,426.75363126095726,996
2024-09-20 11:53:44.042000,426.7615847155464,10
2024-09-20 11:53:44.042000,426.7733342912962,95
2024-09-20 11:53:44.077000,426.7582161945083,103
2024-09-20 11:53:44.079000,426.82872211194336,99
2024-09-20 11:53:44.137000,426.72920522360135,12
2024-09-20 11:53:44.180000,426.7609673698471,100
2024-09-20 11:53:44.187000,426.7741245373134,11
2024-09-20 11:53:44.202000,426.7261493115013,12
2024-09-20 11:53:44.227000,426.7631066639434,1000
2024-09-20 11:53:44.231000,426.77798401706127,999
2024-09-20 11:53:44.252000,426.7826253552364,95
2024-09-20 11:53:44.313000,426.8140179188348,13
2024-09-20 11:53:44.314000,426.7649643679048,98
2024-09-20 11:53:44.365000,426.76063414886175,1004
2024-09-20 11:53:44.461000,426.8139227746747,6
2024-09-20 11:53:44.512000,426.7738327889013,12
2024-09-20 11:53:44.638000,426.7690585180719,1000
2024-09-20 11:53:44.722000,426.7445795888685,96
2024-09-20 11:53:44.757000,426.7591164903864,998
2024-09-20 11:53:44.764000,426.827539717021,99
2024-09-20 11:53:44.830000,426.76238977805394,10
2024-09-20 11:53:44.901000,426.8435197322356,97
2024-09-20 11:53:44.927000,426.7444049654792,10
2024-09-20 11:53:44.941000,426.7921630754448,105
2024-09-20 11:53:44.953000,426.75051723624864,99
2024-09-20 11:53:44.954000,426.737737547434,995
2024-09-20 11:53:44.988000,426.7555978860615,101
2024-09-20 11:53:45.050000,426.8351033838801,998
2024-09-20 11:53:45.101000,426.821325869661,996
2024-09-20 11:53:45.158000,426.8475147979243,10
2024-09-20 11:53:45.189000,426.8488417330991,95
2024-09-20 11:53:45.371000,426.8270321696572,95
2024-09-20 11:53:45.521000,426.84847095503136,97
2024-09-20 11:53:45.529000,426.81912638274576,6
2024-09-20 11:53:45.664000,426.83691931439,7
2024-09-20 11:53:45.694000,426.8276414429268,97
2024-09-20 11:53:45.760000,426.8436128159207,5
2024-09-20 11:53:45.812000,426.8342388510494,95
2024-09-20 11:53:45.849000,426.8452958680758,6
2024-09-20 11:53:45.866000,426.8593688370104,9
2024-09-20 11:53:45.897000,426.8726550719707,99
2024-09-20 11:53:46.085000,426.9164877828677,998
2024-09-20 11:53:46.140000,426.94051167898857,8
2024-09-20 11:53:46.312000,426.878703255119,15
2024-09-20 11:53:46.441000,426.9267303619868,99
2024-09-20 11:53:46.456000,426.9375048016671,1004
2024-09-20 11:53:46.466000,426.8759545493233,15
2024-09-20 11:53:46.623000,426.9035456894388,995
2024-09-20 11:53:46.660000,426.92058461153727,105
2024-09-20 11:53:46.755000,426.8619203362377,11
2024-09-20 11:53:46.770000,426.8797361854445,95
2024-09-20 11:53:46.937000,426.8527582291264,1000
2024-09-20 11:53:46.943000,426.8941713679413,102
2024-09-20 11:53:46.973000,426.93976145420993,1005
2024-09-20 11:53:46.975000,426.9317621747324,102
2024-09-20 11:53:47.002000,426.9159728898534,7
2024-09-20 11:53:47.053000,426.952016597892,1002
2024-09-20 11:53:47.103000,426.9333727073746,1001
2024-09-20 11:53:47.150000,426.9189887657489,100
2024-09-20 11:53:47.243000,426.9439107181427,96
2024-09-20 11:53:47.337000,426.97192019234166,1002
2024-09-20 11:53:47.361000,426.95434709219336,95
2024-09-20 11:53:47.401000,426.9540682779029,11
2024-09-20 11:53:47.467000,426.9428045893554,13
2024-09-20 11:53:47.488000,426.9600014176705,995
2024-09-20 11:53:47.506000,426.9408471181524,998
2024-09-20 11:53:47.532000,426.94053525272926,104
2024-09-20 11:53:47.565000,426.9500438704373,996
2024-09-20 11:53:47.573000,426.9393777558335,9
2024-09-20 11:53:47.816000,426.9489003843184,1000
2024-09-20 11:53:47.856000,426.9331565576494,1001
2024-09-20 11:53:47.856000,426.9516822660372,14
2024-09-20 11:53:47.887000,426.9276154481495,98
2024-09-20 11:53:47.903000,426.9249958117526,96
2024-09-20 11:53:47.960000,426.9674327335477,1001
2024-09-20 11:53:47.989000,426.9511534805012,103
2024-09-20 11:53:48.028000,426.9372224683814,15
2024-09-20 11:53:48.229000,426.9341139150391,103
2024-09-20 11:53:48.255000,426.9606538499579,995
2024-09-20 11:53:48.277000,426.9291904096687,102
2024-09-20 11:53:48.286000,426.9732731045972,99
2024-09-20 11:53:48.296000,426.9825287615653,9
2024-09-20 11:53:48.517000,426.9568440509927,1004
2024-09-20 11:53:48.574000,426.9644374671749,12
2024-09-20 11:53:48.685000,426.9825332590557,1000
2024-09-20 11:53:48.734000,426.9654116458051,1003
2024-09-20 11:53:48.735000,426.9408912490306,1005
2024-09-20 11:53:48.778000,426.9709263707836,14
2024-09-20 11:53:48.949000,426.9548641050174,98
2024-09-20 11:53:48.969000,426.961252579957,1003
2024-09-20 11:53:48.981000,426.9573168458246,1002
2024-09-20 11:53:48.985000,426.9305123992506,1000
2024-09-20 11:53:49.045000,426.9566317975773,105
2024-09-20 11:53:49.067000,426.9537251124382,14
2024-09-20 11:53:49.089000,426.98274829684345,13
2024-09-20 11:53:49.089000,426.96440452663575,998
2024-09-20 11:53:49.104000,427.0199583409395,1003
2024-09-20 11:53:49.211000,427.0411520010448,1002
2024-09-20 11:53:49.312000,426.9717089878709,1003
2024-09-20 11:53:49.528000,427.0076669080159,7
2024-09-20 11:53:49.584000,427.011480632456,11
2024-09-20 11:53:49.839000,426.9550625587,15
2024-09-20 11:53:51.064000,426.9935292088904,7
2024-09-20 11:53:51.087000,427.010416530572,997
2024-09-20 11:53:51.132000,427.00094486249554,12
2024-09-20 11:53:51.262000,427.0201630738276,10
2024-09-20 11:53:51.364000,427.00203936422287,7
2024-09-20 11:53:51.417000,427.0214792936467,998
2024-09-20 11:53:51.434000,427.0189326143068,13
2024-09-20 11:53:51.468000,427.0371051340494,997
2024-09-20 11:53:51.764000,427.0429575460613,5
2024-09-20 11:53:51.863000,427.015092140785,1002
2024-09-20 11:53:51.903000,427.0128793621859,102
2024-09-20 11:53:52.037000,426.922874256345,101
2024-09-20 11:53:52.066000,426.93072774796326,1003
2024-09-20 11:53:52.069000,426.9309320425943,11
2024-09-20 11:53:52.126000,426.9928202706381,102
2024-09-20 11:53:52.131000,426.9612517594485,102
2024-09-20 11:53:52.154000,426.94032955773656,14
2024-09-20 11:53:52.158000,426.9452649099514,103
2024-09-20 11:53:52.183000,426.9515865353237,98
2024-09-20 11:53:52.248000,426.9389667588908,100
2024-09-20 11:53:52.297000,426.9295508200289,1005
2024-09-20 11:53:52.360000,426.9508107878812,104
2024-09-20 11:53:52.409000,426.931947801412,95
2024-09-20 11:53:52.420000,426.9439345966064,14
2024-09-20 11:53:52.428000,426.95408109757307,995
2024-09-20 11:53:52.435000,426.928608450515,13
2024-09-20 11:53:52.483000,426.9522418267448,15
2024-09-20 11:53:52.552000,426.9285070031759,98
2024-09-20 11:53:52.582000,426.9344129596131,105
2024-09-20 11:53:52.594000,426.92643284210845,1002
2024-09-20 11:53:52.610000,426.9359115339248,15
2024-09-20 11:53:52.648000,426.95880442997407,100
2024-09-20 11:53:52.763000,426.9539297823391,9
2024-09-20 11:53:52.788000,426.9458279993804,7
2024-09-20 11:53:52.924000,426.9884386376311,99
2024-09-20 11:53:53.732000,426.9402928925159,13
2024-09-20 11:53:54.505000,426.9388779899634,995
2024-09-20 11:53:55.379000,426.9567804794127,5
2024-09-20 11:53:55.399000,426.9667711098497,105
2024-09-20 11:53:55.450000,426.9563088280673,95
2024-09-20 11:53:55.494000,426.9276370016256,100
2024-09-20 11:53:55.524000,426.9299311322642,97
2024-09-20 11:53:55.525000,426.9427980634152,5
2024-09-20 11:53:55.528000,426.9690896350645,14
2024-09-20 11:53:55.548000,426.9661434299658,97
2024-09-20 11:53:55.554000,426.9272226702858,105
2024-09-20 11:53:55.567000,426.9563293676192,8
2024-09-20 11:53:55.620000,426.972312398692,104
2024-09-20 11:53:55.648000,426.9724579047096,1003
2024-09-20 11:53:55.677000,426.94938036682686,13
2024-09-20 11:53:55.689000,426.96102314165887,8
2024-09-20 11:53:55.702000,426.9657914550016,997
2024-09-20 11:53:55.936000,426.9486616927569,997
2024-09-20 11:53:55.963000,426.9390326825577,102
2024-09-20 11:53:55.974000,426.9448230651344,6
2024-09-20 11:53:56.018000,426.9241070808689,1000
2024-09-20 11:53:56.047000,426.9299076048882,102
2024-09-20 11:53:56.134000,427.014297883252,103
2024-09-20 11:53:56.136000,426.9308535368944,102
2024-09-20 11:53:56.136000,426.99243358364345,15
2024-09-20 11:53:56.151000,426.9907327625616,12
2024-09-20 11:53:56.210000,426.9641440357663,8
2024-09-20 11:53:56.235000,426.9373175108759,1004
2024-09-20 11:53:56.251000,426.9190727384613,96
2024-09-20 11:53:56.275000,427.0240022799161,96
2024-09-20 11:53:56.319000,427.0058235625924,1000
2024-09-20 11:53:56.361000,426.9457669753204,10
2024-09-20 11:53:56.367000,427.0082804110568,105
2024-09-20 11:53:56.468000,426.9790960527535,98
2024-09-20 11:53:56.477000,426.924732913985,102
2024-09-20 11:53:56.573000,426.99661335875584,98
2024-09-20 11:53:56.581000,426.9409256805231,104
2024-09-20 11:53:56.629000,426.9744665355578,104
2024-09-20 11:53:56.641000,426.92888361166206,1002
2024-09-20 11:53:56.713000,426.920990621502,997
2024-09-20 11:53:56.725000,426.9400552956282,5
2024-09-20 11:53:56.882000,426.9406360430346,99
2024-09-20 11:53:56.946000,426.947854342772,102
2024-09-20 11:53:56.971000,427.0161027624251,1001
2024-09-20 11:53:56.981000,427.00085947524224,100
2024-09-20 11:53:57.184000,426.98303939096974,102
2024-09-20 11:53:57.217000,427.0086157578898,5
2024-09-20 11:53:57.243000,426.9907180533282,999
2024-09-20 11:53:57.447000,426.9817996152358,95
2024-09-20 11:53:57.467000,426.99573417601306,999
2024-09-20 11:53:57.835000,427.00112367025537,995
2024-09-20 11:53:57.928000,427.0009983493083,995
2024-09-20 11:53:57.970000,426.9898321509593,8
2024-09-20 11:53:58.029000,426.9179396969026,101
2024-09-20 11:53:58.096000,426.94742648058815,15
2024-09-20 11:53:58.116000,426.9623375851643,104
2024-09-20 11:53:58.289000,426.92388300402,13
2024-09-20 11:53:58.551000,426.9453841649772,100
2024-09-20 11:53:58.648000,426.9511055637765,99
2024-09-20 11:53:58.698000,426.8998905119306,105
2024-09-20 11:53:58.720000,426.9270792765745,97
2024-09-20 11:53:58.732000,426.9691494321267,1004
2024-09-20 11:53:58.759000,426.9365693822167,100
2024-09-20 11:53:58.796000,426.9116330997131,5
2024-09-20 11:53:58.797000,426.91627359099607,95
2024-09-20 11:53:58.823000,426.88943273586347,105
2024-09-20 11:53:59.190000,426.9814020306276,96
2024-09-20 11:53:59.436000,426.9758521040554,14
