Timestamp,Price,Size
2024-09-19 14:21:00.031000,418.9429254652274,11
2024-09-19 14:21:00.061000,418.9635077499569,105
2024-09-19 14:21:00.103000,418.9720245811734,12
2024-09-19 14:21:00.115000,418.9782927269915,7
2024-09-19 14:21:00.173000,418.88850089951967,101
2024-09-19 14:21:00.244000,418.9498612166869,15
2024-09-19 14:21:00.270000,418.89271917272015,999
2024-09-19 14:21:00.329000,418.8931410795957,105
2024-09-19 14:21:00.369000,418.91820077949495,8
2024-09-19 14:21:00.394000,418.9180888608003,1000
2024-09-19 14:21:00.395000,418.9750238644992,7
2024-09-19 14:21:00.464000,418.90009256023103,102
2024-09-19 14:21:00.497000,418.93761655880655,998
2024-09-19 14:21:00.499000,418.9572763810809,104
2024-09-19 14:21:00.527000,418.90899090044746,12
2024-09-19 14:21:00.539000,418.9452149808843,997
2024-09-19 14:21:00.658000,418.8927296546781,996
2024-09-19 14:21:00.662000,418.9832417371561,10
2024-09-19 14:21:00.712000,418.9452110910837,10
2024-09-19 14:21:00.713000,418.89270972467625,7
2024-09-19 14:21:00.823000,418.9063382222722,1000
2024-09-19 14:21:00.870000,418.89472158253744,9
2024-09-19 14:21:00.906000,418.9347682683048,104
2024-09-19 14:21:00.929000,418.9698084865866,103
2024-09-19 14:21:01.104000,418.9624239276246,5
2024-09-19 14:21:01.369000,418.9753357282133,105
2024-09-19 14:21:01.445000,418.970877719404,8
2024-09-19 14:21:01.486000,418.9899423113737,13
2024-09-19 14:21:01.637000,418.9574834472063,5
2024-09-19 14:21:01.696000,418.95347478101695,12
2024-09-19 14:21:01.941000,418.95736720657953,96
2024-09-19 14:21:02.075000,418.94766176612393,103
2024-09-19 14:21:02.076000,418.9789630036274,12
2024-09-19 14:21:02.116000,418.9991561875477,95
2024-09-19 14:21:02.177000,418.9525588903384,1003
2024-09-19 14:21:02.246000,418.9792265594594,1002
2024-09-19 14:21:02.282000,418.9505091781751,11
2024-09-19 14:21:02.353000,418.9888522168484,1000
2024-09-19 14:21:02.359000,418.96458235363326,1004
2024-09-19 14:21:02.418000,418.988194261192,999
2024-09-19 14:21:02.436000,418.9704033988287,5
2024-09-19 14:21:02.478000,418.9487167648372,1003
2024-09-19 14:21:02.531000,419.0119552819762,6
2024-09-19 14:21:02.566000,418.9662319452975,997
2024-09-19 14:21:02.644000,419.0199891653134,100
2024-09-19 14:21:02.673000,418.9840555230471,15
2024-09-19 14:21:02.686000,418.9773747114992,105
2024-09-19 14:21:02.701000,419.0043991357641,1002
2024-09-19 14:21:02.735000,418.961791134177,5
2024-09-19 14:21:02.783000,418.9485621455164,997
2024-09-19 14:21:02.852000,418.9830644407066,101
2024-09-19 14:21:02.855000,418.9878442602681,9
2024-09-19 14:21:02.859000,418.9938289786557,1003
2024-09-19 14:21:02.872000,419.0102013589127,997
2024-09-19 14:21:02.900000,418.9736239118433,105
2024-09-19 14:21:02.906000,419.0224317890521,1003
2024-09-19 14:21:02.921000,418.9956057528348,1004
2024-09-19 14:21:02.964000,418.98532986091226,15
2024-09-19 14:21:03.278000,418.9503019092401,6
2024-09-19 14:21:03.502000,418.95729022985296,1000
2024-09-19 14:21:03.576000,418.970351755036,96
2024-09-19 14:21:04.020000,418.9114656414127,103
2024-09-19 14:21:04.109000,418.9060080257698,1005
2024-09-19 14:21:04.112000,418.8992399816304,104
2024-09-19 14:21:04.271000,418.9101828540613,100
2024-09-19 14:21:04.286000,418.92715840413456,11
2024-09-19 14:21:04.311000,418.91909507517965,102
2024-09-19 14:21:04.320000,418.91205911128486,1000
2024-09-19 14:21:04.344000,418.9014153766064,105
2024-09-19 14:21:04.374000,418.9062997663952,10
2024-09-19 14:21:04.386000,418.9218717120624,99
2024-09-19 14:21:04.425000,418.9368375343873,1003
2024-09-19 14:21:04.427000,418.91955347941007,1005
2024-09-19 14:21:04.436000,418.9081472694657,11
2024-09-19 14:21:04.444000,418.9751579920887,10
2024-09-19 14:21:04.447000,418.89584226410807,5
2024-09-19 14:21:04.527000,418.914829070769,5
2024-09-19 14:21:04.542000,418.9145452723933,104
2024-09-19 14:21:04.561000,418.9499077565065,1002
2024-09-19 14:21:04.642000,418.9245234866991,1002
2024-09-19 14:21:04.700000,418.9606261588892,6
2024-09-19 14:21:04.756000,418.949440668276,997
2024-09-19 14:21:04.760000,418.9222956841522,996
2024-09-19 14:21:04.799000,418.9017212200496,999
2024-09-19 14:21:04.815000,418.90292577042345,1005
2024-09-19 14:21:04.847000,418.9123124619037,99
2024-09-19 14:21:04.883000,418.919191087094,96
2024-09-19 14:21:04.888000,418.90755182444,1000
2024-09-19 14:21:04.888000,418.9173313615229,1000
2024-09-19 14:21:04.909000,418.91784779853214,7
2024-09-19 14:21:04.978000,418.9152681623698,99
2024-09-19 14:21:05.082000,418.8494152581705,996
2024-09-19 14:21:05.101000,418.8521919847065,96
2024-09-19 14:21:05.146000,418.8490636022492,997
2024-09-19 14:21:05.160000,418.8505996704657,104
2024-09-19 14:21:05.170000,418.8628389656128,1005
2024-09-19 14:21:05.207000,418.8735140581345,1005
2024-09-19 14:21:05.222000,418.892543846327,998
2024-09-19 14:21:05.235000,418.8407964328507,100
2024-09-19 14:21:05.292000,418.8660533321616,998
2024-09-19 14:21:05.327000,418.8317912552764,100
2024-09-19 14:21:05.328000,418.8359608572084,1003
2024-09-19 14:21:05.351000,418.856486667228,8
2024-09-19 14:21:05.372000,418.8582796585546,1002
2024-09-19 14:21:05.507000,418.8493248346405,6
2024-09-19 14:21:05.548000,418.85284782164246,100
2024-09-19 14:21:05.626000,418.8822643297392,1003
2024-09-19 14:21:05.667000,418.8413328542102,13
2024-09-19 14:21:05.702000,418.8453638996116,105
2024-09-19 14:21:05.745000,418.8406616676054,98
2024-09-19 14:21:05.830000,418.8565253312646,1002
2024-09-19 14:21:05.847000,418.8659389438511,995
2024-09-19 14:21:05.929000,418.8505874073692,996
2024-09-19 14:21:05.987000,418.8539164163682,103
2024-09-19 14:21:06.467000,418.8708984594405,95
2024-09-19 14:21:07.015000,418.8749963666104,1001
2024-09-19 14:21:07.083000,418.8469661443828,999
2024-09-19 14:21:07.112000,418.8659748735839,1000
2024-09-19 14:21:07.126000,418.8710763031132,995
2024-09-19 14:21:07.134000,418.8619497902461,1003
2024-09-19 14:21:07.153000,418.8816149377536,11
2024-09-19 14:21:07.540000,418.8595845327821,101
2024-09-19 14:21:07.643000,418.8631663957021,999
2024-09-19 14:21:07.674000,418.87574724948615,100
2024-09-19 14:21:07.785000,418.8688689996887,11
2024-09-19 14:21:07.831000,418.8629186254536,6
2024-09-19 14:21:07.874000,418.8558422403726,8
2024-09-19 14:21:07.876000,418.8563684981133,13
2024-09-19 14:21:07.912000,418.8817640279775,10
2024-09-19 14:21:07.919000,418.8663291007204,1004
2024-09-19 14:21:08.107000,418.8907786821245,997
2024-09-19 14:21:08.129000,418.9073160985935,105
2024-09-19 14:21:09.097000,418.89628164244607,1003
2024-09-19 14:21:09.385000,418.921484273375,97
2024-09-19 14:21:09.449000,418.9004534223138,103
2024-09-19 14:21:09.587000,418.8823927960698,98
2024-09-19 14:21:09.797000,418.9156682244266,999
2024-09-19 14:21:09.811000,418.8768926634368,96
2024-09-19 14:21:09.909000,418.90945679610473,1001
2024-09-19 14:21:10.044000,418.921465003375,8
2024-09-19 14:21:10.116000,418.88534580930383,5
2024-09-19 14:21:10.122000,418.88111287940137,10
2024-09-19 14:21:10.170000,418.9136743413288,5
2024-09-19 14:21:10.172000,418.9155916730717,13
2024-09-19 14:21:10.201000,418.9309373225692,15
2024-09-19 14:21:10.261000,418.9111310285424,996
2024-09-19 14:21:10.287000,418.8721248418,99
2024-09-19 14:21:10.353000,418.87949879092014,995
2024-09-19 14:21:10.356000,418.8988857147416,105
2024-09-19 14:21:10.367000,418.900130296606,5
2024-09-19 14:21:10.397000,418.9080323559628,95
2024-09-19 14:21:10.423000,418.9073546563658,102
2024-09-19 14:21:10.480000,418.9120652542782,998
2024-09-19 14:21:10.488000,418.8727883367472,996
2024-09-19 14:21:10.600000,418.885185977598,7
2024-09-19 14:21:10.682000,418.8890433497899,13
2024-09-19 14:21:10.760000,418.8830771485028,13
2024-09-19 14:21:10.822000,418.8989567240978,15
2024-09-19 14:21:10.864000,418.8885883342717,1004
2024-09-19 14:21:10.875000,418.9019546172373,98
2024-09-19 14:21:10.943000,418.89121643343816,15
2024-09-19 14:21:10.993000,418.8844309457328,13
2024-09-19 14:21:11.041000,418.9120887349971,12
2024-09-19 14:21:11.282000,418.8931903684784,998
2024-09-19 14:21:11.827000,418.8982315825526,10
2024-09-19 14:21:12.697000,418.9166153035584,998
2024-09-19 14:21:13.018000,418.9105362950949,1002
2024-09-19 14:21:13.021000,418.88267791066073,5
2024-09-19 14:21:13.041000,418.8318191263117,8
2024-09-19 14:21:13.068000,418.86927435631753,995
2024-09-19 14:21:13.110000,418.8638061720821,1004
2024-09-19 14:21:13.193000,418.9016798163758,1001
2024-09-19 14:21:13.350000,418.9141724529895,99
2024-09-19 14:21:13.355000,418.8902514502466,999
2024-09-19 14:21:13.394000,418.9186773822212,5
2024-09-19 14:21:13.432000,418.9157984460985,1004
2024-09-19 14:21:13.470000,418.8473602528499,6
2024-09-19 14:21:13.495000,418.9022640997642,7
2024-09-19 14:21:13.558000,418.9354351494024,104
2024-09-19 14:21:13.671000,418.90868631231245,10
2024-09-19 14:21:13.719000,418.9063063940616,96
2024-09-19 14:21:13.750000,418.8599867742639,97
2024-09-19 14:21:13.783000,418.912826239499,1002
2024-09-19 14:21:14.032000,418.8419583461769,999
2024-09-19 14:21:14.039000,418.8290836931773,13
2024-09-19 14:21:14.045000,418.8459919735924,996
2024-09-19 14:21:14.089000,418.8410489068049,1002
2024-09-19 14:21:14.164000,418.8510872592784,1004
2024-09-19 14:21:14.235000,418.835728394742,995
2024-09-19 14:21:14.430000,418.8434368967809,997
2024-09-19 14:21:14.448000,418.82478910686257,104
2024-09-19 14:21:14.524000,418.85183008775886,105
2024-09-19 14:21:14.596000,418.8361950787206,999
2024-09-19 14:21:14.646000,418.8383574953692,13
2024-09-19 14:21:14.674000,418.8296558429372,1002
2024-09-19 14:21:14.676000,418.84621588528034,996
2024-09-19 14:21:14.689000,418.8534610332626,103
2024-09-19 14:21:14.701000,418.8549293214841,102
2024-09-19 14:21:14.719000,418.8471950366406,7
2024-09-19 14:21:14.806000,418.8592377997061,1001
2024-09-19 14:21:14.852000,418.8372395322529,103
2024-09-19 14:21:14.861000,418.8305223817681,100
2024-09-19 14:21:14.959000,418.84456029048056,1000
2024-09-19 14:21:15.011000,418.84726009419234,1000
2024-09-19 14:21:15.023000,418.8194447449415,102
2024-09-19 14:21:15.065000,418.8040562240545,10
2024-09-19 14:21:15.096000,418.8236549681044,105
2024-09-19 14:21:15.103000,418.8439411547194,99
2024-09-19 14:21:15.121000,418.842125287244,13
2024-09-19 14:21:15.169000,418.8250261484505,995
2024-09-19 14:21:15.205000,418.8315421688992,9
2024-09-19 14:21:15.309000,418.8333573491949,995
2024-09-19 14:21:15.357000,418.82676530914927,1001
2024-09-19 14:21:15.365000,418.8445993810458,100
2024-09-19 14:21:15.515000,418.8328213832357,1004
2024-09-19 14:21:15.521000,418.8374364194338,1004
2024-09-19 14:21:15.604000,418.8496942055948,13
2024-09-19 14:21:15.653000,418.8448038571278,8
2024-09-19 14:21:15.750000,418.8270223705344,104
2024-09-19 14:21:15.783000,418.826634870248,101
2024-09-19 14:21:15.791000,418.8284509565146,1002
2024-09-19 14:21:15.881000,418.8194904172663,104
2024-09-19 14:21:15.935000,418.846408923565,999
2024-09-19 14:21:15.978000,418.82363159796296,99
2024-09-19 14:21:16.006000,418.901384632063,104
2024-09-19 14:21:16.043000,418.9053656056872,6
2024-09-19 14:21:16.142000,418.8821044249647,101
2024-09-19 14:21:16.195000,418.8733350236891,998
2024-09-19 14:21:16.195000,418.86116507626775,104
2024-09-19 14:21:16.305000,418.8646992487773,101
2024-09-19 14:21:16.395000,418.8700711292795,7
2024-09-19 14:21:16.561000,418.88984805791705,14
2024-09-19 14:21:16.601000,418.9097414712023,9
2024-09-19 14:21:16.619000,418.9097815469255,13
2024-09-19 14:21:16.669000,418.88258673192433,102
2024-09-19 14:21:16.687000,418.8407994971674,1000
2024-09-19 14:21:16.755000,418.8920422426354,1005
2024-09-19 14:21:16.839000,418.8945272337198,101
2024-09-19 14:21:17.285000,418.89921600767946,103
2024-09-19 14:21:17.562000,418.900208340173,11
2024-09-19 14:21:17.636000,418.8922218187863,8
2024-09-19 14:21:17.659000,418.8963155867403,8
2024-09-19 14:21:17.763000,418.9025249907757,8
2024-09-19 14:21:17.949000,418.90264106871865,5
2024-09-19 14:21:18.038000,418.91128074053273,95
2024-09-19 14:21:18.083000,418.8989543027134,1002
2024-09-19 14:21:18.211000,418.9059054637542,6
2024-09-19 14:21:18.244000,418.89573596141634,100
2024-09-19 14:21:18.347000,418.89834850585527,98
2024-09-19 14:21:18.630000,418.8883892893088,98
2024-09-19 14:21:18.685000,418.89123637720337,97
2024-09-19 14:21:19.247000,418.8772781628173,97
2024-09-19 14:21:19.652000,418.8826548448343,1000
2024-09-19 14:21:20.013000,418.92205267352233,12
2024-09-19 14:21:20.065000,418.9238296650669,8
2024-09-19 14:21:20.100000,418.8970079093757,7
2024-09-19 14:21:20.163000,418.8647855439131,99
2024-09-19 14:21:20.186000,418.8485365953241,995
2024-09-19 14:21:20.211000,418.8724278752528,1004
2024-09-19 14:21:20.217000,418.8744165364789,996
2024-09-19 14:21:20.321000,418.85350278909874,97
2024-09-19 14:21:20.324000,418.84771088921104,997
2024-09-19 14:21:20.388000,418.8400065939976,1005
2024-09-19 14:21:20.393000,418.867231205063,8
2024-09-19 14:21:20.402000,418.8640643381183,1001
2024-09-19 14:21:20.415000,418.8455830419818,999
2024-09-19 14:21:20.492000,418.85190017240666,1001
2024-09-19 14:21:20.505000,418.8687113905814,5
2024-09-19 14:21:20.627000,418.8924324504821,8
2024-09-19 14:21:20.764000,418.886674636938,99
2024-09-19 14:21:20.790000,418.9288885070807,1003
2024-09-19 14:21:20.791000,418.8592014204819,97
2024-09-19 14:21:20.823000,418.85705646622944,1005
2024-09-19 14:21:20.901000,418.8758462657981,101
2024-09-19 14:21:21.052000,418.9099018866404,1001
2024-09-19 14:21:21.083000,418.9163650108552,999
2024-09-19 14:21:21.226000,418.9152274886449,6
2024-09-19 14:21:21.269000,418.8923802640351,6
2024-09-19 14:21:21.280000,418.9294005350216,100
2024-09-19 14:21:21.400000,418.9089101092343,101
2024-09-19 14:21:21.532000,418.94251368428775,105
2024-09-19 14:21:21.623000,418.9396518747785,102
2024-09-19 14:21:21.632000,418.92458591734857,15
2024-09-19 14:21:21.692000,418.9120735544239,8
2024-09-19 14:21:21.735000,418.9402656378982,105
2024-09-19 14:21:21.762000,418.9265445608851,105
2024-09-19 14:21:21.856000,418.92017286720113,1005
2024-09-19 14:21:21.928000,418.960137097414,6
2024-09-19 14:21:23.040000,418.88874843162864,1000
2024-09-19 14:21:23.104000,418.8953500457773,14
2024-09-19 14:21:23.161000,418.8888077816016,10
2024-09-19 14:21:23.165000,418.90207577216535,997
2024-09-19 14:21:23.199000,418.9023598776295,1001
2024-09-19 14:21:23.309000,418.888483358895,97
2024-09-19 14:21:23.331000,418.89485043844536,1005
2024-09-19 14:21:23.442000,418.8939266429881,13
2024-09-19 14:21:23.453000,418.9052217409324,96
2024-09-19 14:21:23.768000,418.886696301531,996
2024-09-19 14:21:23.795000,418.88558119504455,99
2024-09-19 14:21:23.831000,418.88201619783456,997
2024-09-19 14:21:23.846000,418.8997731582571,1005
2024-09-19 14:21:23.974000,418.8883208793639,105
2024-09-19 14:21:24.024000,418.9502551032587,9
2024-09-19 14:21:24.061000,418.93702652226,15
2024-09-19 14:21:24.066000,418.9403253694509,1002
2024-09-19 14:21:24.114000,418.9724910288795,1003
2024-09-19 14:21:24.130000,418.983906715352,100
2024-09-19 14:21:24.284000,418.979927624084,1000
2024-09-19 14:21:24.329000,418.9391353629167,998
2024-09-19 14:21:24.382000,418.8851158237273,1003
2024-09-19 14:21:24.452000,418.9413987831479,6
2024-09-19 14:21:24.464000,418.9433646231508,997
2024-09-19 14:21:24.473000,418.9019329549599,8
2024-09-19 14:21:24.528000,418.9839407691807,11
2024-09-19 14:21:24.579000,418.9816925806536,997
2024-09-19 14:21:24.592000,418.89267124359344,995
2024-09-19 14:21:24.624000,418.9509376016844,11
2024-09-19 14:21:24.641000,418.969932187761,13
2024-09-19 14:21:24.676000,418.9325310594165,1001
2024-09-19 14:21:24.838000,418.9011544792857,8
2024-09-19 14:21:24.849000,418.93231722068975,98
2024-09-19 14:21:24.871000,418.9658499028304,101
2024-09-19 14:21:24.880000,418.9603981685595,97
2024-09-19 14:21:24.884000,418.9597007402028,96
2024-09-19 14:21:24.918000,418.897313193496,14
2024-09-19 14:21:24.953000,418.9357884289986,95
2024-09-19 14:21:24.955000,418.9594049708038,1001
2024-09-19 14:21:24.997000,418.9698087687914,995
2024-09-19 14:21:25,418.97809490147233,998
2024-09-19 14:21:25.050000,419.0188595819354,99
2024-09-19 14:21:25.236000,418.9805397318288,999
2024-09-19 14:21:25.307000,418.978969993878,1004
2024-09-19 14:21:25.318000,418.9993552336129,104
2024-09-19 14:21:25.370000,419.00850426491553,95
2024-09-19 14:21:25.412000,418.97895678854286,5
2024-09-19 14:21:25.520000,418.9753878968284,998
2024-09-19 14:21:25.529000,419.011711110242,9
2024-09-19 14:21:25.539000,418.9940405004477,1002
2024-09-19 14:21:25.543000,419.0017239899684,11
2024-09-19 14:21:25.595000,418.9894849226167,102
2024-09-19 14:21:25.608000,418.9954122306616,9
2024-09-19 14:21:25.715000,418.9650110119684,100
2024-09-19 14:21:25.756000,418.9719240742085,10
2024-09-19 14:21:25.870000,418.9907034131202,1001
2024-09-19 14:21:25.877000,418.9886455600243,104
2024-09-19 14:21:25.917000,418.969960537653,102
2024-09-19 14:21:25.924000,418.98336831910046,15
2024-09-19 14:21:25.963000,419.0093476198539,98
2024-09-19 14:21:26.390000,418.9663657530996,101
2024-09-19 14:21:26.546000,418.9594081625023,1003
2024-09-19 14:21:27.969000,418.95811111627376,12
2024-09-19 14:21:28.050000,418.9850580106463,11
2024-09-19 14:21:28.076000,419.0986534849762,1005
2024-09-19 14:21:28.097000,419.0688985974666,99
2024-09-19 14:21:28.128000,419.059218534311,997
2024-09-19 14:21:28.198000,419.0102277713857,1001
2024-09-19 14:21:28.208000,419.05612138323306,97
2024-09-19 14:21:28.209000,419.0145996788103,1002
2024-09-19 14:21:28.221000,419.09837899013576,15
2024-09-19 14:21:28.227000,419.0867636758815,97
2024-09-19 14:21:28.246000,419.0485934798608,6
2024-09-19 14:21:28.246000,419.06202231850415,999
2024-09-19 14:21:28.407000,418.9468939305343,99
2024-09-19 14:21:28.419000,419.0680257369348,102
2024-09-19 14:21:28.426000,419.0912912739537,15
2024-09-19 14:21:28.443000,418.9748332401102,102
2024-09-19 14:21:28.443000,419.06832201945815,9
2024-09-19 14:21:28.565000,419.0614536736408,14
2024-09-19 14:21:28.586000,419.0819299544645,998
2024-09-19 14:21:28.632000,419.0518112624724,98
2024-09-19 14:21:28.676000,419.02995953272017,14
2024-09-19 14:21:28.688000,419.0528263901543,7
2024-09-19 14:21:28.746000,418.97279387592215,97
2024-09-19 14:21:28.764000,419.1005462535026,7
2024-09-19 14:21:28.799000,418.9949727188834,14
2024-09-19 14:21:28.803000,419.0587617898954,98
2024-09-19 14:21:28.849000,419.07955452199866,98
2024-09-19 14:21:28.859000,418.9592797914292,995
2024-09-19 14:21:28.969000,419.0627506235894,5
2024-09-19 14:21:29.032000,419.0848951194858,6
2024-09-19 14:21:29.067000,419.0752580374865,97
2024-09-19 14:21:29.077000,419.0552836381605,1002
2024-09-19 14:21:29.131000,419.05075867411546,8
2024-09-19 14:21:29.140000,419.0465067272178,15
2024-09-19 14:21:29.169000,419.0755222873507,104
2024-09-19 14:21:29.221000,419.06693945788606,96
2024-09-19 14:21:29.243000,419.0729127575594,5
2024-09-19 14:21:29.335000,419.0680702172416,1000
2024-09-19 14:21:29.586000,419.066806279761,14
2024-09-19 14:21:29.788000,419.06599802367134,9
2024-09-19 14:21:29.849000,419.075389807871,96
2024-09-19 14:21:29.868000,419.07984109047135,1002
2024-09-19 14:21:30.006000,419.0447993191511,103
2024-09-19 14:21:30.682000,419.0701230822684,6
2024-09-19 14:21:30.873000,419.0501097940314,15
2024-09-19 14:21:31.034000,418.97745467951,11
2024-09-19 14:21:31.125000,418.9891258343453,995
2024-09-19 14:21:31.131000,418.9804927130267,1003
2024-09-19 14:21:31.148000,418.9822632249183,12
2024-09-19 14:21:31.163000,418.98213095063767,998
2024-09-19 14:21:31.205000,419.01207354522415,103
2024-09-19 14:21:31.224000,419.0032485986084,1000
2024-09-19 14:21:31.347000,418.9931317632089,103
2024-09-19 14:21:31.348000,419.0351588173596,105
2024-09-19 14:21:31.427000,418.9994443761252,998
2024-09-19 14:21:31.457000,418.99884478313794,1003
2024-09-19 14:21:31.625000,419.020361172752,5
2024-09-19 14:21:31.658000,418.9990145511439,100
2024-09-19 14:21:31.687000,419.0295340018209,101
2024-09-19 14:21:31.712000,418.9821506147702,103
2024-09-19 14:21:31.715000,419.00865971746384,10
2024-09-19 14:21:31.782000,418.9767978879692,96
2024-09-19 14:21:31.839000,418.99354383732185,6
2024-09-19 14:21:31.845000,419.0063704418742,12
2024-09-19 14:21:31.908000,419.0030852090164,996
2024-09-19 14:21:31.935000,419.0015038242407,12
2024-09-19 14:21:31.940000,418.9872984044599,1003
2024-09-19 14:21:31.948000,419.0035909959033,1002
2024-09-19 14:21:31.960000,419.0121652934033,15
2024-09-19 14:21:31.975000,419.0036031872997,102
2024-09-19 14:21:32.130000,419.0079777661055,10
2024-09-19 14:21:32.186000,418.979167846176,996
2024-09-19 14:21:32.229000,418.983569146161,95
2024-09-19 14:21:32.297000,418.9761808926566,1002
2024-09-19 14:21:32.424000,419.0043848266008,8
2024-09-19 14:21:32.585000,418.9837091819437,105
2024-09-19 14:21:32.651000,419.00906211152665,100
2024-09-19 14:21:32.778000,419.0240522974408,996
2024-09-19 14:21:32.899000,418.9631682792655,100
2024-09-19 14:21:32.949000,419.0013171423831,104
2024-09-19 14:21:32.955000,418.98282054934106,9
2024-09-19 14:21:33.374000,418.95979685883634,999
2024-09-19 14:21:33.427000,418.99434741367793,5
2024-09-19 14:21:33.508000,419.000395482584,7
2024-09-19 14:21:33.511000,418.9776840387906,101
2024-09-19 14:21:33.539000,418.9844531657429,97
2024-09-19 14:21:33.647000,418.9680072117091,1005
2024-09-19 14:21:33.847000,418.9834893214081,1000
2024-09-19 14:21:33.914000,418.95073499022,101
2024-09-19 14:21:34.038000,418.9970993645429,95
2024-09-19 14:21:34.073000,418.99055014044086,103
2024-09-19 14:21:34.086000,418.98845471449374,8
2024-09-19 14:21:34.219000,419.01792752806097,10
2024-09-19 14:21:34.236000,419.01937488711343,998
2024-09-19 14:21:34.393000,419.0082636321785,997
2024-09-19 14:21:34.424000,419.0124057037045,100
2024-09-19 14:21:34.475000,418.9778647116621,1001
2024-09-19 14:21:34.479000,418.9859831968873,96
2024-09-19 14:21:34.482000,418.9999734400016,1005
2024-09-19 14:21:34.585000,419.0330216690445,8
2024-09-19 14:21:34.596000,418.9749165863431,11
2024-09-19 14:21:34.605000,419.0197243255144,14
2024-09-19 14:21:34.703000,419.05095610021607,995
2024-09-19 14:21:34.738000,419.03968094354906,997
2024-09-19 14:21:34.853000,419.0082041407501,995
2024-09-19 14:21:34.865000,419.0044724625056,10
2024-09-19 14:21:34.895000,419.00200047068535,95
2024-09-19 14:21:34.957000,419.0320591961503,995
2024-09-19 14:21:34.988000,419.05006032527496,1000
2024-09-19 14:21:35.039000,418.938434617433,105
2024-09-19 14:21:35.050000,418.9939806431975,999
2024-09-19 14:21:35.130000,419.01048236993057,1003
2024-09-19 14:21:35.142000,418.9984872473527,999
2024-09-19 14:21:35.170000,418.9945977937901,1001
2024-09-19 14:21:35.182000,419.0225025764382,97
2024-09-19 14:21:35.213000,419.01605450536607,995
2024-09-19 14:21:35.276000,418.9649498483187,7
2024-09-19 14:21:35.311000,418.99637743405583,105
2024-09-19 14:21:35.424000,418.9460184154699,101
2024-09-19 14:21:35.439000,418.9919692177901,1000
2024-09-19 14:21:35.502000,418.9610142658076,1000
2024-09-19 14:21:35.520000,418.9657987768342,996
2024-09-19 14:21:35.590000,419.00181988921776,5
2024-09-19 14:21:35.622000,419.01310475757566,1001
2024-09-19 14:21:35.649000,419.032561612887,7
2024-09-19 14:21:35.673000,419.0434226804931,1004
2024-09-19 14:21:35.776000,418.9999949393239,1004
2024-09-19 14:21:35.778000,419.0258554745537,103
2024-09-19 14:21:35.814000,418.9709036007884,7
2024-09-19 14:21:35.816000,419.0262735976264,99
2024-09-19 14:21:35.824000,418.9723066545688,1001
2024-09-19 14:21:35.974000,418.9950005757226,99
2024-09-19 14:21:35.976000,418.9722965177629,97
2024-09-19 14:21:35.989000,418.9920815759632,12
2024-09-19 14:21:36.065000,418.95985826442575,97
2024-09-19 14:21:36.108000,418.9506652658199,98
2024-09-19 14:21:36.210000,418.9682369373066,104
2024-09-19 14:21:36.258000,418.9829649777352,10
2024-09-19 14:21:36.308000,418.9688816052714,15
2024-09-19 14:21:36.387000,418.98942911285656,6
2024-09-19 14:21:36.434000,418.9772960450224,1002
2024-09-19 14:21:36.472000,418.9590826410089,996
2024-09-19 14:21:37.004000,418.9352388262237,995
2024-09-19 14:21:37.072000,418.9328923391058,97
2024-09-19 14:21:37.081000,418.9180284510961,14
2024-09-19 14:21:37.241000,418.9261705417703,105
2024-09-19 14:21:37.249000,418.930733279589,13
2024-09-19 14:21:37.368000,418.93640835874027,97
2024-09-19 14:21:37.390000,418.9326422815978,11
2024-09-19 14:21:37.420000,418.9646728323328,101
2024-09-19 14:21:37.444000,418.932127733117,997
2024-09-19 14:21:37.547000,418.9405637353506,102
2024-09-19 14:21:37.910000,418.9638249892527,7
2024-09-19 14:21:37.951000,418.92356455945776,10
2024-09-19 14:21:37.999000,418.9456340586445,12
2024-09-19 14:21:38.023000,418.9066871166048,997
2024-09-19 14:21:38.144000,418.9082849544976,13
2024-09-19 14:21:38.166000,418.9223898579029,1005
2024-09-19 14:21:38.218000,418.9045593945538,99
2024-09-19 14:21:38.284000,418.9229040951728,96
2024-09-19 14:21:38.483000,418.9033472716388,10
2024-09-19 14:21:38.486000,418.92351172447326,102
2024-09-19 14:21:38.491000,418.8939746020298,13
2024-09-19 14:21:38.541000,418.8935594323053,13
2024-09-19 14:21:38.597000,418.9204451193512,101
2024-09-19 14:21:38.730000,418.8922931363487,97
2024-09-19 14:21:38.809000,418.9064082542645,105
2024-09-19 14:21:38.825000,418.9089850598335,103
2024-09-19 14:21:38.942000,418.9156833994363,1003
2024-09-19 14:21:39.019000,418.8632855772839,1001
2024-09-19 14:21:39.029000,418.8831035063528,1000
2024-09-19 14:21:39.032000,418.9146486415674,105
2024-09-19 14:21:39.040000,418.89532247640864,12
2024-09-19 14:21:39.041000,418.9435638373349,10
2024-09-19 14:21:39.073000,418.8751990118029,995
2024-09-19 14:21:39.143000,418.91746025417854,1005
2024-09-19 14:21:39.151000,418.9431279752994,5
2024-09-19 14:21:39.155000,418.9120096481313,1004
2024-09-19 14:21:39.274000,418.9353889161668,1000
2024-09-19 14:21:39.285000,418.9048866418702,999
2024-09-19 14:21:39.303000,418.8595984807864,10
2024-09-19 14:21:39.438000,418.90456650620825,96
2024-09-19 14:21:39.528000,418.8869836227478,100
2024-09-19 14:21:39.635000,418.9059973395354,997
2024-09-19 14:21:39.639000,418.9545871099627,10
2024-09-19 14:21:39.673000,418.88047624227073,9
2024-09-19 14:21:39.690000,418.8464127820064,11
2024-09-19 14:21:39.829000,418.9109555278452,1002
2024-09-19 14:21:39.835000,418.9523601255634,96
2024-09-19 14:21:39.954000,418.9097848382585,10
2024-09-19 14:21:39.956000,418.8683031751689,5
2024-09-19 14:21:39.990000,418.86927791354645,101
2024-09-19 14:21:40.636000,418.8905973754299,15
2024-09-19 14:21:40.668000,418.8807036094148,105
2024-09-19 14:21:40.737000,418.897943746343,13
2024-09-19 14:21:40.930000,418.869324039235,1004
2024-09-19 14:21:41.169000,418.8621176375562,10
2024-09-19 14:21:41.176000,418.87560969192566,996
2024-09-19 14:21:41.196000,418.8941442611237,98
2024-09-19 14:21:41.297000,418.9312661268232,96
2024-09-19 14:21:41.313000,418.875173817618,999
2024-09-19 14:21:41.325000,418.8920454815234,7
2024-09-19 14:21:41.331000,418.8624688584191,9
2024-09-19 14:21:41.400000,418.93207266335634,104
2024-09-19 14:21:41.551000,418.93444894099423,8
2024-09-19 14:21:41.558000,418.8833894683162,999
2024-09-19 14:21:41.648000,418.89646240606106,101
2024-09-19 14:21:41.668000,418.90245658092425,996
2024-09-19 14:21:41.688000,418.8985433052982,8
2024-09-19 14:21:41.714000,418.8890291626802,102
2024-09-19 14:21:41.732000,418.86660233147313,12
2024-09-19 14:21:41.750000,418.93451179332766,999
2024-09-19 14:21:41.772000,418.9111597228329,100
2024-09-19 14:21:41.778000,418.8999414071071,12
2024-09-19 14:21:41.809000,418.8987777197445,105
2024-09-19 14:21:41.860000,418.9114285776433,95
2024-09-19 14:21:41.870000,418.9382743627039,998
2024-09-19 14:21:41.966000,418.8895842815104,9
2024-09-19 14:21:41.967000,418.8867195830282,102
2024-09-19 14:21:42.143000,418.9256864732951,10
2024-09-19 14:21:43.071000,419.03281113888846,1005
2024-09-19 14:21:43.074000,419.0308657616709,104
2024-09-19 14:21:43.080000,418.9444625585109,96
2024-09-19 14:21:43.123000,419.0358078977742,102
2024-09-19 14:21:43.124000,419.0360848433446,5
2024-09-19 14:21:43.233000,419.0251500796063,998
2024-09-19 14:21:43.255000,419.0438346394613,98
2024-09-19 14:21:43.261000,419.0418924771587,5
2024-09-19 14:21:43.261000,419.0088130425108,103
2024-09-19 14:21:43.376000,419.03734960201024,102
2024-09-19 14:21:43.390000,419.04854434285073,7
2024-09-19 14:21:43.421000,418.95364317998894,99
2024-09-19 14:21:43.468000,419.0330289354616,9
2024-09-19 14:21:43.494000,419.0405884855354,5
2024-09-19 14:21:43.508000,419.0298242117968,10
2024-09-19 14:21:43.611000,418.9946845689482,998
2024-09-19 14:21:43.650000,419.0301183069631,98
2024-09-19 14:21:43.685000,418.9971041725202,997
2024-09-19 14:21:43.688000,419.0389944628991,105
2024-09-19 14:21:43.895000,419.04546509754033,1003
2024-09-19 14:21:43.967000,419.0325997456034,14
2024-09-19 14:21:44.122000,419.03562299791486,99
2024-09-19 14:21:44.143000,419.0299272749955,1001
2024-09-19 14:21:44.287000,419.04748139581375,1002
2024-09-19 14:21:44.364000,419.0973242060311,97
2024-09-19 14:21:44.388000,419.0634271296232,5
2024-09-19 14:21:44.429000,419.0516206729785,5
2024-09-19 14:21:44.435000,419.039775562233,102
2024-09-19 14:21:44.461000,419.0603928705948,997
2024-09-19 14:21:44.541000,419.0645574324123,97
2024-09-19 14:21:44.703000,419.0562389780922,100
2024-09-19 14:21:44.763000,419.0412854277438,995
2024-09-19 14:21:44.804000,419.0336698136282,999
2024-09-19 14:21:44.901000,419.03674306504496,102
2024-09-19 14:21:44.924000,419.0533298932312,6
2024-09-19 14:21:44.955000,419.0400315327313,13
2024-09-19 14:21:44.967000,419.0792670432522,96
2024-09-19 14:21:45.026000,419.10141292410646,8
2024-09-19 14:21:45.138000,419.1035431053406,95
2024-09-19 14:21:45.212000,419.17157950227534,8
2024-09-19 14:21:45.252000,419.0923959000685,1000
2024-09-19 14:21:45.282000,419.1749154520848,1004
2024-09-19 14:21:45.653000,419.1048983001368,1000
2024-09-19 14:21:45.708000,419.0981351083065,15
2024-09-19 14:21:45.829000,419.1595562154144,7
2024-09-19 14:21:45.831000,419.1438823674175,1002
2024-09-19 14:21:45.876000,419.1289129453032,104
2024-09-19 14:21:46.074000,419.2070991412675,7
2024-09-19 14:21:46.155000,419.1725067728515,98
2024-09-19 14:21:46.531000,419.1728873401835,999
2024-09-19 14:21:46.533000,419.1766281961628,9
2024-09-19 14:21:46.588000,419.1835598547199,101
2024-09-19 14:21:46.603000,419.1934171783767,99
2024-09-19 14:21:46.621000,419.194140526874,98
2024-09-19 14:21:46.622000,419.1831473749324,1001
2024-09-19 14:21:46.705000,419.1717709196407,101
2024-09-19 14:21:46.850000,419.17227696628754,12
2024-09-19 14:21:46.897000,419.1979058574121,998
2024-09-19 14:21:46.966000,419.1834766285237,1000
2024-09-19 14:21:47.007000,419.2321671438686,1003
2024-09-19 14:21:47.029000,419.22830694851206,100
2024-09-19 14:21:47.218000,419.2280668874434,97
2024-09-19 14:21:47.227000,419.228783022935,96
2024-09-19 14:21:47.317000,419.2062029592259,5
2024-09-19 14:21:47.323000,419.23896503837886,998
2024-09-19 14:21:47.338000,419.2162446202542,99
2024-09-19 14:21:47.497000,419.2307456994652,1000
2024-09-19 14:21:47.713000,419.23410374136193,96
2024-09-19 14:21:47.715000,419.24712758169886,6
2024-09-19 14:21:47.734000,419.2391864256088,998
2024-09-19 14:21:48.717000,419.2199403116762,98
2024-09-19 14:21:49.016000,419.1868562715101,105
2024-09-19 14:21:49.141000,419.2026622367238,101
2024-09-19 14:21:49.178000,419.19018770079725,15
2024-09-19 14:21:49.250000,419.20061178923726,99
2024-09-19 14:21:49.330000,419.18472429038616,997
2024-09-19 14:21:49.424000,419.23464521271535,105
2024-09-19 14:21:49.431000,419.1967991198467,97
2024-09-19 14:21:49.435000,419.2044348525474,9
2024-09-19 14:21:49.443000,419.1766514613444,97
2024-09-19 14:21:49.545000,419.18137987936205,1004
2024-09-19 14:21:49.546000,419.2015145100895,996
2024-09-19 14:21:49.601000,419.21698518471175,1004
2024-09-19 14:21:49.738000,419.1823109247658,996
2024-09-19 14:21:49.774000,419.1959560718076,1003
2024-09-19 14:21:49.826000,419.2236816400385,97
2024-09-19 14:21:49.832000,419.2052923149249,1005
2024-09-19 14:21:49.887000,419.1707621812651,1000
2024-09-19 14:21:49.929000,419.1750863103911,996
2024-09-19 14:21:49.984000,419.22274002830017,100
2024-09-19 14:21:50.015000,419.14781649581744,1005
2024-09-19 14:21:50.129000,419.1241408502286,11
2024-09-19 14:21:50.188000,419.0958007210757,5
2024-09-19 14:21:50.403000,419.0799288879562,1004
2024-09-19 14:21:50.409000,419.111159543122,1004
2024-09-19 14:21:50.443000,419.06083822030223,97
2024-09-19 14:21:50.461000,419.144377541424,998
2024-09-19 14:21:50.509000,419.0508147238012,13
2024-09-19 14:21:50.521000,419.10405814126847,101
2024-09-19 14:21:50.537000,419.0832816597203,97
2024-09-19 14:21:50.651000,419.132716572747,10
2024-09-19 14:21:50.666000,419.1687137358314,15
2024-09-19 14:21:50.766000,419.0647931221969,6
2024-09-19 14:21:50.832000,419.1047140660659,13
2024-09-19 14:21:50.846000,419.1388871311537,9
2024-09-19 14:21:50.864000,419.14429566542793,995
2024-09-19 14:21:50.884000,419.0905929961868,999
2024-09-19 14:21:50.997000,419.047661110647,10
2024-09-19 14:21:51.104000,419.0220408612916,997
2024-09-19 14:21:51.121000,419.0199735431546,98
2024-09-19 14:21:51.188000,419.0340429254539,102
2024-09-19 14:21:51.191000,419.0628391330703,997
2024-09-19 14:21:51.367000,419.0251606265308,1003
2024-09-19 14:21:51.399000,419.07024258437735,12
2024-09-19 14:21:51.412000,419.08250612634464,995
2024-09-19 14:21:51.684000,419.03519368947866,9
2024-09-19 14:21:51.763000,419.08980618411897,995
2024-09-19 14:21:51.932000,419.0535913377095,1003
2024-09-19 14:21:51.952000,419.0324310024512,14
2024-09-19 14:21:52.083000,418.98955963750007,997
2024-09-19 14:21:52.237000,418.9831814222873,1000
2024-09-19 14:21:52.347000,419.02236463233214,103
2024-09-19 14:21:52.362000,419.00144522600687,15
2024-09-19 14:21:52.365000,418.9921192084268,98
2024-09-19 14:21:52.406000,419.005513142125,1002
2024-09-19 14:21:52.422000,419.02636893530376,97
2024-09-19 14:21:52.524000,418.9774757678077,5
2024-09-19 14:21:52.574000,418.9865189695234,1000
2024-09-19 14:21:52.649000,418.98040803753617,95
2024-09-19 14:21:52.835000,418.985294295768,7
2024-09-19 14:21:52.861000,418.994203198435,105
2024-09-19 14:21:52.872000,419.0162889269452,96
2024-09-19 14:21:52.978000,419.0397622359436,9
2024-09-19 14:21:53.101000,419.0305737403684,11
2024-09-19 14:21:53.160000,418.9804340582522,1005
2024-09-19 14:21:53.237000,419.0010635825017,998
2024-09-19 14:21:53.515000,419.01495392545047,104
2024-09-19 14:21:53.624000,418.9770635507542,5
2024-09-19 14:21:53.627000,419.0090615205599,15
2024-09-19 14:21:53.690000,419.0158537631915,1004
2024-09-19 14:21:53.705000,418.9888447127323,8
2024-09-19 14:21:53.822000,418.9985105256147,100
2024-09-19 14:21:53.841000,419.0083071650196,12
2024-09-19 14:21:54.031000,419.1263820605976,1002
2024-09-19 14:21:54.037000,419.0645741440425,1005
2024-09-19 14:21:54.077000,419.024825758355,999
2024-09-19 14:21:54.078000,419.06423356477575,6
2024-09-19 14:21:54.129000,419.0373507755996,9
2024-09-19 14:21:54.188000,419.08388838722846,14
2024-09-19 14:21:54.256000,419.13764347567127,99
2024-09-19 14:21:54.318000,419.1094583226735,97
2024-09-19 14:21:54.483000,419.1189429829869,13
2024-09-19 14:21:54.554000,419.0183852331583,995
2024-09-19 14:21:54.633000,419.1506541919569,5
2024-09-19 14:21:54.821000,419.0847337735153,1005
2024-09-19 14:21:54.841000,419.0722959376696,9
2024-09-19 14:21:54.890000,419.0988811739031,1004
2024-09-19 14:21:55.120000,419.098537216413,6
2024-09-19 14:21:55.174000,419.17672791957,12
2024-09-19 14:21:55.345000,419.16149658209474,7
2024-09-19 14:21:55.494000,419.15928680856535,100
2024-09-19 14:21:55.907000,419.12734489200767,7
2024-09-19 14:21:55.957000,419.1761869984538,998
2024-09-19 14:21:57.126000,419.04076983928513,104
2024-09-19 14:21:57.136000,419.0777694750861,1003
2024-09-19 14:21:57.230000,419.0451989781572,5
2024-09-19 14:21:57.233000,419.0624947765408,103
2024-09-19 14:21:57.252000,419.1521033514833,1003
2024-09-19 14:21:57.261000,419.0623145249425,13
2024-09-19 14:21:57.304000,419.0552375467232,996
2024-09-19 14:21:57.321000,419.0345260182809,100
2024-09-19 14:21:57.394000,419.16734460229145,95
2024-09-19 14:21:57.417000,419.1623630281622,999
2024-09-19 14:21:57.449000,419.1609708005215,99
2024-09-19 14:21:57.474000,419.1515893185028,100
2024-09-19 14:21:57.491000,419.1319773088802,95
2024-09-19 14:21:57.604000,419.1057224256575,100
2024-09-19 14:21:57.640000,419.0433476159122,11
2024-09-19 14:21:57.696000,419.1573800715007,9
2024-09-19 14:21:57.699000,419.0503991789563,1004
2024-09-19 14:21:57.767000,419.1281487772536,96
2024-09-19 14:21:57.809000,419.1633196191471,105
2024-09-19 14:21:57.915000,419.0531619653264,12
2024-09-19 14:21:57.930000,419.08631939830326,99
2024-09-19 14:21:57.967000,419.1697001163652,99
2024-09-19 14:21:58.041000,418.9551808030396,10
2024-09-19 14:21:58.067000,419.04664258471314,11
2024-09-19 14:21:58.128000,418.9921651214936,15
2024-09-19 14:21:58.172000,419.0223809207019,13
2024-09-19 14:21:58.181000,419.0106577857507,997
2024-09-19 14:21:58.242000,419.0444488527306,10
2024-09-19 14:21:58.283000,419.0423910689154,15
2024-09-19 14:21:58.290000,419.0407491388197,99
2024-09-19 14:21:58.302000,418.9862319915695,15
2024-09-19 14:21:58.313000,418.9734765954347,1002
2024-09-19 14:21:58.321000,419.0082627993601,1001
2024-09-19 14:21:58.346000,418.9982284733394,1005
2024-09-19 14:21:58.386000,419.0584908875569,14
2024-09-19 14:21:58.395000,418.95743458826513,1000
2024-09-19 14:21:58.410000,419.03979468311024,11
2024-09-19 14:21:58.429000,419.00105790511634,12
2024-09-19 14:21:58.532000,419.0115754239372,95
2024-09-19 14:21:58.600000,419.0080550932517,1001
2024-09-19 14:21:58.651000,419.04412041584624,1004
2024-09-19 14:21:58.717000,418.99447588187246,101
2024-09-19 14:21:58.719000,419.00769858771935,1001
2024-09-19 14:21:58.726000,419.02663928626913,12
2024-09-19 14:21:58.729000,419.0437407139901,96
2024-09-19 14:21:58.784000,418.9915001891742,103
2024-09-19 14:21:58.834000,419.0544681754993,7
2024-09-19 14:21:58.916000,419.04227490039455,14
2024-09-19 14:21:58.952000,418.9979288099036,7
2024-09-19 14:21:58.996000,418.992013815674,1003
2024-09-19 14:21:58.997000,419.0213426672847,100
2024-09-19 14:21:59.097000,418.9938200646651,96
2024-09-19 14:21:59.155000,419.0010343441735,97
2024-09-19 14:21:59.164000,418.990135318715,1002
2024-09-19 14:21:59.252000,419.012615928852,15
2024-09-19 14:21:59.292000,419.0241378375539,1004
2024-09-19 14:21:59.450000,418.98642503965766,998
2024-09-19 14:21:59.480000,419.0010276386321,97
2024-09-19 14:21:59.591000,418.9999248138158,1001
2024-09-19 14:21:59.597000,418.9999661169583,1002
2024-09-19 14:21:59.603000,418.99077742638144,104
2024-09-19 14:21:59.695000,419.0042877007676,98
2024-09-19 14:21:59.717000,419.0128404176274,1000
2024-09-19 14:21:59.828000,419.0080407530579,102
2024-09-19 14:21:59.879000,419.0304183641887,11
2024-09-19 14:21:59.948000,419.011761104011,100
