Timestamp,Price,Size
2024-09-18 15:41:00.056000,417.1104565621241,101
2024-09-18 15:41:00.147000,417.0850237252823,11
2024-09-18 15:41:00.186000,417.0769015664949,1004
2024-09-18 15:41:00.324000,417.0609763988005,996
2024-09-18 15:41:00.375000,417.0822061140415,15
2024-09-18 15:41:00.434000,417.12434935340656,1004
2024-09-18 15:41:00.606000,417.04398617538976,5
2024-09-18 15:41:00.622000,417.073432772164,100
2024-09-18 15:41:00.624000,417.0812099672407,11
2024-09-18 15:41:00.665000,417.0486673405629,96
2024-09-18 15:41:00.677000,417.055083673179,12
2024-09-18 15:41:00.680000,417.1318586759477,998
2024-09-18 15:41:00.705000,417.0754824646171,996
2024-09-18 15:41:00.707000,417.1337972444234,998
2024-09-18 15:41:00.712000,417.0971385022607,995
2024-09-18 15:41:00.725000,417.0648241457508,14
2024-09-18 15:41:00.892000,417.0298802770949,101
2024-09-18 15:41:00.989000,417.12697839993535,97
2024-09-18 15:41:01.058000,417.07645881007073,998
2024-09-18 15:41:01.185000,417.1202229239156,15
2024-09-18 15:41:01.224000,417.1250843131985,8
2024-09-18 15:41:01.267000,417.1247627055481,15
2024-09-18 15:41:01.294000,417.13689445760497,12
2024-09-18 15:41:01.482000,417.1023515904284,14
2024-09-18 15:41:01.495000,417.0961132488486,11
2024-09-18 15:41:01.499000,417.09212453417615,1002
2024-09-18 15:41:01.502000,417.1129181406474,996
2024-09-18 15:41:01.558000,417.0958565143407,100
2024-09-18 15:41:01.672000,417.1011610085841,999
2024-09-18 15:41:01.889000,417.12841169419966,96
2024-09-18 15:41:01.940000,417.0921835909226,999
2024-09-18 15:41:01.978000,417.1296687758778,1000
2024-09-18 15:41:02.102000,417.1373900651028,8
2024-09-18 15:41:02.398000,417.1477192283004,7
2024-09-18 15:41:02.408000,417.14643570681096,997
2024-09-18 15:41:03.084000,417.19960370197737,995
2024-09-18 15:41:03.196000,417.22326378972576,1001
2024-09-18 15:41:03.221000,417.1350827941211,999
2024-09-18 15:41:03.224000,417.1404112174804,10
2024-09-18 15:41:03.227000,417.2747439230791,997
2024-09-18 15:41:03.248000,417.1366988217817,103
2024-09-18 15:41:03.285000,417.193968316027,105
2024-09-18 15:41:03.297000,417.1462192199916,100
2024-09-18 15:41:03.313000,417.2326704444021,1004
2024-09-18 15:41:03.346000,417.17871305469777,997
2024-09-18 15:41:03.398000,417.1671331011328,13
2024-09-18 15:41:03.551000,417.19346497804753,14
2024-09-18 15:41:03.630000,417.1610581572548,8
2024-09-18 15:41:03.644000,417.13260046302014,99
2024-09-18 15:41:03.655000,417.1998977962548,105
2024-09-18 15:41:03.674000,417.1260470292648,997
2024-09-18 15:41:03.705000,417.2140316553188,5
2024-09-18 15:41:03.716000,417.19203820392187,995
2024-09-18 15:41:03.724000,417.2338094027703,7
2024-09-18 15:41:03.737000,417.143317317144,995
2024-09-18 15:41:03.752000,417.15385770706735,97
2024-09-18 15:41:03.763000,417.1487325876428,996
2024-09-18 15:41:03.780000,417.2723274417002,1004
2024-09-18 15:41:03.822000,417.2714515444672,101
2024-09-18 15:41:03.879000,417.1383574906552,1001
2024-09-18 15:41:03.895000,417.134588599171,998
2024-09-18 15:41:03.932000,414.1522060660764,10
2024-09-18 15:41:03.953000,417.19424752612855,5
2024-09-18 15:41:03.955000,417.1924233317808,998
2024-09-18 15:41:04.006000,417.2926073543269,995
2024-09-18 15:41:04.014000,417.2617808967024,6
2024-09-18 15:41:04.066000,417.29987194139,1003
2024-09-18 15:41:04.158000,417.2734806181499,97
2024-09-18 15:41:04.177000,417.2715877770991,97
2024-09-18 15:41:04.276000,417.2686669081762,1003
2024-09-18 15:41:04.310000,417.30428780280687,9
2024-09-18 15:41:04.570000,417.31127997539454,97
2024-09-18 15:41:04.597000,417.3078794238935,6
2024-09-18 15:41:04.606000,417.2829672392386,997
2024-09-18 15:41:04.626000,417.29367354802906,9
2024-09-18 15:41:04.673000,417.3336495327343,1005
2024-09-18 15:41:04.792000,417.30324882254814,15
2024-09-18 15:41:04.811000,417.2729538693733,100
2024-09-18 15:41:04.828000,417.2894627535487,1002
2024-09-18 15:41:04.880000,417.2866522616223,7
2024-09-18 15:41:05.143000,417.3336881588485,1005
2024-09-18 15:41:05.189000,417.3415275532898,1000
2024-09-18 15:41:05.192000,417.3419329926455,14
2024-09-18 15:41:05.248000,417.3161364012712,1005
2024-09-18 15:41:05.289000,417.2710476250455,1004
2024-09-18 15:41:05.398000,417.3396985230261,998
2024-09-18 15:41:05.400000,417.324961562543,104
2024-09-18 15:41:05.401000,417.27679029709134,999
2024-09-18 15:41:05.449000,417.3512520461349,5
2024-09-18 15:41:05.504000,417.2532228169665,997
2024-09-18 15:41:05.592000,417.2792635553835,15
2024-09-18 15:41:05.611000,417.3468914275148,8
2024-09-18 15:41:05.663000,417.3088459286095,10
2024-09-18 15:41:05.946000,417.319422871341,6
2024-09-18 15:41:06.031000,414.3047935491943,14
2024-09-18 15:41:06.216000,417.2704236194053,95
2024-09-18 15:41:06.293000,417.2448856157841,995
2024-09-18 15:41:06.388000,417.2573448972669,98
2024-09-18 15:41:06.425000,417.2849716741682,1004
2024-09-18 15:41:06.445000,417.2533392775803,996
2024-09-18 15:41:06.698000,417.2887852050088,9
2024-09-18 15:41:06.887000,417.2755938711186,999
2024-09-18 15:41:06.943000,417.2544884421352,995
2024-09-18 15:41:07.185000,417.2476154329622,998
2024-09-18 15:41:07.209000,417.2684411230637,1000
2024-09-18 15:41:07.209000,417.2355044681309,999
2024-09-18 15:41:07.446000,417.18615089212295,9
2024-09-18 15:41:07.562000,417.195329632526,1001
2024-09-18 15:41:07.851000,417.2797427563429,1003
2024-09-18 15:41:07.853000,417.2138044866705,99
2024-09-18 15:41:07.872000,417.2422838278978,1001
2024-09-18 15:41:07.916000,417.27372951633225,99
2024-09-18 15:41:07.983000,417.2750594194055,105
2024-09-18 15:41:08.008000,417.1889442075663,98
2024-09-18 15:41:08.028000,417.2041345784843,15
2024-09-18 15:41:08.391000,417.1842761877685,11
2024-09-18 15:41:08.434000,417.2042045715277,996
2024-09-18 15:41:08.497000,417.17627193479655,9
2024-09-18 15:41:08.508000,417.2171458170536,99
2024-09-18 15:41:08.687000,417.1870272482616,998
2024-09-18 15:41:08.730000,417.1757255692176,10
2024-09-18 15:41:08.737000,417.2155028910989,105
2024-09-18 15:41:08.879000,417.2149410608283,101
2024-09-18 15:41:08.907000,417.2229555778721,101
2024-09-18 15:41:09.141000,417.214055978546,11
2024-09-18 15:41:09.272000,417.208448919004,999
2024-09-18 15:41:09.332000,417.1976197782902,8
2024-09-18 15:41:09.361000,417.18249902113166,12
2024-09-18 15:41:09.380000,417.1901076035754,5
2024-09-18 15:41:09.471000,417.217184586718,999
2024-09-18 15:41:09.479000,417.1954130424473,6
2024-09-18 15:41:09.587000,417.20387242269976,100
2024-09-18 15:41:09.646000,417.2152116119716,95
2024-09-18 15:41:10.006000,414.1439781054168,5
2024-09-18 15:41:10.082000,417.21338360790656,105
2024-09-18 15:41:10.188000,417.1704324375309,9
2024-09-18 15:41:10.212000,417.1911600696574,997
2024-09-18 15:41:10.229000,417.1761586954676,996
2024-09-18 15:41:10.415000,417.2077042039594,96
2024-09-18 15:41:10.616000,417.2078011417976,105
2024-09-18 15:41:10.810000,417.2096068817248,1001
2024-09-18 15:41:10.821000,417.1994284273947,1000
2024-09-18 15:41:10.859000,417.2034000038515,999
2024-09-18 15:41:10.902000,417.18993760500064,101
2024-09-18 15:41:10.907000,417.2075718234507,11
2024-09-18 15:41:10.909000,417.19506626762967,1003
2024-09-18 15:41:11.015000,417.1127891702322,1005
2024-09-18 15:41:11.086000,417.18554775546073,1005
2024-09-18 15:41:11.102000,417.18776639811375,8
2024-09-18 15:41:11.124000,417.19322349031137,14
2024-09-18 15:41:11.125000,417.1194456540848,1003
2024-09-18 15:41:11.185000,417.1535081408924,13
2024-09-18 15:41:11.205000,417.15986912127806,104
2024-09-18 15:41:11.304000,417.126543951744,97
2024-09-18 15:41:11.378000,417.1607056194294,10
2024-09-18 15:41:11.403000,417.1777069240983,5
2024-09-18 15:41:11.466000,417.1049075210496,15
2024-09-18 15:41:11.559000,417.12825398887,96
2024-09-18 15:41:11.599000,417.1943866725505,6
2024-09-18 15:41:11.617000,417.1531313432937,96
2024-09-18 15:41:11.677000,417.1466769890878,100
2024-09-18 15:41:11.682000,417.1827953900576,6
2024-09-18 15:41:11.772000,414.08831790505695,14
2024-09-18 15:41:11.898000,417.1450961347401,10
2024-09-18 15:41:11.900000,417.14576660076585,105
2024-09-18 15:41:11.972000,417.1689785270481,12
2024-09-18 15:41:12.011000,417.127107792465,7
2024-09-18 15:41:12.083000,417.170195067066,1000
2024-09-18 15:41:12.104000,417.0964015867244,8
2024-09-18 15:41:12.128000,417.1119047401418,95
2024-09-18 15:41:12.136000,417.14282440916486,995
2024-09-18 15:41:12.137000,417.1402416309136,95
2024-09-18 15:41:12.207000,417.1307332598543,1001
2024-09-18 15:41:12.233000,417.1197926613076,1005
2024-09-18 15:41:12.325000,417.1082534803824,998
2024-09-18 15:41:12.330000,417.0955787749092,995
2024-09-18 15:41:12.358000,417.1300967591746,102
2024-09-18 15:41:12.454000,417.1614010656157,95
2024-09-18 15:41:12.497000,417.12314597564665,98
2024-09-18 15:41:12.499000,417.11730237069713,6
2024-09-18 15:41:12.555000,417.1267124720361,9
2024-09-18 15:41:12.579000,417.11106283276047,101
2024-09-18 15:41:12.592000,417.1704654633991,1005
2024-09-18 15:41:12.644000,417.1082811292032,8
2024-09-18 15:41:12.689000,417.11479091630827,10
2024-09-18 15:41:12.710000,417.1618683202341,995
2024-09-18 15:41:12.714000,417.1531691091943,1005
2024-09-18 15:41:12.786000,417.162259671497,99
2024-09-18 15:41:12.830000,417.096818497398,5
2024-09-18 15:41:12.848000,417.16570753883866,97
2024-09-18 15:41:12.893000,417.0998602295138,995
2024-09-18 15:41:12.904000,417.1033950109391,997
2024-09-18 15:41:12.929000,417.1150577561304,1003
2024-09-18 15:41:12.968000,417.1307782300005,103
2024-09-18 15:41:13.181000,417.16792032761697,999
2024-09-18 15:41:13.225000,417.1362821881431,15
2024-09-18 15:41:13.398000,417.15371228869645,100
2024-09-18 15:41:13.469000,417.1389945700019,9
2024-09-18 15:41:13.603000,417.1231455887643,99
2024-09-18 15:41:13.783000,417.1394844558787,995
2024-09-18 15:41:13.902000,417.154340531733,5
2024-09-18 15:41:14.138000,417.14204805099024,102
2024-09-18 15:41:14.237000,417.1218266476759,14
2024-09-18 15:41:14.295000,417.1363659976083,96
2024-09-18 15:41:14.359000,417.1194717283743,1004
2024-09-18 15:41:14.487000,417.1370890096573,1005
2024-09-18 15:41:14.507000,417.1274024587704,1005
2024-09-18 15:41:14.604000,417.1196884962556,98
2024-09-18 15:41:14.715000,417.14630213604056,14
2024-09-18 15:41:14.747000,417.1289719134597,98
2024-09-18 15:41:14.805000,417.1552228128458,14
2024-09-18 15:41:14.834000,417.1272914364682,997
2024-09-18 15:41:14.901000,417.1265988526762,9
2024-09-18 15:41:15.079000,417.1582922788368,104
2024-09-18 15:41:15.109000,417.1531509546997,11
2024-09-18 15:41:15.123000,417.1443301941785,96
2024-09-18 15:41:15.128000,417.1258327552248,15
2024-09-18 15:41:15.144000,417.1366947528791,996
2024-09-18 15:41:15.161000,417.13966693078,14
2024-09-18 15:41:15.176000,417.1572410645527,5
2024-09-18 15:41:15.239000,417.1652405383173,995
2024-09-18 15:41:15.296000,417.13408510124697,13
2024-09-18 15:41:15.483000,417.165414339035,105
2024-09-18 15:41:15.540000,417.1526962278572,9
2024-09-18 15:41:15.585000,417.13732159942987,1004
2024-09-18 15:41:15.793000,417.1612680001726,102
2024-09-18 15:41:15.914000,417.14905816022576,15
2024-09-18 15:41:15.977000,417.1453717333905,100
2024-09-18 15:41:15.993000,417.1514405330519,101
2024-09-18 15:41:16.114000,417.1579812090989,7
2024-09-18 15:41:16.189000,417.1308616132288,10
2024-09-18 15:41:16.333000,417.1343904108367,99
2024-09-18 15:41:16.526000,417.14687617084064,9
2024-09-18 15:41:16.589000,417.15826173629546,10
2024-09-18 15:41:16.602000,417.1447487987944,10
2024-09-18 15:41:16.767000,417.1314991339751,13
2024-09-18 15:41:16.812000,417.1407085354687,15
2024-09-18 15:41:16.850000,417.1705781382572,14
2024-09-18 15:41:16.880000,417.1326141369749,1003
2024-09-18 15:41:16.898000,417.1355760891036,98
2024-09-18 15:41:16.903000,417.1692619653087,95
2024-09-18 15:41:16.992000,417.1269961639644,104
2024-09-18 15:41:17.012000,417.10277392819904,1005
2024-09-18 15:41:17.110000,417.1791577121015,1003
2024-09-18 15:41:17.121000,417.0551720965802,100
2024-09-18 15:41:17.136000,417.0758984941333,9
2024-09-18 15:41:17.194000,417.1362926119576,1000
2024-09-18 15:41:17.249000,417.1822203794058,99
2024-09-18 15:41:17.347000,417.0764349919397,98
2024-09-18 15:41:17.611000,417.0798110209797,995
2024-09-18 15:41:17.656000,417.0791501214913,103
2024-09-18 15:41:17.663000,417.16074213217337,96
2024-09-18 15:41:17.672000,417.0901960894841,95
2024-09-18 15:41:17.711000,417.1756040708916,1005
2024-09-18 15:41:17.749000,417.09094108689607,105
2024-09-18 15:41:17.837000,417.0844961351996,1000
2024-09-18 15:41:17.854000,417.07038239563127,101
2024-09-18 15:41:18.064000,417.1100606211893,10
2024-09-18 15:41:18.154000,417.0815514943022,103
2024-09-18 15:41:18.375000,417.09237043555936,99
2024-09-18 15:41:18.424000,417.0864754229846,1000
2024-09-18 15:41:18.424000,417.0985966342325,100
2024-09-18 15:41:18.457000,417.0815239213705,1004
2024-09-18 15:41:18.541000,417.128556640434,102
2024-09-18 15:41:18.607000,417.1051644065855,95
2024-09-18 15:41:18.684000,417.08751086855534,98
2024-09-18 15:41:18.775000,417.12159341477167,102
2024-09-18 15:41:18.817000,417.0922599239136,1002
2024-09-18 15:41:18.936000,417.0888269472325,96
2024-09-18 15:41:19.014000,417.2043327291716,999
2024-09-18 15:41:19.038000,417.2214050625848,9
2024-09-18 15:41:19.263000,417.2271443143607,1005
2024-09-18 15:41:19.364000,417.1827650281765,99
2024-09-18 15:41:19.367000,417.2345443627442,9
2024-09-18 15:41:19.450000,417.15113645731736,13
2024-09-18 15:41:19.534000,417.1674484736921,1000
2024-09-18 15:41:19.536000,417.1722465730744,103
2024-09-18 15:41:19.647000,417.1861327069096,96
2024-09-18 15:41:19.663000,417.1870722220406,1005
2024-09-18 15:41:19.716000,417.2733420115205,999
2024-09-18 15:41:19.750000,417.2429442100507,12
2024-09-18 15:41:19.824000,417.18046644147273,103
2024-09-18 15:41:19.827000,417.1647173120659,998
2024-09-18 15:41:19.888000,417.2420399402497,11
2024-09-18 15:41:19.906000,417.1623060180942,1002
2024-09-18 15:41:19.915000,417.25082051016255,1002
2024-09-18 15:41:19.923000,417.1961297671211,1003
2024-09-18 15:41:19.935000,417.2091640745261,1002
2024-09-18 15:41:19.999000,417.25432854511,12
2024-09-18 15:41:20.065000,417.340258235482,8
2024-09-18 15:41:20.066000,417.2639892738456,98
2024-09-18 15:41:20.134000,417.34352626965074,1004
2024-09-18 15:41:20.296000,417.30034274725233,5
2024-09-18 15:41:20.364000,417.3286080177389,997
2024-09-18 15:41:20.450000,417.29876281433536,1000
2024-09-18 15:41:20.464000,417.2735210169636,1005
2024-09-18 15:41:20.540000,417.3066463007988,97
2024-09-18 15:41:20.598000,417.3145963682143,14
2024-09-18 15:41:20.656000,417.283101567854,13
2024-09-18 15:41:20.755000,417.3250721303025,104
2024-09-18 15:41:20.791000,417.2553598791518,995
2024-09-18 15:41:20.810000,417.34100662591015,96
2024-09-18 15:41:20.821000,417.2894559792563,10
2024-09-18 15:41:20.872000,417.3196760272168,998
2024-09-18 15:41:20.891000,417.3194942524928,103
2024-09-18 15:41:20.891000,417.2863211706247,1005
2024-09-18 15:41:20.895000,417.3474443326592,1000
2024-09-18 15:41:21.352000,417.2730417921923,11
2024-09-18 15:41:21.494000,417.275605667488,1002
2024-09-18 15:41:21.685000,417.2845507681432,14
2024-09-18 15:41:21.736000,417.27405353988826,96
2024-09-18 15:41:21.759000,417.3007248751214,1001
2024-09-18 15:41:21.975000,417.2744000919437,5
2024-09-18 15:41:22.106000,417.2754119005248,13
2024-09-18 15:41:22.136000,417.2678456621175,14
2024-09-18 15:41:22.202000,417.27321571412887,13
2024-09-18 15:41:22.235000,417.29490242587,1000
2024-09-18 15:41:22.381000,417.2872532420759,102
2024-09-18 15:41:22.809000,417.2789671582286,100
2024-09-18 15:41:22.974000,417.2735433014191,10
2024-09-18 15:41:23.007000,417.267727983333,1003
2024-09-18 15:41:23.094000,417.3588798598525,10
2024-09-18 15:41:23.097000,417.2762927679627,1004
2024-09-18 15:41:23.100000,417.3408065785319,96
2024-09-18 15:41:23.105000,417.3170321521161,11
2024-09-18 15:41:23.123000,417.31517426203976,98
2024-09-18 15:41:23.192000,417.34336850587385,104
2024-09-18 15:41:23.229000,417.3041099805995,105
2024-09-18 15:41:23.232000,417.28339971695647,104
2024-09-18 15:41:23.288000,417.30192194624135,5
2024-09-18 15:41:23.368000,417.3388505774587,995
2024-09-18 15:41:23.407000,417.3167850882687,998
2024-09-18 15:41:23.413000,417.3340022897048,1003
2024-09-18 15:41:23.416000,417.3464785318597,6
2024-09-18 15:41:23.445000,417.29730356519167,15
2024-09-18 15:41:23.485000,417.3407361194989,995
2024-09-18 15:41:23.539000,417.33833394862927,100
2024-09-18 15:41:23.596000,417.3289126735837,104
2024-09-18 15:41:23.749000,417.33275150258095,5
2024-09-18 15:41:23.780000,417.31566160685134,1001
2024-09-18 15:41:23.782000,417.3107063538271,97
2024-09-18 15:41:23.829000,417.33921931640265,104
2024-09-18 15:41:23.846000,417.2827429378079,998
2024-09-18 15:41:23.853000,417.3093853100077,10
2024-09-18 15:41:23.855000,417.260867343888,7
2024-09-18 15:41:23.864000,417.3378640197128,9
2024-09-18 15:41:23.874000,417.323972726894,95
2024-09-18 15:41:23.908000,417.3147018307977,995
2024-09-18 15:41:24.050000,417.3389314195272,95
2024-09-18 15:41:24.057000,417.33533133714434,103
2024-09-18 15:41:24.231000,417.3154667750271,996
2024-09-18 15:41:24.334000,417.32215192988633,1005
2024-09-18 15:41:25.031000,417.292038843292,995
2024-09-18 15:41:25.049000,417.2559534805281,1003
2024-09-18 15:41:25.063000,417.2578638031563,12
2024-09-18 15:41:25.088000,417.2684759145825,10
2024-09-18 15:41:25.100000,417.3016844301526,996
2024-09-18 15:41:25.117000,417.2535041685674,1004
2024-09-18 15:41:25.128000,417.2774521457881,101
2024-09-18 15:41:25.169000,417.2767095953695,11
2024-09-18 15:41:25.214000,417.251560047843,998
2024-09-18 15:41:25.263000,417.2971010617143,1004
2024-09-18 15:41:25.334000,417.2444727262227,1002
2024-09-18 15:41:25.357000,417.2743675842741,98
2024-09-18 15:41:25.405000,417.3021012955516,1003
2024-09-18 15:41:25.570000,417.2728685577257,6
2024-09-18 15:41:25.596000,417.28868841409405,1004
2024-09-18 15:41:25.609000,417.274210578137,11
2024-09-18 15:41:25.622000,417.2568098060052,6
2024-09-18 15:41:25.682000,417.2801978489823,996
2024-09-18 15:41:25.733000,417.2874130161898,105
2024-09-18 15:41:25.764000,417.3061977874221,6
2024-09-18 15:41:25.769000,417.29276821927874,14
2024-09-18 15:41:25.820000,417.3052521373196,96
2024-09-18 15:41:25.857000,417.2582925276855,7
2024-09-18 15:41:25.887000,417.274645964792,98
2024-09-18 15:41:25.937000,417.2730203042654,98
2024-09-18 15:41:25.941000,417.2878494615904,11
2024-09-18 15:41:25.963000,417.29905340371647,10
2024-09-18 15:41:26.054000,417.3068530662931,1002
2024-09-18 15:41:26.064000,417.29318194951,1000
2024-09-18 15:41:26.167000,417.2828489227047,12
2024-09-18 15:41:26.168000,417.25840436432753,1004
2024-09-18 15:41:26.173000,417.295723322871,997
2024-09-18 15:41:26.519000,417.2645452087483,14
2024-09-18 15:41:26.523000,417.2453881099928,96
2024-09-18 15:41:26.664000,417.2532778447801,1004
2024-09-18 15:41:26.683000,417.2738135056832,13
2024-09-18 15:41:26.746000,417.3245487883249,1004
2024-09-18 15:41:26.877000,417.25075291883695,1001
2024-09-18 15:41:27.103000,417.29826790585344,1001
2024-09-18 15:41:27.104000,417.3119093138687,101
2024-09-18 15:41:27.106000,417.31531906770965,103
2024-09-18 15:41:27.283000,417.3041813817636,99
2024-09-18 15:41:27.370000,417.31277112257845,105
2024-09-18 15:41:27.437000,417.3179305770768,100
2024-09-18 15:41:27.459000,417.3054643901487,995
2024-09-18 15:41:27.525000,417.30280442512657,102
2024-09-18 15:41:27.566000,413.8012393750618,995
2024-09-18 15:41:27.663000,417.325812810297,15
2024-09-18 15:41:27.696000,417.3284499699879,996
2024-09-18 15:41:27.732000,417.3123599593488,14
2024-09-18 15:41:27.759000,417.2920595952165,15
2024-09-18 15:41:27.824000,417.3121201961309,102
2024-09-18 15:41:27.982000,417.319338352304,11
2024-09-18 15:41:28.117000,417.3101642309899,1005
2024-09-18 15:41:28.168000,417.3192493980382,9
2024-09-18 15:41:28.178000,417.2164105902696,99
2024-09-18 15:41:28.231000,417.30863445916896,101
2024-09-18 15:41:28.235000,417.3148954139613,99
2024-09-18 15:41:28.315000,417.281320640233,101
2024-09-18 15:41:28.372000,417.2757690350357,996
2024-09-18 15:41:28.376000,417.2214671931485,102
2024-09-18 15:41:28.398000,417.2159303165706,995
2024-09-18 15:41:28.448000,417.3255496779142,96
2024-09-18 15:41:28.452000,417.27904728014187,1003
2024-09-18 15:41:28.458000,417.2759653208975,100
2024-09-18 15:41:28.470000,417.283236834986,15
2024-09-18 15:41:28.482000,417.3156333622569,10
2024-09-18 15:41:28.615000,417.29855201047326,8
2024-09-18 15:41:28.632000,417.3182089832897,1003
2024-09-18 15:41:28.639000,417.22608085836254,99
2024-09-18 15:41:28.658000,417.261431467288,8
2024-09-18 15:41:28.672000,417.31484329823866,96
2024-09-18 15:41:28.739000,417.2347835716626,1003
2024-09-18 15:41:28.747000,417.2745256768782,95
2024-09-18 15:41:28.772000,417.17559505320753,99
2024-09-18 15:41:28.772000,417.2820640914688,998
2024-09-18 15:41:28.777000,417.26342965417,6
2024-09-18 15:41:28.829000,417.2883500053584,1001
2024-09-18 15:41:28.845000,417.3311411260444,12
2024-09-18 15:41:28.911000,417.19938484360006,996
2024-09-18 15:41:28.920000,417.2862839133818,8
2024-09-18 15:41:28.929000,417.2457732076471,98
2024-09-18 15:41:28.959000,417.3030025656928,5
2024-09-18 15:41:29,417.20784112093895,96
2024-09-18 15:41:29.068000,417.208891551603,995
2024-09-18 15:41:29.333000,417.2172795180685,997
2024-09-18 15:41:29.355000,417.1898450037133,997
2024-09-18 15:41:29.581000,417.175777086897,5
2024-09-18 15:41:29.805000,417.18176707143886,12
2024-09-18 15:41:29.841000,417.21967654938913,100
2024-09-18 15:41:29.947000,413.6482638337544,1001
2024-09-18 15:41:30.247000,417.1764322492045,15
2024-09-18 15:41:30.361000,417.1688539536162,1005
2024-09-18 15:41:30.410000,417.2006709414253,1002
2024-09-18 15:41:30.515000,417.1953083299489,8
2024-09-18 15:41:30.713000,417.1640406007767,104
2024-09-18 15:41:30.719000,417.1504404857148,98
2024-09-18 15:41:30.811000,417.1799836965431,105
2024-09-18 15:41:30.855000,417.1845608227432,98
2024-09-18 15:41:30.884000,417.16679758876506,1003
2024-09-18 15:41:30.887000,417.1765548140439,97
2024-09-18 15:41:31.016000,417.0988271875004,101
2024-09-18 15:41:31.094000,417.1281386246682,5
2024-09-18 15:41:31.250000,417.1151774898406,15
2024-09-18 15:41:31.250000,417.1409428301436,996
2024-09-18 15:41:31.250000,417.1275821363568,1000
2024-09-18 15:41:31.324000,417.12443767121823,1005
2024-09-18 15:41:31.396000,417.10972718742624,99
2024-09-18 15:41:31.412000,417.1186541482927,103
2024-09-18 15:41:31.427000,417.1176105168756,104
2024-09-18 15:41:31.477000,417.106993564784,7
2024-09-18 15:41:31.530000,417.12948828274415,95
2024-09-18 15:41:31.580000,417.12165890279135,15
2024-09-18 15:41:31.631000,417.1415062115885,997
2024-09-18 15:41:31.658000,417.124680308548,9
2024-09-18 15:41:31.774000,417.1257706441887,96
2024-09-18 15:41:31.812000,417.14407081147743,1004
2024-09-18 15:41:32.076000,417.13809810019904,101
2024-09-18 15:41:32.352000,417.1788386043049,1000
2024-09-18 15:41:32.401000,417.1507197673377,8
2024-09-18 15:41:32.406000,417.174326215005,998
2024-09-18 15:41:32.407000,417.1503914068408,11
2024-09-18 15:41:32.486000,417.1597835732342,9
2024-09-18 15:41:32.678000,417.1670425917281,999
2024-09-18 15:41:32.838000,417.1376518144438,995
2024-09-18 15:41:33.926000,417.1704327274636,13
2024-09-18 15:41:34.012000,417.1086390111047,99
2024-09-18 15:41:34.024000,417.1221573944754,95
2024-09-18 15:41:34.087000,417.19710181308847,99
2024-09-18 15:41:34.106000,417.1399995033482,11
2024-09-18 15:41:34.128000,417.1568443861731,98
2024-09-18 15:41:34.134000,417.15856912499913,102
2024-09-18 15:41:34.136000,417.1595738901828,95
2024-09-18 15:41:34.171000,417.13337983099177,105
2024-09-18 15:41:34.223000,417.1817534203883,14
2024-09-18 15:41:34.263000,417.1517123601947,103
2024-09-18 15:41:34.274000,417.1556222366777,8
2024-09-18 15:41:34.311000,417.1501517247624,1000
2024-09-18 15:41:34.346000,417.1771108500769,1000
2024-09-18 15:41:34.363000,417.1631642358511,99
2024-09-18 15:41:34.366000,417.1481557359869,103
2024-09-18 15:41:34.382000,417.15534016850586,995
2024-09-18 15:41:34.437000,417.1333754719292,995
2024-09-18 15:41:34.516000,417.1622774830908,995
2024-09-18 15:41:34.682000,417.154327804956,1005
2024-09-18 15:41:34.706000,417.1548168680603,14
2024-09-18 15:41:34.727000,417.1459935744568,100
2024-09-18 15:41:34.739000,417.19441758243113,997
2024-09-18 15:41:34.766000,417.0955917283318,1001
2024-09-18 15:41:34.786000,417.0919202607104,5
2024-09-18 15:41:34.795000,417.1553771153187,11
2024-09-18 15:41:34.973000,417.0932643991418,8
2024-09-18 15:41:35.005000,417.0756646393498,1002
2024-09-18 15:41:35.044000,417.1092398972786,14
2024-09-18 15:41:35.240000,417.076866039201,1005
2024-09-18 15:41:35.356000,417.1023668070401,6
2024-09-18 15:41:35.437000,417.0910027372412,997
2024-09-18 15:41:35.550000,417.0947846621456,98
2024-09-18 15:41:35.671000,417.0844345882055,1003
2024-09-18 15:41:35.744000,417.0945756112649,8
2024-09-18 15:41:35.927000,417.1044215024151,14
2024-09-18 15:41:36.007000,417.0281674164728,1001
2024-09-18 15:41:36.054000,417.0724083968477,10
2024-09-18 15:41:36.058000,417.026634899362,1000
2024-09-18 15:41:36.122000,417.083404573333,102
2024-09-18 15:41:36.199000,417.05106123836856,15
2024-09-18 15:41:36.219000,417.0399535589934,103
2024-09-18 15:41:36.245000,417.0437185509375,6
2024-09-18 15:41:36.260000,417.03914591383335,100
2024-09-18 15:41:36.427000,417.0608105893691,1000
2024-09-18 15:41:36.448000,417.0300872552297,1000
2024-09-18 15:41:36.539000,417.03632254192,103
2024-09-18 15:41:36.560000,417.0401994534187,97
2024-09-18 15:41:36.563000,417.1013141092735,102
2024-09-18 15:41:36.568000,417.1190028935272,999
2024-09-18 15:41:36.610000,417.06975798318734,998
2024-09-18 15:41:36.665000,417.0405761266724,1000
2024-09-18 15:41:36.685000,417.054501789007,1004
2024-09-18 15:41:36.687000,417.0773308553685,11
2024-09-18 15:41:36.783000,417.035449262131,97
2024-09-18 15:41:36.824000,417.0853643400235,1005
2024-09-18 15:41:37.018000,417.05737165766,995
2024-09-18 15:41:37.044000,417.0536258949062,10
2024-09-18 15:41:37.053000,417.0350949722346,105
2024-09-18 15:41:37.067000,417.0256964897074,1004
2024-09-18 15:41:37.068000,417.0548333396515,1000
2024-09-18 15:41:37.103000,417.0182308683433,10
2024-09-18 15:41:37.208000,417.0205512714059,104
2024-09-18 15:41:37.223000,417.0534209325195,7
2024-09-18 15:41:37.291000,417.0374993902722,995
2024-09-18 15:41:37.390000,417.01468165641904,98
2024-09-18 15:41:37.459000,417.0279192786537,98
2024-09-18 15:41:37.472000,417.0552277164785,97
2024-09-18 15:41:37.618000,417.0230249678961,1001
2024-09-18 15:41:37.651000,417.055920294733,996
2024-09-18 15:41:37.680000,417.04998681654297,8
2024-09-18 15:41:37.724000,417.0210710842324,99
2024-09-18 15:41:37.822000,417.0396753482972,100
2024-09-18 15:41:37.939000,417.0435464868378,1004
2024-09-18 15:41:37.952000,417.0355983176095,103
2024-09-18 15:41:38.046000,417.1029333021861,10
2024-09-18 15:41:38.091000,417.1000404675301,14
2024-09-18 15:41:38.114000,417.0682170750964,15
2024-09-18 15:41:38.128000,417.1186755242061,99
2024-09-18 15:41:38.239000,417.0809338132689,1005
2024-09-18 15:41:38.438000,417.08570980580345,98
2024-09-18 15:41:38.449000,417.1235438894123,14
2024-09-18 15:41:38.503000,417.0733774536786,100
2024-09-18 15:41:38.662000,417.10181150826935,1001
2024-09-18 15:41:38.667000,417.1154919236418,100
2024-09-18 15:41:38.740000,417.1029139521918,98
2024-09-18 15:41:38.804000,417.0888551512369,6
2024-09-18 15:41:38.827000,417.0809206332269,102
2024-09-18 15:41:38.846000,417.1214405906267,9
2024-09-18 15:41:38.895000,417.075593398447,95
2024-09-18 15:41:38.900000,417.0832003681938,12
2024-09-18 15:41:38.965000,417.0853193880757,1004
2024-09-18 15:41:38.981000,417.0496024733074,1003
2024-09-18 15:41:39.088000,417.1121330605206,1004
2024-09-18 15:41:39.338000,417.1410521282958,12
2024-09-18 15:41:39.347000,417.09877079254767,1004
2024-09-18 15:41:39.367000,417.0931832807735,99
2024-09-18 15:41:39.451000,417.144719550279,1004
2024-09-18 15:41:39.484000,417.0814145060631,11
2024-09-18 15:41:39.630000,417.1449509012831,10
2024-09-18 15:41:39.646000,417.1074783750673,996
2024-09-18 15:41:39.655000,417.0869670494986,7
2024-09-18 15:41:39.789000,417.115568306096,96
2024-09-18 15:41:39.807000,417.14255649345296,997
2024-09-18 15:41:39.889000,417.1035087712106,14
2024-09-18 15:41:39.933000,417.10241883120966,6
2024-09-18 15:41:40.893000,417.14804876015967,103
2024-09-18 15:41:41.147000,417.1717450721482,7
2024-09-18 15:41:41.166000,417.1553006769422,998
2024-09-18 15:41:41.763000,417.1987612409288,9
2024-09-18 15:41:41.921000,417.1764355516784,98
2024-09-18 15:41:42.025000,417.169567250021,995
2024-09-18 15:41:42.092000,417.1893166802181,8
2024-09-18 15:41:42.138000,417.212024750901,9
2024-09-18 15:41:42.200000,417.2170227993015,12
2024-09-18 15:41:42.238000,417.1802741460487,6
2024-09-18 15:41:42.267000,417.1841729016245,995
2024-09-18 15:41:42.390000,417.21642871146366,104
2024-09-18 15:41:42.411000,417.1809169015683,8
2024-09-18 15:41:42.431000,417.16612659138485,98
2024-09-18 15:41:42.460000,417.193732450128,12
2024-09-18 15:41:42.481000,417.1602192069717,8
2024-09-18 15:41:42.542000,417.1538220609099,11
2024-09-18 15:41:42.573000,417.1877753521415,998
2024-09-18 15:41:42.723000,417.1583326028361,1005
2024-09-18 15:41:42.815000,417.1719012976447,105
2024-09-18 15:41:42.985000,417.19864929157,14
2024-09-18 15:41:43.030000,417.1414957360697,103
2024-09-18 15:41:43.037000,417.1254680838363,104
2024-09-18 15:41:43.101000,417.11283755915247,1002
2024-09-18 15:41:43.242000,417.1111073188004,1000
2024-09-18 15:41:43.243000,417.1053420967564,995
2024-09-18 15:41:43.266000,417.1313194962149,12
2024-09-18 15:41:43.320000,417.1418782646694,1001
2024-09-18 15:41:43.400000,417.1421511561507,11
2024-09-18 15:41:43.432000,417.1307696011773,14
2024-09-18 15:41:43.459000,417.1573686535637,98
2024-09-18 15:41:43.461000,417.1341489961427,1005
2024-09-18 15:41:43.489000,417.1034493744461,1004
2024-09-18 15:41:43.507000,417.1576682220931,1002
2024-09-18 15:41:43.611000,417.1395337569666,11
2024-09-18 15:41:43.688000,417.13717906656507,10
2024-09-18 15:41:43.866000,417.1407945959554,997
2024-09-18 15:41:43.876000,417.1236191507167,95
2024-09-18 15:41:43.877000,417.1451566480674,15
2024-09-18 15:41:43.901000,417.088784719199,997
2024-09-18 15:41:43.903000,417.1205246930958,100
2024-09-18 15:41:43.918000,417.1240400632234,999
2024-09-18 15:41:43.943000,417.1095570081404,97
2024-09-18 15:41:44.184000,417.0680929355569,104
2024-09-18 15:41:44.283000,417.06839413817465,13
2024-09-18 15:41:44.303000,417.0812726321977,996
2024-09-18 15:41:44.319000,417.0728282382815,1005
2024-09-18 15:41:44.346000,417.0702419092163,96
2024-09-18 15:41:44.675000,417.04533354904027,6
2024-09-18 15:41:44.863000,417.06419591862783,1005
2024-09-18 15:41:45.001000,417.0473898017875,1001
2024-09-18 15:41:45.066000,417.0249118031887,12
2024-09-18 15:41:45.075000,417.0780521216451,96
2024-09-18 15:41:45.203000,417.0776515818076,14
2024-09-18 15:41:45.226000,417.0904702491396,97
2024-09-18 15:41:45.320000,417.0139673472256,1000
2024-09-18 15:41:45.337000,417.0951766754231,95
2024-09-18 15:41:45.347000,417.054136020811,1002
2024-09-18 15:41:45.352000,417.062182923018,6
2024-09-18 15:41:45.391000,417.01971668893134,1001
2024-09-18 15:41:45.428000,417.0593526725494,996
2024-09-18 15:41:45.451000,417.0413309157454,1005
2024-09-18 15:41:45.460000,417.0945049741474,998
2024-09-18 15:41:45.499000,417.0776944223066,1002
2024-09-18 15:41:45.502000,417.0821261456611,995
2024-09-18 15:41:45.507000,417.0745283461683,1005
2024-09-18 15:41:45.509000,417.0991498988988,8
2024-09-18 15:41:45.528000,417.03058764414993,97
2024-09-18 15:41:45.645000,417.10417047352576,96
2024-09-18 15:41:45.660000,417.0576685296072,1001
2024-09-18 15:41:45.802000,417.0270702222331,14
2024-09-18 15:41:45.810000,417.00289406838766,1000
2024-09-18 15:41:45.852000,417.0167799670032,102
2024-09-18 15:41:45.856000,417.0354958817495,13
2024-09-18 15:41:45.911000,417.06725108101705,1005
2024-09-18 15:41:45.923000,417.0134033181325,10
2024-09-18 15:41:45.926000,417.07152714653125,12
2024-09-18 15:41:45.930000,417.0237839791879,999
2024-09-18 15:41:45.985000,417.0345817533459,12
2024-09-18 15:41:46.004000,416.986241577414,7
2024-09-18 15:41:46.119000,416.9861944546957,1002
2024-09-18 15:41:46.166000,416.9916004450359,95
2024-09-18 15:41:46.169000,416.9741928023831,14
2024-09-18 15:41:46.275000,416.9781140735961,998
2024-09-18 15:41:46.327000,416.9872559972284,96
2024-09-18 15:41:46.386000,416.98813066340506,12
2024-09-18 15:41:46.405000,417.0172379206659,15
2024-09-18 15:41:46.462000,416.9690014349592,7
2024-09-18 15:41:46.462000,416.99233163517215,8
2024-09-18 15:41:46.468000,417.0190321538627,97
2024-09-18 15:41:46.509000,416.9809572575419,998
2024-09-18 15:41:46.603000,416.97377930636657,1005
2024-09-18 15:41:46.749000,416.996163756921,105
2024-09-18 15:41:46.828000,417.0073946540468,98
2024-09-18 15:41:46.844000,417.0174815300842,12
2024-09-18 15:41:46.854000,416.9919698695471,11
2024-09-18 15:41:47.073000,416.9656565059695,7
2024-09-18 15:41:47.076000,416.9977918182202,995
2024-09-18 15:41:47.083000,416.9882808935488,100
2024-09-18 15:41:47.095000,416.972731827489,96
2024-09-18 15:41:47.128000,416.98479617308425,5
2024-09-18 15:41:47.293000,416.9810584656773,13
2024-09-18 15:41:47.347000,416.9743594951551,998
2024-09-18 15:41:47.389000,416.9838741266609,11
2024-09-18 15:41:47.400000,416.9925711470882,97
2024-09-18 15:41:47.485000,416.9745815007289,99
2024-09-18 15:41:47.535000,416.9567718669277,11
2024-09-18 15:41:47.612000,416.9553857188525,96
2024-09-18 15:41:47.619000,416.9658142232624,104
2024-09-18 15:41:47.739000,416.9751537601768,9
2024-09-18 15:41:47.814000,416.97799984516655,1000
2024-09-18 15:41:47.824000,416.99730247136193,9
2024-09-18 15:41:47.852000,416.9808083849241,99
2024-09-18 15:41:47.887000,416.9523717081672,101
2024-09-18 15:41:47.939000,416.9936740043584,99
2024-09-18 15:41:47.948000,416.9749536558862,998
2024-09-18 15:41:47.961000,416.9743553356231,105
2024-09-18 15:41:48.047000,417.05297109555255,7
2024-09-18 15:41:48.053000,417.0559886936703,1003
2024-09-18 15:41:48.066000,417.004926255408,102
2024-09-18 15:41:48.096000,417.0640429718175,102
2024-09-18 15:41:48.192000,417.01980581214593,99
2024-09-18 15:41:48.201000,417.0493157152634,103
2024-09-18 15:41:48.222000,416.9930700537614,1000
2024-09-18 15:41:48.258000,417.07233661299176,104
2024-09-18 15:41:48.311000,417.07303095149,97
2024-09-18 15:41:48.321000,413.38081019499,1004
2024-09-18 15:41:48.323000,417.0403048906278,100
2024-09-18 15:41:48.345000,417.053237071153,1001
2024-09-18 15:41:48.384000,417.0021793987279,9
2024-09-18 15:41:48.387000,417.0168377304152,5
2024-09-18 15:41:48.395000,417.0003340772344,996
2024-09-18 15:41:48.494000,417.041338827612,96
2024-09-18 15:41:48.495000,417.0566420477905,999
2024-09-18 15:41:48.606000,417.0162500746511,997
2024-09-18 15:41:48.668000,417.04942019773887,100
2024-09-18 15:41:48.683000,416.9937058629095,1000
2024-09-18 15:41:48.745000,417.0843979299378,100
2024-09-18 15:41:48.855000,416.98607957131816,1005
2024-09-18 15:41:48.900000,417.04081470835325,6
2024-09-18 15:41:48.914000,417.0888139760107,1004
2024-09-18 15:41:48.979000,417.0178138864984,999
2024-09-18 15:41:48.996000,417.00329764046313,12
2024-09-18 15:41:49,417.09726430205467,104
2024-09-18 15:41:49.151000,417.08197672105,13
2024-09-18 15:41:49.192000,417.1318489197395,997
2024-09-18 15:41:49.227000,417.1309023027167,1000
2024-09-18 15:41:49.247000,417.1042883657577,1000
2024-09-18 15:41:49.371000,417.0864437050768,997
2024-09-18 15:41:49.444000,417.08967482429927,1005
2024-09-18 15:41:49.454000,417.1397729437037,6
2024-09-18 15:41:49.485000,417.1161333188781,95
2024-09-18 15:41:49.508000,417.1446314755318,6
2024-09-18 15:41:49.520000,417.1121200107444,1001
2024-09-18 15:41:49.585000,417.1400115886352,8
2024-09-18 15:41:49.654000,417.1584736608829,98
2024-09-18 15:41:49.691000,417.0921388384031,98
2024-09-18 15:41:49.734000,417.087991746092,104
2024-09-18 15:41:49.789000,417.1682974126247,104
2024-09-18 15:41:49.853000,417.1360487075621,97
2024-09-18 15:41:49.871000,417.1317162156293,11
2024-09-18 15:41:49.907000,417.0841976721779,97
2024-09-18 15:41:49.929000,417.12160425682765,104
2024-09-18 15:41:49.981000,417.0884623942615,1003
2024-09-18 15:41:50.037000,417.18085106041485,995
2024-09-18 15:41:50.117000,417.1701307932986,13
2024-09-18 15:41:50.177000,417.2002014490996,96
2024-09-18 15:41:50.200000,417.1944964491802,12
2024-09-18 15:41:50.252000,417.1644048325719,6
2024-09-18 15:41:50.357000,417.1884850009526,103
2024-09-18 15:41:50.430000,417.1704775807578,99
2024-09-18 15:41:50.449000,417.191437851833,997
2024-09-18 15:41:50.461000,417.15840321944654,1004
2024-09-18 15:41:50.530000,417.17338142821694,98
2024-09-18 15:41:50.537000,417.1722030971908,13
2024-09-18 15:41:50.589000,417.1639786294467,5
2024-09-18 15:41:50.633000,417.1816498602032,11
2024-09-18 15:41:50.656000,417.15881841984367,11
2024-09-18 15:41:50.675000,417.1772295374486,100
2024-09-18 15:41:50.697000,417.1833291387889,1002
2024-09-18 15:41:50.738000,417.170713335467,8
2024-09-18 15:41:50.743000,417.1549280575201,101
2024-09-18 15:41:50.781000,417.1741818009498,100
2024-09-18 15:41:50.813000,417.1960673120813,99
2024-09-18 15:41:50.832000,417.17323007085474,1000
2024-09-18 15:41:50.874000,417.1648601407935,10
2024-09-18 15:41:50.913000,417.1608609220861,95
2024-09-18 15:41:50.932000,417.17480121044815,5
2024-09-18 15:41:50.984000,417.1749620625819,10
2024-09-18 15:41:51.019000,417.19039677963616,14
2024-09-18 15:41:51.077000,417.2457394794998,6
2024-09-18 15:41:51.095000,417.2511132643603,11
2024-09-18 15:41:51.101000,417.25683544013685,999
2024-09-18 15:41:51.103000,417.17061036223686,1001
2024-09-18 15:41:51.172000,417.1594323008375,14
2024-09-18 15:41:51.186000,417.2238502747154,95
2024-09-18 15:41:51.230000,417.251498355923,998
2024-09-18 15:41:51.233000,417.1694057329192,12
2024-09-18 15:41:51.272000,417.2589599683712,1001
2024-09-18 15:41:51.275000,417.1642077682104,1003
2024-09-18 15:41:51.339000,417.1887398535428,1001
2024-09-18 15:41:51.414000,417.220206649963,998
2024-09-18 15:41:51.490000,417.2092409439928,97
2024-09-18 15:41:51.494000,417.16655163748015,13
2024-09-18 15:41:51.515000,417.19417472250007,5
2024-09-18 15:41:51.631000,417.21213925143417,103
2024-09-18 15:41:51.641000,417.235050290028,98
2024-09-18 15:41:51.643000,417.2461668710813,995
2024-09-18 15:41:51.653000,417.1826833500134,8
2024-09-18 15:41:51.654000,417.1965366033655,995
2024-09-18 15:41:51.697000,417.1709312857967,97
2024-09-18 15:41:51.729000,417.24874433772976,97
2024-09-18 15:41:51.760000,417.2396329808609,12
2024-09-18 15:41:51.807000,417.1608398963232,102
2024-09-18 15:41:51.810000,417.21392096435335,999
2024-09-18 15:41:51.818000,417.230563201308,1002
2024-09-18 15:41:51.883000,417.2161370853401,11
2024-09-18 15:41:52.094000,417.1730396205938,997
2024-09-18 15:41:52.165000,417.1811815747975,5
2024-09-18 15:41:52.314000,417.18514119290114,103
2024-09-18 15:41:52.317000,417.1648794242308,13
2024-09-18 15:41:52.489000,417.1660137627303,1001
2024-09-18 15:41:52.710000,417.16525615184366,1002
2024-09-18 15:41:52.788000,417.16989693234046,96
2024-09-18 15:41:53.393000,417.1836426469607,105
2024-09-18 15:41:53.402000,417.191181759869,101
2024-09-18 15:41:53.483000,417.243304116176,96
2024-09-18 15:41:53.679000,417.23431780019183,11
2024-09-18 15:41:53.701000,417.177978008336,103
2024-09-18 15:41:53.824000,417.2173483949605,98
2024-09-18 15:41:53.894000,417.1993806772786,1001
2024-09-18 15:41:53.979000,417.20130227440166,997
2024-09-18 15:41:53.996000,417.22810740546737,995
2024-09-18 15:41:54.021000,417.2316451304605,9
2024-09-18 15:41:54.025000,417.2339364364128,1001
2024-09-18 15:41:54.048000,417.2319578988245,7
2024-09-18 15:41:54.143000,417.2239884293813,15
2024-09-18 15:41:54.336000,417.2466676191871,10
2024-09-18 15:41:54.558000,417.2082135579778,95
2024-09-18 15:41:54.572000,417.246258577543,105
2024-09-18 15:41:54.643000,417.2233068657493,12
2024-09-18 15:41:54.690000,417.2237880482545,1001
2024-09-18 15:41:54.837000,417.2248416562033,98
2024-09-18 15:41:54.852000,417.2151249337901,102
2024-09-18 15:41:54.854000,417.2355759636439,1001
2024-09-18 15:41:54.872000,417.2115750210325,1005
2024-09-18 15:41:54.943000,413.2090894201749,103
2024-09-18 15:41:55.001000,417.3212436714777,999
2024-09-18 15:41:55.034000,417.3868462099989,1002
2024-09-18 15:41:55.037000,417.3852353594232,1005
2024-09-18 15:41:55.055000,417.3452305743798,13
2024-09-18 15:41:55.126000,417.3648960313028,99
2024-09-18 15:41:55.138000,417.3700781097651,96
2024-09-18 15:41:55.192000,417.3227414872064,15
2024-09-18 15:41:55.217000,417.3403359040223,99
2024-09-18 15:41:55.275000,417.3448992042616,103
2024-09-18 15:41:55.284000,417.3487206430972,15
2024-09-18 15:41:55.306000,417.344727760062,99
2024-09-18 15:41:55.309000,417.3574978273254,5
2024-09-18 15:41:55.420000,417.3797784198898,1001
2024-09-18 15:41:55.444000,417.3828000718386,996
2024-09-18 15:41:55.448000,417.3976696831044,97
2024-09-18 15:41:55.491000,417.2591183145716,101
2024-09-18 15:41:55.511000,417.3711048114464,1002
2024-09-18 15:41:55.518000,417.3383723427554,103
2024-09-18 15:41:55.566000,417.2453506276897,14
2024-09-18 15:41:55.743000,417.41613005499846,7
2024-09-18 15:41:55.797000,417.3580121051125,6
2024-09-18 15:41:55.832000,417.258257542068,1004
2024-09-18 15:41:55.847000,417.4082726309232,996
2024-09-18 15:41:55.850000,417.2785438414566,996
2024-09-18 15:41:55.856000,417.3069387750056,102
2024-09-18 15:41:55.889000,417.3429930176754,9
2024-09-18 15:41:55.905000,417.38894109494254,997
2024-09-18 15:41:55.910000,417.3818558635689,1001
2024-09-18 15:41:55.929000,417.2345029862679,102
2024-09-18 15:41:55.952000,417.372823288475,104
2024-09-18 15:41:56.034000,417.3770250510213,995
2024-09-18 15:41:56.066000,413.3309918516727,15
2024-09-18 15:41:56.080000,417.35984903019056,998
2024-09-18 15:41:56.103000,417.3601664079082,96
2024-09-18 15:41:56.104000,417.3631191528743,1001
2024-09-18 15:41:56.147000,417.3891168534359,96
2024-09-18 15:41:56.173000,417.3720908084233,99
2024-09-18 15:41:56.200000,417.4159130503475,104
2024-09-18 15:41:56.260000,417.3765813856034,12
2024-09-18 15:41:56.265000,417.35285513139314,9
2024-09-18 15:41:56.286000,417.3754731606168,996
2024-09-18 15:41:56.315000,417.4007893459189,11
2024-09-18 15:41:56.320000,417.3975232533328,99
2024-09-18 15:41:56.355000,417.4127554586839,1000
2024-09-18 15:41:56.396000,417.3591403516061,105
2024-09-18 15:41:56.432000,417.3683330659145,102
2024-09-18 15:41:56.463000,417.3739545455938,102
2024-09-18 15:41:56.492000,417.4289335573864,14
2024-09-18 15:41:56.497000,417.3945416582101,101
2024-09-18 15:41:56.568000,417.4414694578216,6
2024-09-18 15:41:56.580000,417.362079647757,11
2024-09-18 15:41:56.586000,417.3963282592016,1004
2024-09-18 15:41:56.609000,417.427062763995,1000
2024-09-18 15:41:56.627000,417.4017785793893,104
2024-09-18 15:41:56.672000,417.4091587940186,7
2024-09-18 15:41:56.769000,417.3785984178999,8
2024-09-18 15:41:56.954000,417.3824683712112,6
2024-09-18 15:41:56.966000,417.36237404276727,99
2024-09-18 15:41:57.015000,417.4504225190015,10
2024-09-18 15:41:57.043000,417.4844428316881,103
2024-09-18 15:41:57.075000,417.5397046664238,9
2024-09-18 15:41:57.078000,413.3293702617813,95
2024-09-18 15:41:57.249000,417.4555288888598,13
2024-09-18 15:41:57.286000,417.4395704343602,102
2024-09-18 15:41:57.306000,417.5070935195184,995
2024-09-18 15:41:57.384000,417.5105123064564,8
2024-09-18 15:41:57.418000,417.5251009347232,9
2024-09-18 15:41:57.515000,417.4203125820375,998
2024-09-18 15:41:57.520000,417.4965515377023,1005
2024-09-18 15:41:57.527000,417.4171402631179,995
2024-09-18 15:41:57.611000,417.52353270649314,6
2024-09-18 15:41:57.616000,417.4188856982884,8
2024-09-18 15:41:57.616000,417.4932387977476,995
2024-09-18 15:41:57.665000,417.48580051472845,96
2024-09-18 15:41:57.730000,417.4257907867687,1002
2024-09-18 15:41:57.795000,417.4221774785523,97
2024-09-18 15:41:57.810000,417.5211395853778,8
2024-09-18 15:41:57.884000,417.426507924764,9
2024-09-18 15:41:57.884000,417.52660980170936,100
2024-09-18 15:41:57.907000,417.41344058266816,10
2024-09-18 15:41:57.928000,417.51366246825097,97
2024-09-18 15:41:58.044000,417.49774591395135,101
2024-09-18 15:41:59.039000,417.4709653723304,12
2024-09-18 15:41:59.052000,417.47653739598337,9
2024-09-18 15:41:59.083000,417.5070925259527,13
2024-09-18 15:41:59.085000,417.479059810601,99
2024-09-18 15:41:59.101000,417.4744114351386,1005
2024-09-18 15:41:59.138000,417.4860016961517,1005
2024-09-18 15:41:59.184000,417.47880719191744,10
2024-09-18 15:41:59.221000,417.4995630395695,8
2024-09-18 15:41:59.271000,417.5118598007618,14
2024-09-18 15:41:59.280000,417.4755238756706,103
2024-09-18 15:41:59.280000,417.5007742567311,15
2024-09-18 15:41:59.321000,417.46985865655296,103
2024-09-18 15:41:59.364000,417.4626848882165,997
2024-09-18 15:41:59.405000,417.492522518565,1002
2024-09-18 15:41:59.412000,417.4819318129855,1005
2024-09-18 15:41:59.456000,417.4822065109236,10
2024-09-18 15:41:59.488000,417.48829181042726,13
2024-09-18 15:41:59.490000,417.4512260057781,104
2024-09-18 15:41:59.681000,417.4857299999092,6
2024-09-18 15:41:59.767000,417.4989161045473,1003
2024-09-18 15:41:59.769000,417.5031094407234,997
2024-09-18 15:41:59.776000,417.4935067828625,9
2024-09-18 15:41:59.892000,417.4892787686058,1005
2024-09-18 15:41:59.904000,417.4725784977604,1002
2024-09-18 15:41:59.906000,417.494246207908,12
2024-09-18 15:41:59.909000,417.4933064288981,95
2024-09-18 15:41:59.953000,417.48604081798936,5
