Timestamp,Price,Size
2024-09-20 13:59:00.049000,429.4365272620118,98
2024-09-20 13:59:00.142000,429.4232827062028,12
2024-09-20 13:59:00.491000,429.4439433984039,8
2024-09-20 13:59:00.677000,429.4299188883984,11
2024-09-20 13:59:00.770000,429.422067389313,105
2024-09-20 13:59:00.929000,429.43587716681344,99
2024-09-20 13:59:01.375000,429.4432639415211,1000
2024-09-20 13:59:02.055000,429.4416903618829,97
2024-09-20 13:59:02.195000,429.4918601135821,6
2024-09-20 13:59:02.247000,429.4699110345412,10
2024-09-20 13:59:02.307000,429.5021068438556,6
2024-09-20 13:59:02.312000,429.49087837381256,99
2024-09-20 13:59:02.314000,429.4502190483206,10
2024-09-20 13:59:02.317000,429.5135981117909,102
2024-09-20 13:59:02.443000,429.4657607859776,996
2024-09-20 13:59:02.533000,429.4578351152822,97
2024-09-20 13:59:02.562000,429.5010252401746,996
2024-09-20 13:59:02.582000,429.4904321301435,998
2024-09-20 13:59:02.596000,429.4531200492393,104
2024-09-20 13:59:02.609000,429.4737137665372,1001
2024-09-20 13:59:02.654000,429.4643437409063,9
2024-09-20 13:59:02.655000,429.5142962543685,102
2024-09-20 13:59:02.844000,429.4858165914736,996
2024-09-20 13:59:02.866000,429.4569276621298,103
2024-09-20 13:59:02.892000,429.51448485599786,1003
2024-09-20 13:59:02.902000,429.4552700060207,99
2024-09-20 13:59:02.946000,429.4884997991013,1004
2024-09-20 13:59:02.993000,429.48133557154233,10
2024-09-20 13:59:03.043000,429.4959029984338,999
2024-09-20 13:59:03.274000,429.495458429013,11
2024-09-20 13:59:03.346000,429.5078336844826,1001
2024-09-20 13:59:03.349000,429.5099294479575,9
2024-09-20 13:59:03.651000,429.4950134586561,11
2024-09-20 13:59:03.735000,429.4915189977035,1002
2024-09-20 13:59:03.905000,429.50614563463193,104
2024-09-20 13:59:04.035000,429.51467378005344,999
2024-09-20 13:59:04.095000,429.5504520825622,1000
2024-09-20 13:59:04.101000,429.5166443672925,96
2024-09-20 13:59:04.116000,429.5368302597034,98
2024-09-20 13:59:04.224000,429.5310097695311,9
2024-09-20 13:59:04.425000,429.53754490496885,99
2024-09-20 13:59:04.467000,429.4844636312108,1000
2024-09-20 13:59:04.525000,429.5662527861873,7
2024-09-20 13:59:04.636000,429.5362088165893,1000
2024-09-20 13:59:04.660000,429.5200265306947,104
2024-09-20 13:59:04.697000,429.5601718807096,5
2024-09-20 13:59:04.778000,429.5234106256773,15
2024-09-20 13:59:04.810000,429.51727502373126,997
2024-09-20 13:59:04.816000,429.544083560493,99
2024-09-20 13:59:04.908000,429.5572488929852,7
2024-09-20 13:59:04.982000,429.5542251351191,1003
2024-09-20 13:59:05.153000,429.5351783493509,996
2024-09-20 13:59:05.173000,429.4890930897929,996
2024-09-20 13:59:05.207000,429.44176674844834,997
2024-09-20 13:59:05.228000,429.49825411857984,1001
2024-09-20 13:59:05.292000,429.4500422182328,99
2024-09-20 13:59:05.303000,429.4776246575681,15
2024-09-20 13:59:05.392000,429.5219273312573,5
2024-09-20 13:59:05.403000,429.4601311786973,102
2024-09-20 13:59:05.648000,429.456012519633,105
2024-09-20 13:59:05.755000,429.4864395551826,104
2024-09-20 13:59:05.779000,429.4512062095427,15
2024-09-20 13:59:05.793000,429.4486986488236,1001
2024-09-20 13:59:05.801000,429.43584620388776,12
2024-09-20 13:59:05.829000,429.5041519232346,5
2024-09-20 13:59:05.846000,429.507971722598,101
2024-09-20 13:59:05.860000,429.4857818889449,12
2024-09-20 13:59:05.901000,429.479414099218,1000
2024-09-20 13:59:05.912000,429.4899559767765,10
2024-09-20 13:59:05.956000,429.523468200334,96
2024-09-20 13:59:05.969000,429.4773706328784,6
2024-09-20 13:59:05.975000,429.45802961544325,1004
2024-09-20 13:59:05.993000,429.4473032216657,12
2024-09-20 13:59:06.005000,429.5200700878843,1003
2024-09-20 13:59:06.061000,429.5331274126359,96
2024-09-20 13:59:06.090000,429.545392411696,6
2024-09-20 13:59:06.098000,429.5846500668055,104
2024-09-20 13:59:06.160000,429.5565195516903,98
2024-09-20 13:59:06.185000,429.5285629014447,13
2024-09-20 13:59:06.196000,429.519533568182,1000
2024-09-20 13:59:06.356000,429.536376835094,1004
2024-09-20 13:59:06.358000,429.565327102779,5
2024-09-20 13:59:06.384000,429.5241442334693,9
2024-09-20 13:59:06.409000,429.5519929988228,104
2024-09-20 13:59:06.416000,429.5510069792965,8
2024-09-20 13:59:06.449000,429.5209733915705,95
2024-09-20 13:59:06.466000,429.5913928645065,13
2024-09-20 13:59:06.565000,429.552277267686,6
2024-09-20 13:59:06.633000,429.5557085585887,996
2024-09-20 13:59:06.689000,429.584924269988,97
2024-09-20 13:59:06.689000,429.5462497916748,98
2024-09-20 13:59:06.693000,429.5525716797482,995
2024-09-20 13:59:06.775000,429.5825550982445,96
2024-09-20 13:59:06.800000,429.57688267290337,99
2024-09-20 13:59:06.805000,429.5240024122171,100
2024-09-20 13:59:06.865000,429.5199253511576,96
2024-09-20 13:59:06.868000,429.5412360891145,99
2024-09-20 13:59:06.889000,429.5021633834064,95
2024-09-20 13:59:06.902000,429.5770422121415,6
2024-09-20 13:59:06.905000,429.5231560650924,14
2024-09-20 13:59:07.020000,429.545457499991,1001
2024-09-20 13:59:07.110000,429.5563136876664,105
2024-09-20 13:59:07.200000,429.54322339126026,100
2024-09-20 13:59:07.298000,429.55042398427446,7
2024-09-20 13:59:07.310000,429.5430709910232,1002
2024-09-20 13:59:07.410000,429.5630609158167,1002
2024-09-20 13:59:07.483000,429.55870948713937,97
2024-09-20 13:59:07.556000,429.5562857044685,998
2024-09-20 13:59:07.650000,429.5226295168484,5
2024-09-20 13:59:07.688000,429.5558068352784,97
2024-09-20 13:59:07.739000,429.5146271704325,11
2024-09-20 13:59:07.812000,429.55874840102905,998
2024-09-20 13:59:08.107000,429.4258933377966,103
2024-09-20 13:59:08.116000,429.45927856881536,1003
2024-09-20 13:59:08.213000,429.4822776182117,98
2024-09-20 13:59:08.230000,429.47720933706296,14
2024-09-20 13:59:08.270000,429.4520777444482,101
2024-09-20 13:59:08.274000,429.4397910198732,14
2024-09-20 13:59:08.280000,429.4834181346691,1004
2024-09-20 13:59:08.350000,429.49084910651646,15
2024-09-20 13:59:08.361000,429.4968111124493,104
2024-09-20 13:59:08.481000,429.49541935325306,104
2024-09-20 13:59:08.538000,429.4387210465533,1005
2024-09-20 13:59:08.570000,429.4716330200357,95
2024-09-20 13:59:08.686000,429.43301804774217,1002
2024-09-20 13:59:08.690000,429.4186922409953,105
2024-09-20 13:59:08.797000,429.4783098738737,8
2024-09-20 13:59:08.798000,429.48977593727903,6
2024-09-20 13:59:08.815000,429.4444675866923,96
2024-09-20 13:59:08.850000,429.5072317108979,101
2024-09-20 13:59:08.864000,429.4839584263336,1000
2024-09-20 13:59:08.882000,429.4413340181776,9
2024-09-20 13:59:08.889000,429.4512595031003,103
2024-09-20 13:59:08.954000,429.4857589124503,1002
2024-09-20 13:59:09.008000,429.550153869456,8
2024-09-20 13:59:09.027000,429.5540295690135,98
2024-09-20 13:59:09.032000,429.49460948501127,1003
2024-09-20 13:59:09.144000,429.58688134539966,1000
2024-09-20 13:59:09.172000,429.52607213501534,10
2024-09-20 13:59:09.264000,429.4926890016185,103
2024-09-20 13:59:09.285000,429.56964120112366,104
2024-09-20 13:59:09.342000,429.58606877640847,997
2024-09-20 13:59:09.346000,429.54990728751073,103
2024-09-20 13:59:09.348000,429.588197851469,1003
2024-09-20 13:59:09.354000,429.41465457221824,95
2024-09-20 13:59:09.403000,429.4840759840202,997
2024-09-20 13:59:09.412000,429.5464232505124,96
2024-09-20 13:59:09.431000,429.5767108286207,104
2024-09-20 13:59:09.460000,429.54906438128427,995
2024-09-20 13:59:09.479000,429.4374898943109,15
2024-09-20 13:59:09.546000,429.5029480245792,11
2024-09-20 13:59:09.579000,429.4447449983389,999
2024-09-20 13:59:09.606000,429.4783548021077,7
2024-09-20 13:59:09.636000,429.4642331099552,15
2024-09-20 13:59:09.655000,429.4930244643632,97
2024-09-20 13:59:09.682000,429.4686821678116,95
2024-09-20 13:59:09.709000,429.540502376778,996
2024-09-20 13:59:09.731000,429.544308396598,95
2024-09-20 13:59:09.813000,429.52959959470905,102
2024-09-20 13:59:09.844000,429.5209177089029,11
2024-09-20 13:59:09.869000,429.4764126454879,11
2024-09-20 13:59:09.876000,429.5263015829204,105
2024-09-20 13:59:09.925000,429.5521354099605,11
2024-09-20 13:59:09.974000,429.5464652408448,1004
2024-09-20 13:59:10.366000,429.59389117743336,97
2024-09-20 13:59:10.779000,429.59684123962177,14
2024-09-20 13:59:11.197000,429.6658581000711,101
2024-09-20 13:59:11.231000,429.63762070648335,5
2024-09-20 13:59:11.352000,429.6425740797484,11
2024-09-20 13:59:11.391000,429.64706462367934,1000
2024-09-20 13:59:11.550000,429.6081597139983,999
2024-09-20 13:59:11.634000,429.617570664692,9
2024-09-20 13:59:11.695000,429.6573756772887,998
2024-09-20 13:59:11.751000,429.636690992207,103
2024-09-20 13:59:11.853000,429.6380442191818,1001
2024-09-20 13:59:11.859000,429.64610262342416,995
2024-09-20 13:59:11.895000,429.6464546342384,10
2024-09-20 13:59:11.978000,429.6367275545264,103
2024-09-20 13:59:12.038000,429.647891475968,5
2024-09-20 13:59:12.067000,429.6588589570172,102
2024-09-20 13:59:12.127000,429.6767500611802,10
2024-09-20 13:59:12.169000,429.67566616670825,5
2024-09-20 13:59:12.281000,429.6810493701488,99
2024-09-20 13:59:12.735000,429.6692795649923,1004
2024-09-20 13:59:14.113000,429.6091491205827,6
2024-09-20 13:59:14.194000,429.6337225921749,9
2024-09-20 13:59:14.240000,429.6515343415457,996
2024-09-20 13:59:14.460000,429.6190178337788,97
2024-09-20 13:59:14.462000,429.6499699049389,996
2024-09-20 13:59:14.565000,429.6388350336374,97
2024-09-20 13:59:14.599000,429.6345324785246,102
2024-09-20 13:59:14.641000,429.6399394227914,1003
2024-09-20 13:59:14.684000,429.623954970428,13
2024-09-20 13:59:14.725000,429.6481115037607,1005
2024-09-20 13:59:14.764000,429.5988450038733,11
2024-09-20 13:59:14.785000,429.62434018681074,1003
2024-09-20 13:59:14.844000,429.62752650001664,7
2024-09-20 13:59:14.846000,429.619323099672,97
2024-09-20 13:59:14.913000,429.6236113839921,10
2024-09-20 13:59:14.943000,429.6701574981608,14
2024-09-20 13:59:14.989000,429.6303773867862,95
2024-09-20 13:59:15.067000,429.6508824998815,100
2024-09-20 13:59:15.166000,429.6510839534525,1004
2024-09-20 13:59:15.212000,429.6118640248221,10
2024-09-20 13:59:15.238000,429.63077849997615,999
2024-09-20 13:59:15.240000,429.6537103448007,104
2024-09-20 13:59:15.312000,429.604608105685,10
2024-09-20 13:59:15.357000,429.5958276931127,6
2024-09-20 13:59:15.475000,429.6025423200179,13
2024-09-20 13:59:15.522000,429.5685909201167,998
2024-09-20 13:59:15.525000,429.5902655199826,998
2024-09-20 13:59:15.527000,429.5802034932421,95
2024-09-20 13:59:15.580000,429.6279097321272,103
2024-09-20 13:59:15.613000,429.5778740683164,10
2024-09-20 13:59:15.637000,429.6084369762255,14
2024-09-20 13:59:15.658000,429.58691842173073,12
2024-09-20 13:59:15.775000,429.63400119213526,999
2024-09-20 13:59:15.829000,429.5844268061356,102
2024-09-20 13:59:15.951000,429.5800414690761,995
2024-09-20 13:59:15.958000,429.6347669860842,10
2024-09-20 13:59:16,429.5683165997476,105
2024-09-20 13:59:16.168000,429.5486447704705,95
2024-09-20 13:59:16.302000,429.58983515093735,5
2024-09-20 13:59:16.450000,429.5217569054528,102
2024-09-20 13:59:16.483000,429.5650719882549,95
2024-09-20 13:59:16.551000,429.5277494176241,1004
2024-09-20 13:59:16.564000,429.5661372265448,99
2024-09-20 13:59:16.584000,429.5282706901895,100
2024-09-20 13:59:16.663000,429.552449713785,10
2024-09-20 13:59:16.813000,429.53160729389697,7
2024-09-20 13:59:16.815000,429.5319731699394,105
2024-09-20 13:59:16.819000,429.55496850732,101
2024-09-20 13:59:16.881000,429.5527198912648,997
2024-09-20 13:59:16.927000,429.5517828032421,12
2024-09-20 13:59:17.490000,429.5530175708364,13
2024-09-20 13:59:17.528000,429.5366347458876,995
2024-09-20 13:59:17.666000,429.6028642258166,11
2024-09-20 13:59:17.670000,429.5717472109464,96
2024-09-20 13:59:17.777000,429.5580847444464,995
2024-09-20 13:59:17.929000,429.6134926760577,996
2024-09-20 13:59:17.946000,429.5687902285323,102
2024-09-20 13:59:17.969000,429.5755788517735,999
2024-09-20 13:59:17.998000,429.5801177418573,9
2024-09-20 13:59:18.002000,429.5672890103134,7
2024-09-20 13:59:18.004000,429.5854526464005,1005
2024-09-20 13:59:18.065000,429.5510286784256,1005
2024-09-20 13:59:18.077000,429.599195684851,1003
2024-09-20 13:59:18.096000,429.56060651610034,1001
2024-09-20 13:59:18.153000,429.5674973301074,14
2024-09-20 13:59:18.158000,429.59926454113184,1001
2024-09-20 13:59:18.162000,429.57118025365895,10
2024-09-20 13:59:18.189000,429.5757298990139,1000
2024-09-20 13:59:18.262000,429.55343211609073,995
2024-09-20 13:59:18.263000,429.564217405078,95
2024-09-20 13:59:18.358000,429.5766750786793,999
2024-09-20 13:59:18.379000,429.5422823649437,6
2024-09-20 13:59:18.394000,429.5574875398565,98
2024-09-20 13:59:18.412000,429.5886746019101,13
2024-09-20 13:59:18.438000,429.57665853003033,8
2024-09-20 13:59:18.453000,429.5921231233913,997
2024-09-20 13:59:18.516000,429.5784178231309,14
2024-09-20 13:59:18.563000,429.59955672175374,99
2024-09-20 13:59:18.609000,429.5749961097038,7
2024-09-20 13:59:18.620000,429.5752043260766,98
2024-09-20 13:59:18.744000,429.5675585374199,98
2024-09-20 13:59:18.758000,429.6098297300935,999
2024-09-20 13:59:18.833000,429.5761859569471,1005
2024-09-20 13:59:18.834000,429.5966440340255,12
2024-09-20 13:59:18.862000,429.57417608316734,995
2024-09-20 13:59:18.989000,429.588302502095,99
2024-09-20 13:59:19.059000,429.5916400429488,103
2024-09-20 13:59:19.139000,429.6095097647933,99
2024-09-20 13:59:19.179000,429.68920114035865,105
2024-09-20 13:59:19.182000,429.6492550504335,95
2024-09-20 13:59:19.182000,429.6301837150002,1005
2024-09-20 13:59:19.207000,429.6526784838846,104
2024-09-20 13:59:19.244000,429.6211575493694,11
2024-09-20 13:59:19.255000,429.5948029471709,1003
2024-09-20 13:59:19.274000,429.5969239942968,99
2024-09-20 13:59:19.383000,429.6225985028492,8
2024-09-20 13:59:19.404000,429.6414843270519,14
2024-09-20 13:59:19.407000,429.60659646063056,5
2024-09-20 13:59:19.475000,429.7039530805311,96
2024-09-20 13:59:19.498000,429.6040181961134,97
2024-09-20 13:59:19.544000,429.6400488870276,998
2024-09-20 13:59:19.568000,429.6539854201037,1001
2024-09-20 13:59:19.600000,429.6874157312607,1004
2024-09-20 13:59:19.754000,429.5897373765016,1005
2024-09-20 13:59:19.800000,429.60369142071727,995
2024-09-20 13:59:19.836000,429.67504690015926,96
2024-09-20 13:59:19.855000,429.6518810153697,103
2024-09-20 13:59:19.889000,429.6479065778067,97
2024-09-20 13:59:19.924000,429.6945378120651,98
2024-09-20 13:59:19.977000,429.6186625802523,103
2024-09-20 13:59:20.002000,429.818371893799,98
2024-09-20 13:59:20.045000,429.7029725514665,997
2024-09-20 13:59:20.097000,429.8145040867287,104
2024-09-20 13:59:20.130000,429.7641406378101,15
2024-09-20 13:59:20.226000,429.8044678179638,13
2024-09-20 13:59:20.236000,429.8148961192528,101
2024-09-20 13:59:20.275000,429.7729922132484,1003
2024-09-20 13:59:20.529000,429.7434771448189,9
2024-09-20 13:59:20.648000,429.7040977398971,101
2024-09-20 13:59:20.731000,429.8106388850488,11
2024-09-20 13:59:20.760000,429.7932237836866,105
2024-09-20 13:59:20.825000,429.69601092707006,96
2024-09-20 13:59:20.874000,429.7153897311831,999
2024-09-20 13:59:20.886000,429.72727865768553,7
2024-09-20 13:59:20.899000,429.8209423096641,97
2024-09-20 13:59:20.944000,429.8198426353263,95
2024-09-20 13:59:21.028000,429.8243283024623,5
2024-09-20 13:59:21.100000,429.8110851978743,1004
2024-09-20 13:59:21.175000,429.8122917749354,11
2024-09-20 13:59:21.452000,429.8141347067421,99
2024-09-20 13:59:22.010000,429.8045313364684,15
2024-09-20 13:59:22.357000,429.7937293546718,1004
2024-09-20 13:59:22.390000,429.7940511293762,999
2024-09-20 13:59:22.639000,429.7988133611957,995
2024-09-20 13:59:22.758000,429.79986571558646,1000
2024-09-20 13:59:23.064000,429.8478277873242,1004
2024-09-20 13:59:23.066000,429.8136983707508,999
2024-09-20 13:59:23.086000,429.8366282611325,997
2024-09-20 13:59:23.232000,429.8492062339228,5
2024-09-20 13:59:23.244000,429.8342830156572,1002
2024-09-20 13:59:23.522000,429.8281886387754,14
2024-09-20 13:59:23.551000,429.8117311897094,105
2024-09-20 13:59:23.565000,429.82275430962784,12
2024-09-20 13:59:23.668000,429.83762304220994,998
2024-09-20 13:59:23.671000,429.8359909139915,95
2024-09-20 13:59:23.737000,429.82339718896696,96
2024-09-20 13:59:23.888000,429.8341072362485,5
2024-09-20 13:59:23.976000,429.83519847289296,11
2024-09-20 13:59:24.013000,429.77713995386586,103
2024-09-20 13:59:24.094000,429.7859102907239,997
2024-09-20 13:59:24.130000,429.7239509671934,996
2024-09-20 13:59:24.204000,429.79455783295407,1003
2024-09-20 13:59:24.204000,429.76311980889005,1001
2024-09-20 13:59:24.411000,429.7806741312141,995
2024-09-20 13:59:24.534000,429.77579931341774,998
2024-09-20 13:59:24.556000,429.75506723808473,1002
2024-09-20 13:59:24.884000,429.7443390286003,101
2024-09-20 13:59:24.888000,429.7589082089865,11
2024-09-20 13:59:24.911000,429.7666219237837,98
2024-09-20 13:59:25.051000,429.8348562030944,1000
2024-09-20 13:59:25.149000,429.8111443472733,13
2024-09-20 13:59:25.156000,429.7854483627426,5
2024-09-20 13:59:25.221000,429.7721613183602,100
2024-09-20 13:59:25.294000,429.81294243152297,101
2024-09-20 13:59:25.378000,429.8083301316108,100
2024-09-20 13:59:25.491000,429.7870107708801,9
2024-09-20 13:59:25.491000,429.8215294274477,96
2024-09-20 13:59:25.496000,429.8056244465912,96
2024-09-20 13:59:25.554000,429.7953597894207,99
2024-09-20 13:59:25.565000,429.8022522682402,12
2024-09-20 13:59:25.570000,429.78447719624944,96
2024-09-20 13:59:25.767000,429.7737658144199,95
2024-09-20 13:59:25.803000,429.8020544066397,96
2024-09-20 13:59:25.908000,429.7841761760557,102
2024-09-20 13:59:25.965000,429.8043313285205,6
2024-09-20 13:59:25.983000,429.8074323522636,99
2024-09-20 13:59:26.123000,429.82502795817294,104
2024-09-20 13:59:26.379000,429.8338175740485,9
2024-09-20 13:59:26.518000,429.7950097213792,1001
2024-09-20 13:59:26.652000,429.80916517856497,103
2024-09-20 13:59:27.024000,429.7989276719399,999
2024-09-20 13:59:27.106000,429.833422013959,1005
2024-09-20 13:59:27.264000,429.81253074084935,1005
2024-09-20 13:59:27.488000,429.80015928406056,5
2024-09-20 13:59:27.569000,429.77414703565086,7
2024-09-20 13:59:27.582000,429.8059176709873,95
2024-09-20 13:59:27.603000,429.8011135122192,1003
2024-09-20 13:59:27.646000,429.80520892984254,5
2024-09-20 13:59:27.651000,429.7928469763913,9
2024-09-20 13:59:27.755000,429.7986807391118,13
2024-09-20 13:59:27.761000,429.78382343845993,6
2024-09-20 13:59:27.819000,429.7575179506331,5
2024-09-20 13:59:27.833000,429.7683303550423,95
2024-09-20 13:59:27.834000,429.8114623845037,5
2024-09-20 13:59:27.848000,429.766281723315,105
2024-09-20 13:59:27.939000,429.7907841363778,105
2024-09-20 13:59:27.961000,429.8063363222473,8
2024-09-20 13:59:28.058000,429.8038251077648,995
2024-09-20 13:59:28.153000,429.7943082195816,996
2024-09-20 13:59:28.198000,429.8022487619221,5
2024-09-20 13:59:28.264000,429.7877188487251,5
2024-09-20 13:59:28.520000,429.7803420421648,103
2024-09-20 13:59:28.700000,429.7989218262715,11
2024-09-20 13:59:28.733000,429.798844095294,97
2024-09-20 13:59:28.823000,429.7848844335652,6
2024-09-20 13:59:28.832000,429.7996276210629,100
2024-09-20 13:59:28.842000,429.7644823622279,102
2024-09-20 13:59:29.059000,429.67871572247935,997
2024-09-20 13:59:29.069000,429.6497023370975,100
2024-09-20 13:59:29.153000,429.7030061206066,11
2024-09-20 13:59:29.162000,429.6416028418878,8
2024-09-20 13:59:29.243000,429.7584323874999,105
2024-09-20 13:59:29.254000,429.7356236854769,1003
2024-09-20 13:59:29.263000,429.7333548924416,6
2024-09-20 13:59:29.263000,429.683705850638,999
2024-09-20 13:59:29.328000,429.7071716116676,995
2024-09-20 13:59:29.344000,429.69800544973566,7
2024-09-20 13:59:29.409000,429.65930262891527,7
2024-09-20 13:59:29.410000,429.73069015460976,10
2024-09-20 13:59:29.419000,429.6418472240322,99
2024-09-20 13:59:29.438000,429.7221224545989,1003
2024-09-20 13:59:29.468000,429.7039590117992,7
2024-09-20 13:59:29.602000,429.7388585796673,97
2024-09-20 13:59:29.647000,429.7630322655699,101
2024-09-20 13:59:29.802000,429.7108518539741,1001
2024-09-20 13:59:29.865000,429.6879856619315,1001
2024-09-20 13:59:29.899000,429.6919206137542,96
2024-09-20 13:59:29.900000,429.7197422645194,100
2024-09-20 13:59:29.907000,429.7172448533617,1005
2024-09-20 13:59:30.057000,429.6531105557932,14
2024-09-20 13:59:30.100000,429.6543106571499,1003
2024-09-20 13:59:30.171000,429.6601646943578,105
2024-09-20 13:59:30.179000,429.6482734400972,100
2024-09-20 13:59:30.198000,429.6388167780897,1005
2024-09-20 13:59:30.201000,429.66330577179474,12
2024-09-20 13:59:30.335000,429.6644141024044,995
2024-09-20 13:59:30.630000,429.64589891737336,105
2024-09-20 13:59:30.637000,429.65542771692697,997
2024-09-20 13:59:30.703000,429.66740946399017,1004
2024-09-20 13:59:30.826000,429.6623053866793,104
2024-09-20 13:59:31,429.7070924475152,998
2024-09-20 13:59:31.115000,429.6894040380847,997
2024-09-20 13:59:31.251000,429.7407958492996,5
2024-09-20 13:59:31.291000,429.68647938951904,1003
2024-09-20 13:59:31.296000,429.731744712948,998
2024-09-20 13:59:31.401000,429.7124668231462,1000
2024-09-20 13:59:31.498000,429.7107907834822,105
2024-09-20 13:59:31.528000,429.6883431156711,1005
2024-09-20 13:59:31.572000,429.7328074953151,99
2024-09-20 13:59:31.605000,429.6709463008909,12
2024-09-20 13:59:31.714000,429.7045250409207,1005
2024-09-20 13:59:31.752000,429.7065531513503,101
2024-09-20 13:59:31.770000,429.7084864384239,1005
2024-09-20 13:59:31.783000,429.69798247348143,1004
2024-09-20 13:59:31.807000,429.7332502683082,97
2024-09-20 13:59:31.852000,429.7069013574804,1000
2024-09-20 13:59:31.865000,429.65517604022574,997
2024-09-20 13:59:31.977000,429.7332983670699,100
2024-09-20 13:59:32.013000,429.8038496705718,5
2024-09-20 13:59:32.057000,429.7847926876551,105
2024-09-20 13:59:32.201000,429.7282186504168,12
2024-09-20 13:59:32.207000,429.8113249558036,105
2024-09-20 13:59:32.215000,429.7789536570766,1002
2024-09-20 13:59:32.250000,429.6987851264108,8
2024-09-20 13:59:32.268000,429.7490181088476,1000
2024-09-20 13:59:32.280000,429.7477505163321,15
2024-09-20 13:59:32.322000,429.708644378899,12
2024-09-20 13:59:32.358000,429.7497388300625,97
2024-09-20 13:59:32.447000,429.6949230687289,8
2024-09-20 13:59:32.459000,429.7214846694046,11
2024-09-20 13:59:32.474000,429.7430714714304,10
2024-09-20 13:59:32.580000,429.73518401394654,100
2024-09-20 13:59:32.607000,429.75327091334447,999
2024-09-20 13:59:32.635000,429.75633264987664,11
2024-09-20 13:59:32.702000,429.692053379049,13
2024-09-20 13:59:32.856000,429.7248807409993,96
2024-09-20 13:59:32.912000,429.7202253181797,10
2024-09-20 13:59:33.093000,429.8031276848898,998
2024-09-20 13:59:33.148000,429.8114811020862,14
2024-09-20 13:59:33.151000,429.79827842939255,1000
2024-09-20 13:59:33.163000,429.816868678106,12
2024-09-20 13:59:33.164000,429.7919691025587,7
2024-09-20 13:59:33.293000,429.8160142366058,11
2024-09-20 13:59:33.335000,429.8097473797332,95
2024-09-20 13:59:33.390000,429.78502124595946,11
2024-09-20 13:59:33.407000,429.81799285654665,7
2024-09-20 13:59:33.425000,429.8224978044624,998
2024-09-20 13:59:33.455000,429.8030875225239,100
2024-09-20 13:59:33.471000,429.80780194377854,102
2024-09-20 13:59:33.498000,429.80363020337336,13
2024-09-20 13:59:33.590000,429.8124442003854,100
2024-09-20 13:59:33.606000,429.8311730073312,1005
2024-09-20 13:59:33.624000,429.79830159092046,1002
2024-09-20 13:59:33.626000,429.82830345958337,999
2024-09-20 13:59:33.698000,429.81914976948985,12
2024-09-20 13:59:33.743000,429.8051802324887,8
2024-09-20 13:59:33.750000,429.80938204641575,12
2024-09-20 13:59:33.766000,429.82535002250233,98
2024-09-20 13:59:33.776000,429.8107897153535,9
2024-09-20 13:59:33.801000,429.8057709549743,96
2024-09-20 13:59:33.831000,429.8234497985322,102
2024-09-20 13:59:33.859000,429.8252612503106,99
2024-09-20 13:59:33.927000,429.7974535783532,96
2024-09-20 13:59:33.949000,429.8021454326432,996
2024-09-20 13:59:33.952000,429.80549540738673,1004
2024-09-20 13:59:34.037000,429.8297824863767,105
2024-09-20 13:59:34.085000,429.80697389934767,105
2024-09-20 13:59:34.106000,429.8431466773931,9
2024-09-20 13:59:34.133000,429.8204911753492,13
2024-09-20 13:59:34.142000,429.7940984144283,995
2024-09-20 13:59:34.267000,429.8458331717123,999
2024-09-20 13:59:34.276000,429.8143616917033,95
2024-09-20 13:59:34.336000,429.791389279032,998
2024-09-20 13:59:34.338000,429.8343089526897,103
2024-09-20 13:59:34.415000,429.819387211298,997
2024-09-20 13:59:34.417000,429.84250858772094,15
2024-09-20 13:59:34.522000,429.81581545414775,101
2024-09-20 13:59:34.532000,429.7978868103636,99
2024-09-20 13:59:34.621000,429.8481020679949,1004
2024-09-20 13:59:34.622000,429.77606412535965,998
2024-09-20 13:59:34.714000,429.8650793922244,996
2024-09-20 13:59:34.725000,429.82351485666726,1004
2024-09-20 13:59:34.735000,429.8374081067595,1001
2024-09-20 13:59:34.737000,429.7967478184259,99
2024-09-20 13:59:34.789000,429.7902421188281,1002
2024-09-20 13:59:34.809000,429.84201234314895,10
2024-09-20 13:59:34.833000,429.7901877376992,1005
2024-09-20 13:59:34.844000,429.7701266658139,97
2024-09-20 13:59:34.846000,429.8096552738763,105
2024-09-20 13:59:34.917000,429.8465242125993,15
2024-09-20 13:59:34.986000,429.8028940903167,13
2024-09-20 13:59:35.042000,429.95629167722313,999
2024-09-20 13:59:35.074000,429.9591312526062,997
2024-09-20 13:59:35.117000,429.973947677388,100
2024-09-20 13:59:35.230000,429.95819471234535,105
2024-09-20 13:59:35.247000,429.9248805435493,14
2024-09-20 13:59:35.341000,429.8892517655952,10
2024-09-20 13:59:35.425000,429.94862374749687,14
2024-09-20 13:59:35.545000,429.95820093861767,1000
2024-09-20 13:59:35.547000,429.96691490701954,999
2024-09-20 13:59:35.577000,429.9507904746529,1004
2024-09-20 13:59:35.591000,429.9049120954157,11
2024-09-20 13:59:35.599000,429.847967636077,14
2024-09-20 13:59:35.694000,429.9556377268469,12
2024-09-20 13:59:35.826000,429.8581610738728,105
2024-09-20 13:59:35.863000,429.9272198739721,95
2024-09-20 13:59:35.945000,429.8714463788236,996
2024-09-20 13:59:36.025000,429.91423869688776,95
2024-09-20 13:59:36.133000,429.90761272620193,15
2024-09-20 13:59:36.152000,429.89864187608765,102
2024-09-20 13:59:36.157000,429.92945227172805,6
2024-09-20 13:59:36.291000,429.9669741363675,15
2024-09-20 13:59:36.372000,429.9063441824233,6
2024-09-20 13:59:36.375000,429.9231231822419,95
2024-09-20 13:59:36.401000,429.8986864521662,6
2024-09-20 13:59:36.407000,429.91851984653306,995
2024-09-20 13:59:36.419000,429.9335585228308,996
2024-09-20 13:59:36.531000,429.9345353985875,1001
2024-09-20 13:59:36.598000,429.9483634548017,997
2024-09-20 13:59:36.621000,429.9030059722342,9
2024-09-20 13:59:36.644000,429.914634877481,8
2024-09-20 13:59:36.687000,429.92168654603614,98
2024-09-20 13:59:36.715000,429.934498711285,1000
2024-09-20 13:59:36.739000,429.9269332398401,1000
2024-09-20 13:59:36.858000,429.93364175864144,999
2024-09-20 13:59:36.878000,429.9005170460052,997
2024-09-20 13:59:37.033000,429.9248416125231,97
2024-09-20 13:59:37.123000,429.9230992133936,995
2024-09-20 13:59:37.197000,429.9122392848384,95
2024-09-20 13:59:37.276000,429.93104186283136,104
2024-09-20 13:59:37.293000,429.9234892399548,102
2024-09-20 13:59:37.336000,429.9243206156441,8
2024-09-20 13:59:37.403000,429.91678497528335,5
2024-09-20 13:59:37.405000,429.92751339946045,5
2024-09-20 13:59:37.407000,429.912826270828,15
2024-09-20 13:59:37.616000,429.9187228667666,1005
2024-09-20 13:59:37.760000,429.9070040322622,1000
2024-09-20 13:59:37.767000,429.9129151923477,95
2024-09-20 13:59:37.912000,429.9153839417231,5
2024-09-20 13:59:37.962000,429.9096189980256,1004
2024-09-20 13:59:37.965000,429.9305651047191,104
2024-09-20 13:59:37.969000,429.9198172514906,6
2024-09-20 13:59:38.002000,429.895742606872,10
2024-09-20 13:59:38.010000,429.96127295415897,1004
2024-09-20 13:59:38.040000,429.9348126388544,5
2024-09-20 13:59:38.047000,429.92297995008073,102
2024-09-20 13:59:38.068000,429.915930319532,1001
2024-09-20 13:59:38.070000,429.9019032169744,102
2024-09-20 13:59:38.080000,429.9391503155054,9
2024-09-20 13:59:38.105000,429.9010287230409,995
2024-09-20 13:59:38.173000,429.89688136241466,14
2024-09-20 13:59:38.200000,429.9483991097383,11
2024-09-20 13:59:38.210000,429.96156841249086,10
2024-09-20 13:59:38.379000,429.9176653729424,6
2024-09-20 13:59:38.423000,429.9243280834654,100
2024-09-20 13:59:38.492000,429.9441208169591,996
2024-09-20 13:59:38.526000,429.90570825359055,12
2024-09-20 13:59:38.630000,429.9243376862884,996
2024-09-20 13:59:38.639000,429.9088605909609,13
2024-09-20 13:59:38.658000,429.9486739252292,1000
2024-09-20 13:59:38.741000,429.90430111724464,102
2024-09-20 13:59:38.790000,429.9582292877249,9
2024-09-20 13:59:38.845000,429.8977174528157,105
2024-09-20 13:59:38.963000,429.92940279673735,997
2024-09-20 13:59:38.974000,429.91557353467687,102
2024-09-20 13:59:39.066000,429.8924979813473,12
2024-09-20 13:59:40.229000,429.9287619001962,98
2024-09-20 13:59:40.383000,429.9498363773248,995
2024-09-20 13:59:40.505000,429.90286299340505,1004
2024-09-20 13:59:40.924000,429.9463651453461,103
2024-09-20 13:59:40.962000,429.9051530962048,13
2024-09-20 13:59:41.003000,429.94406121963846,999
2024-09-20 13:59:41.031000,429.9574755664448,998
2024-09-20 13:59:41.032000,429.964470724024,101
2024-09-20 13:59:41.074000,429.92059015726494,12
2024-09-20 13:59:41.200000,429.9130244598903,99
2024-09-20 13:59:41.313000,429.9620059102729,5
2024-09-20 13:59:41.378000,429.9510525232568,1005
2024-09-20 13:59:41.404000,429.96091647280696,104
2024-09-20 13:59:41.419000,429.95077200349937,10
2024-09-20 13:59:41.457000,429.95028782351824,1004
2024-09-20 13:59:41.582000,429.9563577634143,97
2024-09-20 13:59:41.600000,429.9420129014246,13
2024-09-20 13:59:41.605000,429.9448415001819,995
2024-09-20 13:59:41.606000,429.9437524057042,14
2024-09-20 13:59:41.648000,429.9234749570999,15
2024-09-20 13:59:41.664000,429.9596931027033,999
2024-09-20 13:59:41.742000,429.91985289904767,996
2024-09-20 13:59:41.744000,429.95424324360624,11
2024-09-20 13:59:41.745000,429.9240444348922,104
2024-09-20 13:59:41.787000,429.94294223054754,97
2024-09-20 13:59:41.912000,429.9514901485885,1001
2024-09-20 13:59:41.919000,429.9199397573305,5
2024-09-20 13:59:41.929000,429.9308061272908,97
2024-09-20 13:59:41.931000,429.9196573889533,1005
2024-09-20 13:59:42.042000,429.88298601417335,97
2024-09-20 13:59:42.065000,429.8881662474786,9
2024-09-20 13:59:42.134000,429.9300459271418,995
2024-09-20 13:59:42.334000,429.9428357454762,5
2024-09-20 13:59:42.355000,429.9829377520332,5
2024-09-20 13:59:42.356000,429.8847789431852,101
2024-09-20 13:59:42.397000,429.9494593086587,102
2024-09-20 13:59:42.417000,429.9211058570612,998
2024-09-20 13:59:42.481000,429.9181195707198,6
2024-09-20 13:59:42.591000,429.9840056958858,1005
2024-09-20 13:59:42.615000,429.8711035245028,1005
2024-09-20 13:59:42.662000,429.8913099044824,102
2024-09-20 13:59:42.671000,429.9845933498101,103
2024-09-20 13:59:42.816000,429.9701416488076,104
2024-09-20 13:59:42.824000,429.976606418841,6
2024-09-20 13:59:42.860000,429.9616983634211,15
2024-09-20 13:59:42.896000,429.9744716735106,9
2024-09-20 13:59:42.985000,429.9251104071264,996
2024-09-20 13:59:43.086000,429.8060029052744,104
2024-09-20 13:59:43.132000,429.79516160393246,103
2024-09-20 13:59:43.343000,429.8085651643431,103
2024-09-20 13:59:43.566000,429.8336777953716,995
2024-09-20 13:59:43.734000,429.80247051823005,14
2024-09-20 13:59:45.086000,429.8544502849021,995
2024-09-20 13:59:45.090000,429.8310149578172,96
2024-09-20 13:59:45.135000,429.79830637207687,99
2024-09-20 13:59:45.287000,429.862428529181,103
2024-09-20 13:59:45.456000,429.8206246500334,11
2024-09-20 13:59:45.494000,429.8091983171128,101
2024-09-20 13:59:45.563000,429.7920146337133,1005
2024-09-20 13:59:45.620000,429.78723492577984,996
2024-09-20 13:59:45.704000,429.8220205943099,15
2024-09-20 13:59:45.722000,429.7831887965941,13
2024-09-20 13:59:45.827000,429.7818615369604,1004
2024-09-20 13:59:45.860000,429.80205227073264,7
2024-09-20 13:59:45.996000,429.8621804343384,11
2024-09-20 13:59:46.036000,429.80944780331686,996
2024-09-20 13:59:46.036000,429.84259261469657,1005
2024-09-20 13:59:46.158000,429.8376639309527,15
2024-09-20 13:59:46.180000,429.8204513557891,7
2024-09-20 13:59:46.186000,429.8780329507581,998
2024-09-20 13:59:46.213000,429.8985897548613,1002
2024-09-20 13:59:46.302000,429.8158377708809,6
2024-09-20 13:59:46.306000,429.8192088627023,1002
2024-09-20 13:59:46.398000,429.84195418457415,15
2024-09-20 13:59:46.405000,429.8321232904888,101
2024-09-20 13:59:46.507000,429.9052345923645,995
2024-09-20 13:59:46.509000,429.8175408628688,997
2024-09-20 13:59:46.520000,429.8135607616952,10
2024-09-20 13:59:46.524000,429.86901075966034,8
2024-09-20 13:59:46.541000,429.8273387672157,1005
2024-09-20 13:59:46.564000,429.8752632018904,1000
2024-09-20 13:59:46.567000,429.8454593290956,11
2024-09-20 13:59:46.602000,429.8223289143816,96
2024-09-20 13:59:46.617000,429.7996059200036,10
2024-09-20 13:59:46.633000,429.9122529071536,1000
2024-09-20 13:59:46.642000,429.8583401805519,98
2024-09-20 13:59:46.689000,429.9115444497592,1000
2024-09-20 13:59:46.701000,429.8244029594104,1004
2024-09-20 13:59:46.735000,429.79086027010976,1001
2024-09-20 13:59:46.824000,429.850720724885,105
2024-09-20 13:59:46.840000,429.88220084376655,15
2024-09-20 13:59:46.901000,429.8767475677789,14
2024-09-20 13:59:46.928000,429.8945606539863,997
2024-09-20 13:59:46.934000,429.8265014570503,8
2024-09-20 13:59:47.011000,429.8130161062947,102
2024-09-20 13:59:47.026000,429.7936317435704,7
2024-09-20 13:59:47.033000,429.8227738182464,15
2024-09-20 13:59:47.044000,429.7993986204893,95
2024-09-20 13:59:47.047000,429.7903352846569,102
2024-09-20 13:59:47.153000,429.81408915773216,8
2024-09-20 13:59:47.256000,429.7927492523308,5
2024-09-20 13:59:47.375000,429.79041331130304,100
2024-09-20 13:59:47.424000,429.8255832162996,997
2024-09-20 13:59:47.460000,429.7855682141309,1002
2024-09-20 13:59:47.485000,429.7693991534594,102
2024-09-20 13:59:47.513000,429.7777555446528,100
2024-09-20 13:59:47.567000,429.8045269195479,15
2024-09-20 13:59:47.584000,429.8149103522156,15
2024-09-20 13:59:47.608000,429.78629725524,10
2024-09-20 13:59:47.611000,429.7847551070368,996
2024-09-20 13:59:47.724000,429.8163665182436,9
2024-09-20 13:59:47.783000,429.8220563614625,97
2024-09-20 13:59:47.834000,429.81074558083503,101
2024-09-20 13:59:47.836000,429.8332303870394,14
2024-09-20 13:59:47.874000,429.8158165937913,6
2024-09-20 13:59:47.883000,429.7694380563464,12
2024-09-20 13:59:48.950000,429.7844545898953,101
2024-09-20 13:59:49.062000,429.7765575611572,102
2024-09-20 13:59:49.098000,429.8042895059953,101
2024-09-20 13:59:49.231000,429.754551986029,5
2024-09-20 13:59:49.256000,429.7684451447981,10
2024-09-20 13:59:49.270000,429.757709986793,96
2024-09-20 13:59:49.280000,429.7590993840978,97
2024-09-20 13:59:49.330000,429.78945743204497,99
2024-09-20 13:59:49.400000,429.7854829488528,95
2024-09-20 13:59:49.423000,429.7700131806419,8
2024-09-20 13:59:49.521000,429.7749759476648,101
2024-09-20 13:59:49.553000,429.79132036703817,1003
2024-09-20 13:59:49.562000,429.7846347467989,996
2024-09-20 13:59:49.569000,429.7832354821567,1002
2024-09-20 13:59:49.623000,429.7774144198437,100
2024-09-20 13:59:49.655000,429.7670347324951,10
2024-09-20 13:59:49.726000,429.76826482018856,103
2024-09-20 13:59:49.807000,429.7862874304183,995
2024-09-20 13:59:49.966000,429.7714950694098,6
2024-09-20 13:59:49.994000,429.7748961728772,99
2024-09-20 13:59:50.023000,429.7917003705672,96
2024-09-20 13:59:50.221000,429.7419033420034,997
2024-09-20 13:59:50.260000,429.7397664302793,996
2024-09-20 13:59:50.279000,429.7056255533506,99
2024-09-20 13:59:50.317000,429.8017331431317,9
2024-09-20 13:59:50.318000,429.7032430780627,12
2024-09-20 13:59:50.321000,429.7924071863733,95
2024-09-20 13:59:50.397000,429.7873392636876,7
2024-09-20 13:59:50.401000,429.7892804922998,9
2024-09-20 13:59:50.692000,429.6864202330877,1005
2024-09-20 13:59:50.726000,429.788398475542,11
2024-09-20 13:59:50.773000,429.7981931271572,996
2024-09-20 13:59:50.815000,429.6862113022474,996
2024-09-20 13:59:50.945000,429.798799429356,101
2024-09-20 13:59:50.947000,429.74982620138906,11
2024-09-20 13:59:50.955000,429.7460378556782,96
2024-09-20 13:59:50.956000,429.78388992286136,15
2024-09-20 13:59:50.983000,429.7694707007383,13
2024-09-20 13:59:50.999000,429.6931735280877,5
2024-09-20 13:59:51.086000,429.6886823491533,1004
2024-09-20 13:59:51.141000,429.7066224373999,98
2024-09-20 13:59:51.194000,429.6981654327589,7
2024-09-20 13:59:51.330000,429.6988528776548,15
2024-09-20 13:59:51.381000,429.6968669953252,996
2024-09-20 13:59:51.632000,429.7003491478735,103
2024-09-20 13:59:51.785000,429.7044015559744,100
2024-09-20 13:59:51.843000,429.703272490054,11
2024-09-20 13:59:51.872000,429.69035373078987,104
2024-09-20 13:59:51.884000,429.6867912339905,105
2024-09-20 13:59:51.906000,429.7005838644864,102
2024-09-20 13:59:52.041000,429.6973916735093,999
2024-09-20 13:59:52.059000,429.7118597381704,104
2024-09-20 13:59:52.078000,429.6926536286734,10
2024-09-20 13:59:52.147000,429.6926888061745,6
2024-09-20 13:59:52.252000,429.7032593428541,98
2024-09-20 13:59:52.328000,429.7270259394391,14
2024-09-20 13:59:52.367000,429.7111485963916,11
2024-09-20 13:59:52.427000,429.70768000558417,9
2024-09-20 13:59:52.549000,429.7118591070003,7
2024-09-20 13:59:52.593000,429.7170610585256,8
2024-09-20 13:59:52.663000,429.7165542889692,97
2024-09-20 13:59:52.815000,429.7166759357056,7
2024-09-20 13:59:52.845000,429.6886838684539,12
2024-09-20 13:59:52.850000,429.6996209862897,11
2024-09-20 13:59:52.855000,429.72057783599786,100
2024-09-20 13:59:53.019000,429.7402314835359,1003
2024-09-20 13:59:53.053000,429.7502290033804,11
2024-09-20 13:59:53.077000,429.7175000841141,101
2024-09-20 13:59:53.132000,429.7583755796717,5
2024-09-20 13:59:53.142000,429.73622081396655,95
2024-09-20 13:59:53.143000,429.755734973934,999
2024-09-20 13:59:53.148000,429.75440693355023,1004
2024-09-20 13:59:53.151000,429.7283207387965,8
2024-09-20 13:59:53.164000,429.730673586005,14
2024-09-20 13:59:53.192000,429.7063265135495,1000
2024-09-20 13:59:53.198000,429.7353071045413,14
2024-09-20 13:59:53.216000,429.7215861943895,104
2024-09-20 13:59:53.293000,429.7910227455939,7
2024-09-20 13:59:53.304000,429.77384593983805,1002
2024-09-20 13:59:53.305000,429.76623809784826,12
2024-09-20 13:59:53.312000,429.71811005901696,100
2024-09-20 13:59:53.364000,429.7064024085281,5
2024-09-20 13:59:53.411000,429.7502897565141,997
2024-09-20 13:59:53.496000,429.75702840070704,100
2024-09-20 13:59:53.498000,429.7206138460352,15
2024-09-20 13:59:53.647000,429.750634071668,104
2024-09-20 13:59:53.651000,429.713702322212,5
2024-09-20 13:59:53.674000,429.78058720302977,101
2024-09-20 13:59:53.680000,429.7580071541263,1001
2024-09-20 13:59:53.683000,429.7051228514428,105
2024-09-20 13:59:53.908000,429.7147885962594,9
2024-09-20 13:59:54.028000,429.80472753825546,98
2024-09-20 13:59:54.055000,429.7387966090778,1003
2024-09-20 13:59:54.072000,429.8093648224296,12
2024-09-20 13:59:54.158000,429.8130032544621,1001
2024-09-20 13:59:54.169000,429.7500124940285,101
2024-09-20 13:59:54.203000,429.8147909685285,5
2024-09-20 13:59:54.241000,429.80315226838457,8
2024-09-20 13:59:54.351000,429.74022515991385,15
2024-09-20 13:59:54.353000,429.8101155559463,999
2024-09-20 13:59:54.359000,429.7964450307535,1004
2024-09-20 13:59:54.364000,429.7325622049488,102
2024-09-20 13:59:54.386000,429.8051410008336,104
2024-09-20 13:59:54.472000,429.7979517468992,1005
2024-09-20 13:59:54.517000,429.8250523537817,100
2024-09-20 13:59:54.622000,429.8163627288613,998
2024-09-20 13:59:54.633000,429.80934528905647,1004
2024-09-20 13:59:54.666000,429.81525800201774,95
2024-09-20 13:59:54.707000,429.7954283054026,100
2024-09-20 13:59:54.708000,429.806397350123,9
2024-09-20 13:59:54.719000,429.8192749575862,98
2024-09-20 13:59:54.739000,429.8170162652115,10
2024-09-20 13:59:54.783000,429.8009053566191,104
2024-09-20 13:59:54.841000,429.8018780807797,12
2024-09-20 13:59:54.857000,429.8273708526079,1002
2024-09-20 13:59:54.862000,429.72698407425537,100
2024-09-20 13:59:54.878000,429.7709028049345,11
2024-09-20 13:59:54.886000,429.7962827668888,7
2024-09-20 13:59:54.918000,429.8153144393037,998
2024-09-20 13:59:54.956000,429.7454571439129,12
2024-09-20 13:59:55.003000,429.8226977215713,97
2024-09-20 13:59:55.027000,429.8167416848447,995
2024-09-20 13:59:55.029000,429.806621307856,8
2024-09-20 13:59:55.064000,429.8240664591107,7
2024-09-20 13:59:55.083000,429.80022845100206,1004
2024-09-20 13:59:55.089000,429.8253897720936,1002
2024-09-20 13:59:55.157000,429.8098351011174,103
2024-09-20 13:59:55.200000,429.825485363653,1005
2024-09-20 13:59:55.280000,429.8038131845282,1003
2024-09-20 13:59:55.382000,429.813965415302,999
2024-09-20 13:59:55.522000,429.7918705268514,9
2024-09-20 13:59:55.683000,429.7958627528652,104
2024-09-20 13:59:55.695000,429.7920429606989,98
2024-09-20 13:59:55.752000,429.7991452595701,1002
2024-09-20 13:59:55.798000,429.7869287457004,11
2024-09-20 13:59:55.868000,429.81090544101386,98
2024-09-20 13:59:55.869000,429.8156502497505,15
2024-09-20 13:59:55.889000,429.801487316182,104
2024-09-20 13:59:55.898000,429.79646401952186,15
2024-09-20 13:59:55.926000,429.7959013849865,1005
2024-09-20 13:59:56.012000,429.8056819495704,14
2024-09-20 13:59:56.209000,429.7982591841516,10
2024-09-20 13:59:56.700000,429.8057283765613,105
2024-09-20 13:59:57.180000,429.7992693130385,6
2024-09-20 13:59:57.680000,429.76629981971865,100
2024-09-20 13:59:57.818000,429.7706890044332,1004
2024-09-20 13:59:58.081000,429.785182588997,1002
2024-09-20 13:59:58.213000,429.789874876677,95
2024-09-20 13:59:58.360000,429.7815752384662,98
2024-09-20 13:59:58.395000,429.7791767655274,999
2024-09-20 13:59:58.866000,429.7719240738541,1003
2024-09-20 13:59:58.928000,429.7761628380541,98
2024-09-20 13:59:59.012000,429.78726573507794,99
2024-09-20 13:59:59.115000,429.69647684778187,1001
2024-09-20 13:59:59.179000,429.7985158590753,95
2024-09-20 13:59:59.204000,429.7519931418007,6
2024-09-20 13:59:59.205000,429.7570370838431,99
2024-09-20 13:59:59.225000,429.7010202206333,997
2024-09-20 13:59:59.225000,429.7283737625236,97
2024-09-20 13:59:59.237000,429.75784247088336,14
2024-09-20 13:59:59.296000,429.7368967367096,103
2024-09-20 13:59:59.380000,429.79408613946447,1005
2024-09-20 13:59:59.399000,429.7896702811525,1005
2024-09-20 13:59:59.417000,429.7518458581676,7
2024-09-20 13:59:59.514000,429.7752709559894,101
2024-09-20 13:59:59.602000,429.7305701861715,7
2024-09-20 13:59:59.619000,429.6895049225334,15
2024-09-20 13:59:59.631000,429.7753282166322,98
2024-09-20 13:59:59.686000,429.7931325609656,996
2024-09-20 13:59:59.763000,429.75771797153504,13
2024-09-20 13:59:59.776000,429.8026274533955,96
2024-09-20 13:59:59.780000,429.74183367670224,100
2024-09-20 13:59:59.824000,429.707969736918,6
2024-09-20 13:59:59.857000,429.7060455114653,999
2024-09-20 13:59:59.938000,429.7885866790395,100
2024-09-20 13:59:59.943000,429.7617782259098,101
