Timestamp,Price,Size
2024-09-19 14:08:00.007000,417.2303951674731,995
2024-09-19 14:08:00.038000,417.25037042786334,999
2024-09-19 14:08:00.140000,417.2230278984811,998
2024-09-19 14:08:00.164000,417.2700834085165,1004
2024-09-19 14:08:00.193000,417.24448507583634,100
2024-09-19 14:08:00.260000,417.2683188451591,1000
2024-09-19 14:08:00.264000,417.2367075127081,100
2024-09-19 14:08:00.273000,417.25615557400033,7
2024-09-19 14:08:00.317000,417.2899194427216,101
2024-09-19 14:08:00.339000,417.3013870523209,6
2024-09-19 14:08:00.406000,417.2246831878754,104
2024-09-19 14:08:00.450000,417.29283033541,7
2024-09-19 14:08:00.473000,417.2168514351235,13
2024-09-19 14:08:00.602000,417.2528818456047,5
2024-09-19 14:08:00.614000,417.23779537634937,5
2024-09-19 14:08:00.653000,417.2601613869029,10
2024-09-19 14:08:00.702000,417.2720351490443,6
2024-09-19 14:08:00.754000,417.2790586110045,5
2024-09-19 14:08:00.896000,417.2312582217843,1004
2024-09-19 14:08:00.921000,417.2685838371792,12
2024-09-19 14:08:00.935000,417.2415974264367,997
2024-09-19 14:08:00.940000,417.2750608564549,1000
2024-09-19 14:08:00.978000,417.2403110013759,1004
2024-09-19 14:08:00.982000,417.23128812556286,5
2024-09-19 14:08:01.026000,417.2754447065447,5
2024-09-19 14:08:01.053000,417.2713349508379,995
2024-09-19 14:08:01.075000,417.2543221548764,1005
2024-09-19 14:08:01.201000,417.302835441224,104
2024-09-19 14:08:01.258000,417.279362003602,1001
2024-09-19 14:08:01.296000,417.3031893924138,1000
2024-09-19 14:08:01.332000,417.29453996861145,1000
2024-09-19 14:08:01.346000,417.2516230118242,6
2024-09-19 14:08:01.347000,417.2489728541399,98
2024-09-19 14:08:01.403000,417.2590800742337,5
2024-09-19 14:08:01.414000,417.281117733226,102
2024-09-19 14:08:01.428000,417.2799099431043,1001
2024-09-19 14:08:01.459000,417.2831286662818,6
2024-09-19 14:08:01.485000,417.29651382701,1001
2024-09-19 14:08:01.537000,417.302119183137,102
2024-09-19 14:08:01.605000,417.2736514706816,8
2024-09-19 14:08:01.774000,417.2936837227329,10
2024-09-19 14:08:01.794000,417.2916675629868,12
2024-09-19 14:08:01.836000,417.29541816164806,995
2024-09-19 14:08:01.900000,417.3050565250932,98
2024-09-19 14:08:01.920000,417.2518151415776,97
2024-09-19 14:08:01.985000,417.2538853183472,10
2024-09-19 14:08:02.071000,417.3632221624113,5
2024-09-19 14:08:02.124000,417.36560182973744,103
2024-09-19 14:08:02.125000,417.3365893503795,8
2024-09-19 14:08:02.495000,417.3255318812823,999
2024-09-19 14:08:02.634000,417.3508475918365,5
2024-09-19 14:08:02.852000,417.3547139839965,9
2024-09-19 14:08:03.057000,417.2982336646244,995
2024-09-19 14:08:03.731000,417.32427700190925,100
2024-09-19 14:08:03.759000,417.2975062375671,96
2024-09-19 14:08:04.026000,417.2532091487578,5
2024-09-19 14:08:04.091000,417.2578418198581,6
2024-09-19 14:08:04.197000,417.27082560760186,995
2024-09-19 14:08:04.222000,417.2884290345293,15
2024-09-19 14:08:04.233000,417.2875374827751,1005
2024-09-19 14:08:04.271000,417.2632737030015,998
2024-09-19 14:08:04.278000,417.2469796080206,998
2024-09-19 14:08:04.280000,417.2291733594821,13
2024-09-19 14:08:04.282000,417.2539144614447,8
2024-09-19 14:08:04.318000,417.2683882740254,6
2024-09-19 14:08:04.339000,417.2386012459313,995
2024-09-19 14:08:04.359000,417.22888575142895,1000
2024-09-19 14:08:04.363000,417.2738096882248,14
2024-09-19 14:08:04.470000,417.2666851297668,998
2024-09-19 14:08:04.471000,417.2543890604336,99
2024-09-19 14:08:04.481000,417.26658610797847,100
2024-09-19 14:08:04.495000,417.303989058101,105
2024-09-19 14:08:04.508000,417.2614795128322,11
2024-09-19 14:08:04.608000,417.2782686083966,103
2024-09-19 14:08:04.616000,417.25525767852406,100
2024-09-19 14:08:04.643000,417.2752645002923,99
2024-09-19 14:08:04.668000,417.2745950578757,1000
2024-09-19 14:08:04.673000,417.2529796484864,99
2024-09-19 14:08:04.708000,417.3071365236238,95
2024-09-19 14:08:04.825000,417.2677572173664,1002
2024-09-19 14:08:04.926000,417.26067773275065,1001
2024-09-19 14:08:04.948000,417.2524425713224,5
2024-09-19 14:08:04.951000,417.2518379632834,1000
2024-09-19 14:08:05.566000,417.28816615247257,13
2024-09-19 14:08:05.605000,417.2850113040944,999
2024-09-19 14:08:06.067000,417.2804954064295,6
2024-09-19 14:08:06.105000,417.2728174842592,997
2024-09-19 14:08:06.163000,417.29026833934176,999
2024-09-19 14:08:06.216000,417.2856646328117,995
2024-09-19 14:08:06.347000,417.2520420323824,1005
2024-09-19 14:08:06.602000,417.28572146096303,12
2024-09-19 14:08:06.724000,417.2879759438808,7
2024-09-19 14:08:06.724000,417.27960395834776,5
2024-09-19 14:08:06.747000,417.2840158360473,995
2024-09-19 14:08:06.934000,417.27590222233226,997
2024-09-19 14:08:07.116000,417.2890319107973,98
2024-09-19 14:08:07.174000,417.2843540359386,100
2024-09-19 14:08:07.367000,417.2812073304803,13
2024-09-19 14:08:08.023000,417.27407774369294,95
2024-09-19 14:08:08.063000,417.28898295814656,995
2024-09-19 14:08:08.148000,417.3081372697899,13
2024-09-19 14:08:08.363000,417.26225364076623,1003
2024-09-19 14:08:08.415000,417.3061743689091,102
2024-09-19 14:08:08.435000,417.2936454396191,14
2024-09-19 14:08:08.516000,417.2915748537997,12
2024-09-19 14:08:08.538000,417.27260343486256,99
2024-09-19 14:08:09.022000,417.39875977081874,1004
2024-09-19 14:08:09.111000,417.37462632893465,1001
2024-09-19 14:08:09.150000,417.3771341283988,1005
2024-09-19 14:08:09.164000,417.3909893308162,999
2024-09-19 14:08:09.187000,417.3815501356141,996
2024-09-19 14:08:09.209000,417.3433766077622,101
2024-09-19 14:08:09.220000,417.3429076390669,101
2024-09-19 14:08:09.254000,417.389549015677,6
2024-09-19 14:08:09.329000,417.33055882113854,102
2024-09-19 14:08:09.424000,417.3255779633685,10
2024-09-19 14:08:09.492000,417.3823211256243,99
2024-09-19 14:08:09.544000,417.3387431843496,102
2024-09-19 14:08:09.635000,417.3761147799677,12
2024-09-19 14:08:09.672000,417.3871702506796,999
2024-09-19 14:08:09.680000,417.3833509461661,13
2024-09-19 14:08:09.769000,417.3872444963606,95
2024-09-19 14:08:09.777000,417.3835468647284,1005
2024-09-19 14:08:09.780000,417.4080148230625,105
2024-09-19 14:08:09.819000,417.368901875261,11
2024-09-19 14:08:09.839000,417.32895511695455,7
2024-09-19 14:08:09.841000,417.3594082619708,96
2024-09-19 14:08:09.875000,417.385240589706,996
2024-09-19 14:08:09.981000,417.35386457063873,997
2024-09-19 14:08:10.009000,417.4561093570834,1000
2024-09-19 14:08:10.050000,417.37856040302654,10
2024-09-19 14:08:10.054000,417.4421178947288,9
2024-09-19 14:08:10.132000,417.4590212781509,5
2024-09-19 14:08:10.158000,417.45677893008246,1002
2024-09-19 14:08:10.158000,417.4245140168917,9
2024-09-19 14:08:10.228000,417.4435623195772,999
2024-09-19 14:08:10.236000,417.4325728884554,97
2024-09-19 14:08:10.285000,417.4219674801189,97
2024-09-19 14:08:10.378000,417.4224450271464,105
2024-09-19 14:08:10.417000,417.45082982128025,104
2024-09-19 14:08:10.511000,417.4498033373679,1001
2024-09-19 14:08:10.532000,417.4513773641825,996
2024-09-19 14:08:10.551000,417.394229711698,102
2024-09-19 14:08:10.589000,417.44816406468,97
2024-09-19 14:08:10.611000,417.4429322393129,97
2024-09-19 14:08:10.661000,417.4365048974431,1003
2024-09-19 14:08:10.704000,417.4224512434253,998
2024-09-19 14:08:10.740000,417.37474713211816,96
2024-09-19 14:08:10.744000,417.4419160571702,96
2024-09-19 14:08:10.745000,417.4369251484175,997
2024-09-19 14:08:10.855000,417.4361199847721,101
2024-09-19 14:08:10.878000,417.4368170714661,100
2024-09-19 14:08:10.884000,417.4471835962377,95
2024-09-19 14:08:10.942000,417.45528619294856,10
2024-09-19 14:08:10.967000,417.4427758843389,15
2024-09-19 14:08:10.993000,417.4312571780855,1004
2024-09-19 14:08:11.278000,417.4338020129459,12
2024-09-19 14:08:11.634000,417.4371998877682,999
2024-09-19 14:08:11.645000,417.4368937257465,998
2024-09-19 14:08:11.833000,417.43268262724655,13
2024-09-19 14:08:12.038000,417.4636416627416,99
2024-09-19 14:08:12.072000,417.5057280272985,996
2024-09-19 14:08:12.121000,417.49006500302727,999
2024-09-19 14:08:12.182000,417.48147870512537,1002
2024-09-19 14:08:12.261000,417.49229866973104,15
2024-09-19 14:08:12.296000,417.48924159741705,100
2024-09-19 14:08:12.478000,417.4887598363967,102
2024-09-19 14:08:12.568000,417.4931389390793,99
2024-09-19 14:08:12.624000,417.48483418095935,99
2024-09-19 14:08:12.810000,417.47881527910505,9
2024-09-19 14:08:13.022000,417.4907181427246,5
2024-09-19 14:08:13.034000,417.5055157189716,95
2024-09-19 14:08:13.054000,417.49892148967854,999
2024-09-19 14:08:13.081000,417.4843549327931,9
2024-09-19 14:08:13.141000,417.4908319718455,105
2024-09-19 14:08:13.151000,417.51222852036295,9
2024-09-19 14:08:13.223000,417.4783617574096,11
2024-09-19 14:08:13.384000,417.5155190233192,997
2024-09-19 14:08:13.398000,417.5415719952866,6
2024-09-19 14:08:13.437000,417.4899881766752,1004
2024-09-19 14:08:13.464000,417.5072918815738,8
2024-09-19 14:08:13.556000,417.5172510366264,102
2024-09-19 14:08:13.572000,417.5225676764534,6
2024-09-19 14:08:13.591000,417.4990128064261,104
2024-09-19 14:08:13.599000,417.5359102824995,96
2024-09-19 14:08:13.618000,417.4892846867041,1001
2024-09-19 14:08:13.665000,417.49544796405246,1001
2024-09-19 14:08:13.765000,417.4894454873384,8
2024-09-19 14:08:13.816000,417.5043651262188,99
2024-09-19 14:08:13.829000,417.4876598416437,1005
2024-09-19 14:08:13.849000,417.4889136553681,102
2024-09-19 14:08:13.873000,417.494349634914,98
2024-09-19 14:08:13.885000,417.4961046443488,100
2024-09-19 14:08:13.906000,417.51296518994826,96
2024-09-19 14:08:13.932000,417.5074736761632,13
2024-09-19 14:08:13.933000,417.4979870885332,995
2024-09-19 14:08:14.434000,417.5390475945485,97
2024-09-19 14:08:14.439000,417.5264575507056,10
2024-09-19 14:08:14.493000,417.51974834251376,5
2024-09-19 14:08:14.541000,417.5216569084177,101
2024-09-19 14:08:14.720000,417.5238077350269,103
2024-09-19 14:08:14.731000,417.52687807674704,104
2024-09-19 14:08:14.800000,417.5209863297927,100
2024-09-19 14:08:14.852000,417.5464097666612,5
2024-09-19 14:08:15.007000,417.5880926364524,998
2024-09-19 14:08:15.015000,417.5986576190352,95
2024-09-19 14:08:15.027000,417.587860123141,99
2024-09-19 14:08:15.064000,417.5959160324966,1003
2024-09-19 14:08:15.081000,417.6012189349845,96
2024-09-19 14:08:15.115000,417.5968476569575,102
2024-09-19 14:08:15.120000,417.55398738732606,999
2024-09-19 14:08:15.173000,417.5970776742759,14
2024-09-19 14:08:15.196000,417.6312399056764,996
2024-09-19 14:08:15.221000,417.5685630646318,96
2024-09-19 14:08:15.304000,417.61185142439336,998
2024-09-19 14:08:15.372000,417.58448384439794,1001
2024-09-19 14:08:15.405000,417.5846584423827,104
2024-09-19 14:08:15.430000,417.6058383092614,97
2024-09-19 14:08:15.466000,417.5968712071009,14
2024-09-19 14:08:15.574000,417.58521039705,8
2024-09-19 14:08:15.623000,417.5636242255367,1001
2024-09-19 14:08:15.660000,417.5699742495139,12
2024-09-19 14:08:15.661000,417.6010113539349,97
2024-09-19 14:08:15.692000,417.5816973122072,98
2024-09-19 14:08:15.692000,417.5677063315,7
2024-09-19 14:08:15.788000,417.5613465311943,997
2024-09-19 14:08:15.824000,417.5792115184916,6
2024-09-19 14:08:15.836000,417.63746447123015,9
2024-09-19 14:08:15.841000,417.5809650295141,1002
2024-09-19 14:08:15.842000,417.595600139421,13
2024-09-19 14:08:15.864000,417.5632384668405,996
2024-09-19 14:08:15.947000,417.58497652615625,99
2024-09-19 14:08:15.993000,417.5881695640797,995
2024-09-19 14:08:16.016000,417.5846728762623,97
2024-09-19 14:08:16.021000,417.58685767314745,7
2024-09-19 14:08:16.362000,417.5918095634082,11
2024-09-19 14:08:16.534000,417.5805858089348,1000
2024-09-19 14:08:16.600000,417.5930502451966,997
2024-09-19 14:08:16.822000,417.59671025179154,1000
2024-09-19 14:08:16.899000,417.5965579930851,95
2024-09-19 14:08:16.976000,417.5700874979629,96
2024-09-19 14:08:17,417.6023032314447,104
2024-09-19 14:08:17.114000,417.554960797841,104
2024-09-19 14:08:17.136000,417.5354182723831,1000
2024-09-19 14:08:17.212000,417.61178946986206,98
2024-09-19 14:08:17.272000,417.5267319504811,7
2024-09-19 14:08:17.284000,417.5620800185618,100
2024-09-19 14:08:17.434000,417.5513384446992,101
2024-09-19 14:08:17.530000,417.59810513026594,9
2024-09-19 14:08:17.541000,417.60444165497984,5
2024-09-19 14:08:17.541000,417.5702862953653,101
2024-09-19 14:08:17.589000,417.5509559906524,7
2024-09-19 14:08:17.637000,417.56949106760896,5
2024-09-19 14:08:17.648000,417.5664527761959,1001
2024-09-19 14:08:17.682000,417.5917028359329,1001
2024-09-19 14:08:17.726000,417.60253312101446,8
2024-09-19 14:08:17.776000,417.5830036744899,9
2024-09-19 14:08:17.836000,417.56879451661104,103
2024-09-19 14:08:17.851000,417.6035042060444,12
2024-09-19 14:08:17.940000,417.5718933757216,13
2024-09-19 14:08:17.958000,417.5495443155135,99
2024-09-19 14:08:18.106000,417.6030516096589,999
2024-09-19 14:08:18.144000,417.61682353718754,105
2024-09-19 14:08:18.161000,417.6268700666875,996
2024-09-19 14:08:18.297000,417.6205998691167,101
2024-09-19 14:08:18.344000,417.6119927351605,97
2024-09-19 14:08:18.382000,417.5949713948596,7
2024-09-19 14:08:18.473000,417.57543262165854,99
2024-09-19 14:08:18.477000,417.5627332996374,1005
2024-09-19 14:08:18.485000,417.6197496850503,1003
2024-09-19 14:08:18.633000,417.5741065532809,101
2024-09-19 14:08:18.713000,417.6169635243504,1005
2024-09-19 14:08:18.734000,417.65322341452014,997
2024-09-19 14:08:18.762000,417.5431657405171,998
2024-09-19 14:08:18.894000,417.64690097622616,99
2024-09-19 14:08:18.915000,417.6168128253496,103
2024-09-19 14:08:18.930000,417.6139009024432,12
2024-09-19 14:08:18.938000,417.6426868391188,15
2024-09-19 14:08:18.957000,417.6173868467095,102
2024-09-19 14:08:18.993000,417.6045260106077,1005
2024-09-19 14:08:19.018000,417.6485927923912,97
2024-09-19 14:08:19.024000,417.6448709688278,12
2024-09-19 14:08:19.035000,417.6601284981887,15
2024-09-19 14:08:19.081000,417.6601394808935,103
2024-09-19 14:08:19.108000,417.6583999434576,12
2024-09-19 14:08:19.139000,417.7090941956283,103
2024-09-19 14:08:19.148000,417.6339510095333,1004
2024-09-19 14:08:19.221000,417.6934077560521,15
2024-09-19 14:08:19.261000,417.69185053736015,997
2024-09-19 14:08:19.349000,417.6380676184663,96
2024-09-19 14:08:19.362000,417.6655291797812,12
2024-09-19 14:08:19.474000,417.6469800338648,98
2024-09-19 14:08:19.495000,417.6594658739669,97
2024-09-19 14:08:19.503000,417.6992241093207,95
2024-09-19 14:08:19.504000,417.6457983096147,8
2024-09-19 14:08:19.526000,417.6514482660806,7
2024-09-19 14:08:19.578000,417.69109966139655,100
2024-09-19 14:08:19.679000,417.6354487892385,10
2024-09-19 14:08:19.699000,417.6375612678863,95
2024-09-19 14:08:19.767000,417.68848020358513,1001
2024-09-19 14:08:19.845000,417.6721965042328,1001
2024-09-19 14:08:19.915000,417.6550509973416,1002
2024-09-19 14:08:19.934000,417.6768491668448,99
2024-09-19 14:08:19.950000,417.6362818579727,105
2024-09-19 14:08:19.964000,417.6782738765589,1004
2024-09-19 14:08:20.039000,417.6332243957999,8
2024-09-19 14:08:20.047000,417.7207858396464,15
2024-09-19 14:08:20.049000,417.6316888256532,995
2024-09-19 14:08:20.100000,417.64369348608056,8
2024-09-19 14:08:20.129000,417.66820815183866,9
2024-09-19 14:08:20.142000,417.71981851242,11
2024-09-19 14:08:20.181000,417.70493691107305,103
2024-09-19 14:08:20.194000,417.6330159368302,7
2024-09-19 14:08:20.285000,417.6823023085344,105
2024-09-19 14:08:20.293000,417.7194585216805,998
2024-09-19 14:08:20.336000,417.63327418146014,15
2024-09-19 14:08:20.358000,417.70494206978094,100
2024-09-19 14:08:20.448000,417.6984376815242,98
2024-09-19 14:08:20.658000,417.7239102334168,1003
2024-09-19 14:08:20.687000,417.623548148256,15
2024-09-19 14:08:20.860000,417.7108882509704,14
2024-09-19 14:08:20.905000,417.6295836897379,995
2024-09-19 14:08:20.999000,417.68726996072303,11
2024-09-19 14:08:22.443000,417.6033425440091,1000
2024-09-19 14:08:22.541000,417.6241630301457,8
2024-09-19 14:08:22.583000,417.5894635459614,7
2024-09-19 14:08:24.020000,417.5838554283888,96
2024-09-19 14:08:24.180000,417.59486961345056,99
2024-09-19 14:08:24.242000,417.6182441841493,995
2024-09-19 14:08:24.246000,417.5758009937177,15
2024-09-19 14:08:24.312000,417.6088742314524,98
2024-09-19 14:08:24.327000,417.5667098330062,1003
2024-09-19 14:08:24.400000,417.5764969176341,998
2024-09-19 14:08:24.455000,417.5715693712046,12
2024-09-19 14:08:24.474000,417.56563662292336,8
2024-09-19 14:08:24.479000,417.581862721204,98
2024-09-19 14:08:24.642000,417.5778184042303,103
2024-09-19 14:08:24.653000,417.566098800624,101
2024-09-19 14:08:25.158000,417.621478074897,96
2024-09-19 14:08:25.215000,417.5730206706912,104
2024-09-19 14:08:25.299000,417.61903801587385,997
2024-09-19 14:08:25.349000,417.6180260083341,103
2024-09-19 14:08:25.463000,417.6329201665724,9
2024-09-19 14:08:25.473000,417.6063008334028,15
2024-09-19 14:08:25.602000,417.6222529124152,13
2024-09-19 14:08:25.625000,417.63986064833904,12
2024-09-19 14:08:25.631000,417.5791265021512,997
2024-09-19 14:08:25.710000,417.598118908395,103
2024-09-19 14:08:25.741000,417.6155018487033,999
2024-09-19 14:08:25.774000,417.62191659647726,1005
2024-09-19 14:08:25.839000,417.63648102453504,98
2024-09-19 14:08:25.955000,417.6012807846178,7
2024-09-19 14:08:25.957000,417.6052016381351,105
2024-09-19 14:08:26.044000,417.57427975583937,105
2024-09-19 14:08:26.060000,417.5311813520487,12
2024-09-19 14:08:26.231000,417.6052296421943,12
2024-09-19 14:08:26.318000,417.59592146356766,1001
2024-09-19 14:08:26.371000,417.56171178201686,12
2024-09-19 14:08:26.481000,417.5421860695624,103
2024-09-19 14:08:26.737000,417.5966646425383,1005
2024-09-19 14:08:26.851000,417.6203051952494,98
2024-09-19 14:08:26.920000,417.613684443788,105
2024-09-19 14:08:26.963000,417.5203740851633,5
2024-09-19 14:08:26.988000,417.6106003183291,14
2024-09-19 14:08:28.013000,417.5225830667784,5
2024-09-19 14:08:28.116000,417.5483632538569,999
2024-09-19 14:08:28.139000,417.5317364660373,998
2024-09-19 14:08:28.158000,417.52284872487735,100
2024-09-19 14:08:28.166000,417.5534939874487,1002
2024-09-19 14:08:28.191000,417.5526993079436,10
2024-09-19 14:08:28.214000,417.5538734620056,13
2024-09-19 14:08:28.222000,417.5410620860692,95
2024-09-19 14:08:28.240000,417.545797066886,104
2024-09-19 14:08:28.261000,417.51995320644255,995
2024-09-19 14:08:28.270000,417.5703385680679,98
2024-09-19 14:08:28.320000,417.5523909117306,999
2024-09-19 14:08:28.389000,417.57084774274654,96
2024-09-19 14:08:28.479000,417.5452186661112,104
2024-09-19 14:08:28.485000,417.5491084418128,1000
2024-09-19 14:08:28.485000,417.5086739985109,999
2024-09-19 14:08:28.502000,417.5394549200327,102
2024-09-19 14:08:28.546000,417.52393952346426,6
2024-09-19 14:08:28.546000,417.565192508294,99
2024-09-19 14:08:28.644000,417.5572106198645,104
2024-09-19 14:08:28.688000,417.5328166359888,13
2024-09-19 14:08:28.718000,417.5192715887877,103
2024-09-19 14:08:28.759000,417.5440527105308,14
2024-09-19 14:08:28.780000,417.5319534850245,14
2024-09-19 14:08:28.808000,417.544816011076,104
2024-09-19 14:08:28.827000,417.5308184037988,104
2024-09-19 14:08:28.875000,417.53587133980767,97
2024-09-19 14:08:28.906000,417.5575330260546,100
2024-09-19 14:08:29.067000,417.52665706244255,105
2024-09-19 14:08:29.265000,417.5620522570004,102
2024-09-19 14:08:29.325000,417.53801913610215,103
2024-09-19 14:08:29.340000,417.5148198363081,999
2024-09-19 14:08:29.509000,417.5192673830872,102
2024-09-19 14:08:29.544000,417.54112177189455,997
2024-09-19 14:08:29.608000,417.5803443385048,1004
2024-09-19 14:08:29.628000,417.5595326998204,95
2024-09-19 14:08:29.781000,417.5630498242774,103
2024-09-19 14:08:29.887000,417.56035755856993,104
2024-09-19 14:08:29.892000,417.5562793474823,97
2024-09-19 14:08:29.935000,417.537139210817,99
2024-09-19 14:08:29.987000,417.556366504365,15
2024-09-19 14:08:30.080000,417.5712306341614,5
2024-09-19 14:08:30.091000,417.5565777381775,1002
2024-09-19 14:08:30.137000,417.5711077282312,101
2024-09-19 14:08:30.156000,417.5823432941282,99
2024-09-19 14:08:30.239000,417.58593476317776,102
2024-09-19 14:08:30.270000,417.58260413997226,997
2024-09-19 14:08:30.320000,417.5782167713835,7
2024-09-19 14:08:30.336000,417.5804392759303,997
2024-09-19 14:08:30.376000,417.5666754134741,99
2024-09-19 14:08:30.437000,417.5576701094798,1003
2024-09-19 14:08:30.458000,417.5547473219602,999
2024-09-19 14:08:30.464000,417.56900894255295,997
2024-09-19 14:08:30.613000,417.6001383297755,1005
2024-09-19 14:08:30.728000,417.5759147381335,8
2024-09-19 14:08:30.762000,417.5778113667519,8
2024-09-19 14:08:30.766000,417.5912000313881,99
2024-09-19 14:08:30.810000,417.5768832406201,1003
2024-09-19 14:08:30.838000,417.5726930967217,99
2024-09-19 14:08:30.878000,417.5970684519529,13
2024-09-19 14:08:30.909000,417.5820564916335,103
2024-09-19 14:08:30.972000,417.5848150664833,8
2024-09-19 14:08:31.020000,417.5248447431146,105
2024-09-19 14:08:31.154000,417.5387932788087,1005
2024-09-19 14:08:31.191000,417.5356207946756,13
2024-09-19 14:08:31.201000,417.5228832654189,996
2024-09-19 14:08:31.296000,417.5335459657573,99
2024-09-19 14:08:31.300000,417.57713425190656,995
2024-09-19 14:08:31.323000,417.5242204101533,998
2024-09-19 14:08:31.326000,417.5473950156119,11
2024-09-19 14:08:31.378000,417.5573648111686,1004
2024-09-19 14:08:31.389000,417.5665736538002,105
2024-09-19 14:08:31.396000,417.5597682734461,1004
2024-09-19 14:08:31.409000,417.5400116889476,12
2024-09-19 14:08:31.410000,417.56267861784056,100
2024-09-19 14:08:31.457000,417.56717964431095,998
2024-09-19 14:08:31.507000,417.5550711323689,14
2024-09-19 14:08:31.513000,417.55521999449314,15
2024-09-19 14:08:31.576000,417.5224176091229,1000
2024-09-19 14:08:31.580000,417.52502964664495,9
2024-09-19 14:08:31.597000,417.5454746246254,1003
2024-09-19 14:08:31.624000,417.5349460496291,995
2024-09-19 14:08:31.703000,417.58731599989954,95
2024-09-19 14:08:31.874000,417.5721710722974,1001
2024-09-19 14:08:31.892000,417.5808430013208,104
2024-09-19 14:08:31.915000,417.5695158715207,99
2024-09-19 14:08:31.973000,417.5231295796137,103
2024-09-19 14:08:32.078000,417.5271524646128,1004
2024-09-19 14:08:32.083000,417.5670931179808,96
2024-09-19 14:08:32.280000,417.5727954528253,10
2024-09-19 14:08:32.650000,417.5384627811131,1002
2024-09-19 14:08:33.071000,417.4622132001472,1004
2024-09-19 14:08:33.092000,417.4607683275583,999
2024-09-19 14:08:33.130000,417.4999978106826,96
2024-09-19 14:08:33.147000,417.42534852717375,105
2024-09-19 14:08:33.192000,417.4641669094168,996
2024-09-19 14:08:33.372000,417.5022337502472,1002
2024-09-19 14:08:33.406000,417.48365719996025,95
2024-09-19 14:08:33.472000,417.4964971721953,996
2024-09-19 14:08:33.561000,417.4648384590699,7
2024-09-19 14:08:33.582000,417.4810131171848,997
2024-09-19 14:08:33.587000,417.47440558224025,1005
2024-09-19 14:08:33.613000,417.4709709491987,999
2024-09-19 14:08:33.636000,417.4294467206769,1003
2024-09-19 14:08:33.648000,417.5173079167355,1002
2024-09-19 14:08:33.679000,417.4901614795685,1004
2024-09-19 14:08:33.710000,417.4325407810563,998
2024-09-19 14:08:33.717000,417.5000827397726,11
2024-09-19 14:08:33.793000,417.4342536077702,103
2024-09-19 14:08:33.864000,417.4233671806486,99
2024-09-19 14:08:33.886000,417.4583288489076,104
2024-09-19 14:08:35.144000,417.4519591556189,5
2024-09-19 14:08:35.167000,417.3819817236708,9
2024-09-19 14:08:35.205000,417.3733373595105,103
2024-09-19 14:08:35.287000,417.3704436746346,105
2024-09-19 14:08:35.310000,417.389062372218,95
2024-09-19 14:08:35.372000,417.4473133112819,6
2024-09-19 14:08:35.393000,417.4474035307084,8
2024-09-19 14:08:35.435000,417.369052635412,96
2024-09-19 14:08:35.583000,417.4041855491984,5
2024-09-19 14:08:35.590000,417.3637407821012,96
2024-09-19 14:08:35.775000,417.3927059282679,104
2024-09-19 14:08:35.787000,417.3678668564704,9
2024-09-19 14:08:35.905000,417.42769857122863,10
2024-09-19 14:08:35.918000,417.3638939973987,1000
2024-09-19 14:08:35.990000,417.3895022005326,996
2024-09-19 14:08:36.248000,417.33822515633966,102
2024-09-19 14:08:36.268000,417.3341852563304,998
2024-09-19 14:08:36.316000,417.3728012740513,104
2024-09-19 14:08:36.619000,417.3694584677945,99
2024-09-19 14:08:36.791000,417.32247809551313,96
2024-09-19 14:08:36.981000,417.32896720671664,15
2024-09-19 14:08:36.988000,417.3770986332,99
2024-09-19 14:08:37.034000,417.3504222886538,1000
2024-09-19 14:08:37.039000,417.33638345989766,995
2024-09-19 14:08:37.185000,417.30225578993145,1003
2024-09-19 14:08:37.208000,417.3574181797912,12
2024-09-19 14:08:37.221000,417.343466168357,9
2024-09-19 14:08:37.282000,417.3332112681509,6
2024-09-19 14:08:37.289000,417.34163742871095,1003
2024-09-19 14:08:37.420000,417.3550662455088,105
2024-09-19 14:08:37.458000,417.3252064988386,9
2024-09-19 14:08:37.476000,417.3298744345017,995
2024-09-19 14:08:37.542000,417.32158762269165,995
2024-09-19 14:08:37.711000,417.2967682107891,995
2024-09-19 14:08:37.753000,417.32236738852407,14
2024-09-19 14:08:37.828000,417.3613299219261,104
2024-09-19 14:08:37.920000,417.3204488694793,995
2024-09-19 14:08:37.926000,417.3404593561903,98
2024-09-19 14:08:37.933000,417.3056928554036,1000
2024-09-19 14:08:37.935000,417.3273626677456,1001
2024-09-19 14:08:37.948000,417.3603528991746,98
2024-09-19 14:08:37.976000,417.3258049178276,100
2024-09-19 14:08:37.980000,417.3495997993373,100
2024-09-19 14:08:38.008000,417.32114517173545,9
2024-09-19 14:08:38.039000,417.3291470782168,13
2024-09-19 14:08:38.052000,417.3379212722583,1001
2024-09-19 14:08:38.289000,417.32486863273454,98
2024-09-19 14:08:38.335000,417.3349021378891,999
2024-09-19 14:08:38.380000,417.343661281854,12
2024-09-19 14:08:38.701000,417.3214656537389,1002
2024-09-19 14:08:39.029000,417.2581643821438,13
2024-09-19 14:08:39.035000,417.3209509025718,14
2024-09-19 14:08:39.045000,417.34441670057606,998
2024-09-19 14:08:39.098000,417.3239491342001,1002
2024-09-19 14:08:39.116000,417.244978653818,101
2024-09-19 14:08:39.123000,417.286260034641,5
2024-09-19 14:08:39.132000,417.2547129783911,13
2024-09-19 14:08:39.155000,417.25133165979054,6
2024-09-19 14:08:39.182000,417.2522298005082,1005
2024-09-19 14:08:39.295000,417.24769836621135,1004
2024-09-19 14:08:39.304000,417.26954777964505,995
2024-09-19 14:08:39.332000,417.3531835106479,105
2024-09-19 14:08:39.385000,417.2395462026291,1002
2024-09-19 14:08:39.417000,417.2262306739629,11
2024-09-19 14:08:39.431000,417.24484872065307,99
2024-09-19 14:08:39.433000,417.3524823372776,1000
2024-09-19 14:08:39.442000,417.2469431702537,6
2024-09-19 14:08:39.527000,417.2856632052012,98
2024-09-19 14:08:39.570000,417.2582667820428,95
2024-09-19 14:08:39.582000,417.3118112398244,103
2024-09-19 14:08:39.594000,417.2053486943287,11
2024-09-19 14:08:39.629000,417.235870517726,7
2024-09-19 14:08:39.689000,417.3301443177336,995
2024-09-19 14:08:39.702000,417.23199239199965,1003
2024-09-19 14:08:39.781000,417.3591299602472,10
2024-09-19 14:08:39.786000,417.25928941435166,105
2024-09-19 14:08:39.815000,417.2936050227071,1000
2024-09-19 14:08:39.853000,417.2827966314413,97
2024-09-19 14:08:39.888000,417.1844507708992,105
2024-09-19 14:08:39.955000,417.2287309360536,998
2024-09-19 14:08:40.020000,417.3740666073848,14
2024-09-19 14:08:40.022000,417.3556287570484,12
2024-09-19 14:08:40.037000,417.2797734779175,103
2024-09-19 14:08:40.083000,417.33004869589377,1004
2024-09-19 14:08:40.145000,417.2595893226844,101
2024-09-19 14:08:40.295000,417.3376219424797,999
2024-09-19 14:08:40.373000,417.2441085969626,14
2024-09-19 14:08:40.402000,417.3246318896149,101
2024-09-19 14:08:40.417000,417.4002297977323,1005
2024-09-19 14:08:40.452000,417.37373286298686,1005
2024-09-19 14:08:40.481000,417.2413632373636,8
2024-09-19 14:08:40.494000,417.34429980411454,6
2024-09-19 14:08:40.501000,417.25766076673625,97
2024-09-19 14:08:40.554000,417.238554136576,12
2024-09-19 14:08:40.570000,417.2701485945244,6
2024-09-19 14:08:40.575000,417.3420360710599,98
2024-09-19 14:08:40.596000,417.3491782655212,997
2024-09-19 14:08:40.630000,417.2286297944532,1003
2024-09-19 14:08:40.640000,417.2654320625941,103
2024-09-19 14:08:40.667000,417.3726768708507,14
2024-09-19 14:08:40.679000,417.2529468620044,99
2024-09-19 14:08:40.684000,417.2606697080033,999
2024-09-19 14:08:40.688000,417.1877480219171,1000
2024-09-19 14:08:40.722000,417.3355474994676,103
2024-09-19 14:08:40.807000,417.4165945382144,996
2024-09-19 14:08:40.925000,417.21253673842006,999
2024-09-19 14:08:40.978000,417.1957184790781,95
2024-09-19 14:08:40.984000,417.3413014021918,104
2024-09-19 14:08:41.050000,417.4103296063098,12
2024-09-19 14:08:41.068000,417.42478776180366,12
2024-09-19 14:08:41.072000,417.4488995558944,102
2024-09-19 14:08:41.090000,417.4489712038091,15
2024-09-19 14:08:41.123000,417.4399761483565,9
2024-09-19 14:08:41.141000,417.4017251637524,997
2024-09-19 14:08:41.159000,417.4559831341851,13
2024-09-19 14:08:41.181000,417.4270960774702,103
2024-09-19 14:08:41.223000,417.4008924565429,1005
2024-09-19 14:08:41.238000,417.4435272234072,7
2024-09-19 14:08:41.348000,417.4073487177503,99
2024-09-19 14:08:41.348000,417.4453061001784,10
2024-09-19 14:08:41.408000,417.4405520592732,997
2024-09-19 14:08:41.583000,417.44803465917136,1002
2024-09-19 14:08:41.597000,417.4519584504918,13
2024-09-19 14:08:41.625000,417.4311604186235,11
2024-09-19 14:08:41.650000,417.4507527535672,11
2024-09-19 14:08:41.756000,417.4222219825551,103
2024-09-19 14:08:41.769000,417.4248083821976,15
2024-09-19 14:08:41.848000,417.42050911585096,8
2024-09-19 14:08:41.862000,417.4546018998362,997
2024-09-19 14:08:42.012000,417.35205441332704,6
2024-09-19 14:08:42.044000,417.3176854077284,102
2024-09-19 14:08:42.168000,417.350131293018,11
2024-09-19 14:08:42.171000,417.3366419156925,96
2024-09-19 14:08:42.225000,417.3305643543608,101
2024-09-19 14:08:42.258000,417.3348859349983,996
2024-09-19 14:08:42.288000,417.38217089289617,5
2024-09-19 14:08:42.331000,417.3512130488888,96
2024-09-19 14:08:42.342000,417.40895568517504,12
2024-09-19 14:08:42.385000,417.41761026600017,10
2024-09-19 14:08:42.405000,417.3984949004624,997
2024-09-19 14:08:42.431000,417.41239713143113,14
2024-09-19 14:08:42.442000,417.36090914999664,98
2024-09-19 14:08:42.461000,417.32269372206514,103
2024-09-19 14:08:42.572000,417.3317056291504,95
2024-09-19 14:08:42.597000,417.4264503482935,101
2024-09-19 14:08:42.655000,417.33270926855874,102
2024-09-19 14:08:42.770000,417.32819258983307,998
2024-09-19 14:08:42.881000,417.3517999452292,103
2024-09-19 14:08:42.930000,417.3946574507052,995
2024-09-19 14:08:42.977000,417.4003816355096,12
2024-09-19 14:08:43.037000,417.3400010731437,11
2024-09-19 14:08:43.043000,417.3305717953172,95
2024-09-19 14:08:43.122000,417.3470523821762,7
2024-09-19 14:08:43.195000,417.3083621720229,1004
2024-09-19 14:08:43.206000,417.3233529351464,998
2024-09-19 14:08:43.209000,417.31085931869865,98
2024-09-19 14:08:43.245000,417.3075400799418,7
2024-09-19 14:08:43.260000,417.2947056488866,8
2024-09-19 14:08:43.306000,417.3239009476829,97
2024-09-19 14:08:43.347000,417.3568482868269,105
2024-09-19 14:08:43.512000,417.3442926023431,998
2024-09-19 14:08:43.601000,417.3084911248,995
2024-09-19 14:08:43.658000,417.3323682255352,13
2024-09-19 14:08:43.703000,417.306466074309,13
2024-09-19 14:08:43.705000,417.3092653600689,99
2024-09-19 14:08:43.718000,417.3216537063398,103
2024-09-19 14:08:43.737000,417.3454697322111,99
2024-09-19 14:08:43.806000,417.30206184438464,997
2024-09-19 14:08:43.852000,417.3352013383978,95
2024-09-19 14:08:43.915000,417.29575429850735,1005
2024-09-19 14:08:43.917000,417.33340784566366,8
2024-09-19 14:08:43.963000,417.35358761070415,105
2024-09-19 14:08:43.966000,417.30208141358617,95
2024-09-19 14:08:43.975000,417.34130075815966,13
2024-09-19 14:08:43.990000,417.3293097311612,999
2024-09-19 14:08:44.063000,417.3491047944767,1001
2024-09-19 14:08:44.093000,417.3245171228381,10
2024-09-19 14:08:44.331000,417.3339103349298,12
2024-09-19 14:08:44.419000,417.3456468470157,1003
2024-09-19 14:08:44.476000,417.3459968964638,997
2024-09-19 14:08:44.493000,417.3572979664368,97
2024-09-19 14:08:44.653000,417.3431041271523,97
2024-09-19 14:08:44.662000,417.3692956614762,996
2024-09-19 14:08:44.680000,417.36529572660015,5
2024-09-19 14:08:44.862000,417.33583643112,7
2024-09-19 14:08:44.864000,417.3567023167621,13
2024-09-19 14:08:44.916000,417.3244265294696,15
2024-09-19 14:08:44.936000,417.3332591310471,999
2024-09-19 14:08:44.939000,417.3408713861738,100
2024-09-19 14:08:45.065000,417.4132487377493,999
2024-09-19 14:08:45.089000,417.39523829257377,104
2024-09-19 14:08:45.178000,417.4004592797531,1002
2024-09-19 14:08:45.190000,417.37890572614447,104
2024-09-19 14:08:45.224000,417.33161523566,8
2024-09-19 14:08:45.242000,417.34363798479393,97
2024-09-19 14:08:45.323000,417.339315854553,95
2024-09-19 14:08:45.357000,417.3325857994902,1001
2024-09-19 14:08:45.445000,417.3913427156698,1003
2024-09-19 14:08:45.456000,417.3728456330671,102
2024-09-19 14:08:45.473000,417.3482417366421,102
2024-09-19 14:08:45.479000,417.3972003319346,95
2024-09-19 14:08:45.530000,417.3940787671448,1003
2024-09-19 14:08:45.675000,417.4033113424659,997
2024-09-19 14:08:45.675000,417.3911446141053,100
2024-09-19 14:08:45.736000,417.3857123649839,13
2024-09-19 14:08:45.749000,417.3916749933353,997
2024-09-19 14:08:45.761000,417.4214038129937,97
2024-09-19 14:08:45.867000,417.3589450398587,1004
2024-09-19 14:08:45.871000,417.41859515189054,10
2024-09-19 14:08:45.951000,417.4015834143956,9
2024-09-19 14:08:45.986000,417.33636410761926,9
2024-09-19 14:08:46.059000,417.40789560934303,998
2024-09-19 14:08:46.134000,417.39780021436303,1001
2024-09-19 14:08:46.140000,417.4413699681977,998
2024-09-19 14:08:46.184000,417.3964313972161,996
2024-09-19 14:08:46.186000,417.3926437720916,6
2024-09-19 14:08:46.285000,417.4367011768328,996
2024-09-19 14:08:46.440000,417.3986071040815,100
2024-09-19 14:08:46.461000,417.3926037888392,99
2024-09-19 14:08:46.549000,417.41875313147335,8
2024-09-19 14:08:46.759000,417.3848502572885,9
2024-09-19 14:08:46.801000,417.4027260233908,1002
2024-09-19 14:08:47.188000,417.452151074888,5
2024-09-19 14:08:47.207000,417.4533743484843,1002
2024-09-19 14:08:47.324000,417.4256815387449,5
2024-09-19 14:08:47.420000,417.45733971590937,997
2024-09-19 14:08:47.451000,417.4421762290632,10
2024-09-19 14:08:47.476000,417.4431576046923,14
2024-09-19 14:08:47.481000,417.4311410173533,10
2024-09-19 14:08:47.501000,417.44338595318936,15
2024-09-19 14:08:47.506000,417.418450342216,1001
2024-09-19 14:08:47.605000,417.4393373804161,1000
2024-09-19 14:08:47.758000,417.4430421240041,998
2024-09-19 14:08:47.804000,417.42538921689,11
2024-09-19 14:08:47.814000,417.4352834492316,105
2024-09-19 14:08:47.918000,417.43247640523134,996
2024-09-19 14:08:48.086000,417.43114650822514,95
2024-09-19 14:08:48.143000,417.4584860160039,1004
2024-09-19 14:08:48.193000,417.4220157986754,995
2024-09-19 14:08:48.337000,417.48648427168655,997
2024-09-19 14:08:48.432000,417.484513700221,998
2024-09-19 14:08:48.533000,417.4572855796957,97
2024-09-19 14:08:48.626000,417.4609070845056,998
2024-09-19 14:08:48.657000,417.4721788322189,14
2024-09-19 14:08:48.689000,417.4760606812032,1005
2024-09-19 14:08:48.695000,417.4510068246943,6
2024-09-19 14:08:48.723000,417.49250511658965,6
2024-09-19 14:08:48.738000,417.4443170391615,104
2024-09-19 14:08:48.776000,417.43309897506055,1004
2024-09-19 14:08:48.824000,417.4732845865855,12
2024-09-19 14:08:48.869000,417.4742068107794,99
2024-09-19 14:08:48.892000,417.460167352816,8
2024-09-19 14:08:48.899000,417.4328836111482,103
2024-09-19 14:08:49.668000,417.48927116905145,103
2024-09-19 14:08:49.960000,417.4894998517983,1005
2024-09-19 14:08:50.146000,417.4791746317062,1003
2024-09-19 14:08:50.164000,417.50474273647694,97
2024-09-19 14:08:50.199000,417.4874404321926,99
2024-09-19 14:08:50.211000,417.4677050903693,7
2024-09-19 14:08:50.262000,417.50794162686014,102
2024-09-19 14:08:50.271000,417.4454901812366,13
2024-09-19 14:08:50.281000,417.4652006084942,99
2024-09-19 14:08:50.318000,417.49909428312975,96
2024-09-19 14:08:50.381000,417.49283669786655,995
2024-09-19 14:08:50.386000,417.4561234902969,104
2024-09-19 14:08:50.411000,417.4836782457353,11
2024-09-19 14:08:50.416000,417.445074575221,1003
2024-09-19 14:08:50.444000,417.4737183461405,9
2024-09-19 14:08:50.559000,417.46291297492655,12
2024-09-19 14:08:50.562000,417.4574422401768,97
2024-09-19 14:08:50.605000,417.4815681406719,8
2024-09-19 14:08:50.610000,417.5119532375191,8
2024-09-19 14:08:50.668000,417.4746112330073,102
2024-09-19 14:08:50.693000,417.47023422337935,1003
2024-09-19 14:08:50.779000,417.5210497687942,12
2024-09-19 14:08:50.833000,417.5093074541263,102
2024-09-19 14:08:50.869000,417.5044770893564,995
2024-09-19 14:08:50.894000,417.4603362695437,12
2024-09-19 14:08:50.932000,417.5027143016544,98
2024-09-19 14:08:50.949000,417.5206896855683,105
2024-09-19 14:08:50.981000,417.4740897334133,103
2024-09-19 14:08:50.997000,417.5101074379711,7
2024-09-19 14:08:51.029000,417.51415641295125,1002
2024-09-19 14:08:51.078000,417.6077280066373,11
2024-09-19 14:08:51.099000,417.628153565198,102
2024-09-19 14:08:51.106000,417.6470578764827,105
2024-09-19 14:08:51.124000,417.63151444184666,95
2024-09-19 14:08:51.134000,417.5102267839601,99
2024-09-19 14:08:51.200000,417.5753093071958,105
2024-09-19 14:08:51.263000,417.66873702543455,102
2024-09-19 14:08:51.264000,417.5724823685133,102
2024-09-19 14:08:51.379000,417.6485687143312,101
2024-09-19 14:08:51.450000,417.6140921640126,5
2024-09-19 14:08:51.568000,417.6236252796701,97
2024-09-19 14:08:51.654000,417.576609877972,11
2024-09-19 14:08:51.684000,417.5969692221261,10
2024-09-19 14:08:51.737000,417.5795420407749,5
2024-09-19 14:08:51.748000,417.6562370321466,996
2024-09-19 14:08:51.808000,417.5100561920301,1001
2024-09-19 14:08:51.825000,417.4870183496012,13
2024-09-19 14:08:51.833000,417.52497116258434,1003
2024-09-19 14:08:51.842000,417.5018927440887,9
2024-09-19 14:08:51.860000,417.4984756264101,105
2024-09-19 14:08:51.861000,417.6497832835897,998
2024-09-19 14:08:51.882000,417.6823550701387,995
2024-09-19 14:08:51.894000,417.62403334858783,97
2024-09-19 14:08:51.900000,417.66354983502896,997
2024-09-19 14:08:51.934000,417.6367504821741,97
2024-09-19 14:08:51.968000,417.5532628332786,999
2024-09-19 14:08:51.974000,417.6276895111625,13
2024-09-19 14:08:52.372000,417.6383413968905,999
2024-09-19 14:08:52.624000,417.6255155163732,1005
2024-09-19 14:08:52.745000,417.6408674639566,1003
2024-09-19 14:08:53.117000,417.6265790351585,9
2024-09-19 14:08:53.134000,417.60928756045473,997
2024-09-19 14:08:53.204000,417.61433792290944,6
2024-09-19 14:08:53.260000,417.6187116449768,1001
2024-09-19 14:08:53.652000,417.6306732829421,104
2024-09-19 14:08:53.654000,417.6227308214078,995
2024-09-19 14:08:53.706000,417.5986417563145,1003
2024-09-19 14:08:53.834000,417.6579239560362,12
2024-09-19 14:08:53.868000,417.6490604102613,98
2024-09-19 14:08:53.960000,417.6532337995966,101
2024-09-19 14:08:53.963000,417.6274690975497,105
2024-09-19 14:08:53.966000,417.64704407149935,15
2024-09-19 14:08:53.976000,417.650818531625,1004
2024-09-19 14:08:54.027000,417.5869003447323,1005
2024-09-19 14:08:54.081000,417.6219162430911,103
2024-09-19 14:08:54.263000,417.6407631835195,102
2024-09-19 14:08:54.487000,417.58813298139336,102
2024-09-19 14:08:54.549000,417.6336156772017,104
2024-09-19 14:08:54.549000,417.5954879156546,99
2024-09-19 14:08:54.561000,417.61967761915,105
2024-09-19 14:08:54.575000,417.5971707159284,14
2024-09-19 14:08:54.803000,417.6470401034118,10
2024-09-19 14:08:54.885000,417.6297669881215,9
2024-09-19 14:08:54.927000,417.64335577903614,10
2024-09-19 14:08:54.984000,417.6483242786345,98
2024-09-19 14:08:56.019000,417.5839854894682,11
2024-09-19 14:08:56.047000,417.5859949219633,96
2024-09-19 14:08:56.054000,417.60509738975054,97
2024-09-19 14:08:56.086000,417.6032264448127,14
2024-09-19 14:08:56.094000,417.5740868198227,997
2024-09-19 14:08:56.133000,417.55398118121695,95
2024-09-19 14:08:56.185000,417.5899560162024,15
2024-09-19 14:08:56.287000,417.5955079638538,95
2024-09-19 14:08:56.307000,417.575962282715,996
2024-09-19 14:08:56.355000,417.5809979227632,1004
2024-09-19 14:08:56.360000,417.5712868244867,999
2024-09-19 14:08:56.414000,417.6048259774864,104
2024-09-19 14:08:56.498000,417.552733984236,7
2024-09-19 14:08:56.573000,417.5470515776535,997
2024-09-19 14:08:56.574000,417.5763199949384,96
2024-09-19 14:08:56.646000,417.5767028157983,102
2024-09-19 14:08:56.660000,417.610381506366,10
2024-09-19 14:08:56.673000,417.6012506194322,12
2024-09-19 14:08:56.682000,417.5797876492729,996
2024-09-19 14:08:56.690000,417.58030005932096,997
2024-09-19 14:08:56.709000,417.611474645264,101
2024-09-19 14:08:56.911000,417.57872130949033,12
2024-09-19 14:08:56.950000,417.5907648317627,12
2024-09-19 14:08:57.018000,417.5958068088542,999
2024-09-19 14:08:57.057000,417.625493232716,6
2024-09-19 14:08:57.068000,417.63453696273046,1004
2024-09-19 14:08:57.094000,417.6842932719484,12
2024-09-19 14:08:57.105000,417.6303589414493,103
2024-09-19 14:08:57.147000,417.62280395932896,1004
2024-09-19 14:08:57.154000,417.5956004688374,9
2024-09-19 14:08:57.192000,417.6674567180025,1002
2024-09-19 14:08:57.352000,417.6269117081645,12
2024-09-19 14:08:57.437000,417.6774705576674,99
2024-09-19 14:08:57.468000,417.6516694464232,996
2024-09-19 14:08:57.497000,417.66091564241657,102
2024-09-19 14:08:57.532000,417.6728401103943,97
2024-09-19 14:08:57.661000,417.6827942614998,15
2024-09-19 14:08:57.701000,417.6012644642494,96
2024-09-19 14:08:57.757000,417.6198807983171,105
2024-09-19 14:08:57.784000,417.58750185828086,97
2024-09-19 14:08:57.788000,417.6701075722132,998
2024-09-19 14:08:57.856000,417.6041240720453,7
2024-09-19 14:08:57.862000,417.6614885051648,98
2024-09-19 14:08:57.899000,417.68068692859697,98
2024-09-19 14:08:57.925000,417.60434004471546,96
2024-09-19 14:08:57.976000,417.6526450675979,100
2024-09-19 14:08:58.054000,417.6460556409865,999
2024-09-19 14:08:58.143000,417.64317317230586,9
2024-09-19 14:08:58.285000,417.6471039492768,1000
2024-09-19 14:08:58.315000,417.6392217004028,8
2024-09-19 14:08:58.392000,417.6844934391689,1000
2024-09-19 14:08:58.435000,417.6771290366235,1003
2024-09-19 14:08:58.489000,417.6277734247027,101
2024-09-19 14:08:58.654000,417.6245398381572,1001
2024-09-19 14:08:58.687000,417.6791586880939,97
2024-09-19 14:08:58.695000,417.6319025971157,7
2024-09-19 14:08:58.697000,417.6549942038692,96
2024-09-19 14:08:58.757000,417.6616274071929,96
2024-09-19 14:08:58.766000,417.6263162330016,997
2024-09-19 14:08:58.817000,417.6481382542335,97
2024-09-19 14:08:58.833000,417.6513285452278,8
2024-09-19 14:08:58.848000,417.6381494728954,11
2024-09-19 14:08:58.861000,417.6600759779421,999
2024-09-19 14:08:58.866000,417.6727482808694,105
2024-09-19 14:08:58.925000,417.6739374762024,9
2024-09-19 14:08:59.018000,417.63339697329167,95
2024-09-19 14:08:59.033000,417.56904373400215,99
2024-09-19 14:08:59.078000,417.5786713824208,998
2024-09-19 14:08:59.179000,417.58829136896594,12
2024-09-19 14:08:59.207000,417.58241538561055,103
2024-09-19 14:08:59.215000,417.62775128459816,997
2024-09-19 14:08:59.277000,417.5776790053416,105
2024-09-19 14:08:59.295000,417.5719251466344,99
2024-09-19 14:08:59.441000,417.5900810606786,95
2024-09-19 14:08:59.484000,417.5800542161333,13
2024-09-19 14:08:59.655000,417.5862018683512,1002
2024-09-19 14:08:59.686000,417.6443807217234,13
2024-09-19 14:08:59.744000,417.6116088687934,1003
2024-09-19 14:08:59.937000,417.5892854843038,8
