Timestamp,Price,Size
2024-09-18 15:06:00.020000,415.41727278748345,998
2024-09-18 15:06:00.086000,415.40681536698617,98
2024-09-18 15:06:00.276000,415.4010319790101,8
2024-09-18 15:06:00.369000,415.38661989033056,1002
2024-09-18 15:06:00.407000,415.41010313167294,14
2024-09-18 15:06:00.428000,415.3928926017807,98
2024-09-18 15:06:00.444000,415.4017607763576,14
2024-09-18 15:06:00.465000,415.4193264762785,100
2024-09-18 15:06:00.532000,415.38474629185725,9
2024-09-18 15:06:00.577000,415.3924771750852,6
2024-09-18 15:06:00.734000,415.4349270683676,9
2024-09-18 15:06:00.902000,415.3828017207625,97
2024-09-18 15:06:00.911000,407.6509110531829,999
2024-09-18 15:06:00.960000,415.4002012875039,6
2024-09-18 15:06:00.999000,415.4045677463092,1000
2024-09-18 15:06:01.119000,415.4444900096327,98
2024-09-18 15:06:01.160000,415.40874733106193,999
2024-09-18 15:06:01.199000,415.4498985698378,8
2024-09-18 15:06:01.217000,415.3984017717796,9
2024-09-18 15:06:01.288000,415.4219589397911,997
2024-09-18 15:06:01.293000,415.4457182456878,103
2024-09-18 15:06:01.389000,415.4110888789958,999
2024-09-18 15:06:01.475000,415.4099394525052,8
2024-09-18 15:06:01.532000,415.4078842650432,997
2024-09-18 15:06:01.546000,415.4312881515438,9
2024-09-18 15:06:01.555000,415.4232481790631,9
2024-09-18 15:06:01.561000,415.4311620272439,5
2024-09-18 15:06:01.562000,415.44109484480254,13
2024-09-18 15:06:01.566000,415.43404693787954,1004
2024-09-18 15:06:01.590000,415.43823657713386,15
2024-09-18 15:06:01.708000,415.4061164503803,11
2024-09-18 15:06:01.771000,415.417857420526,10
2024-09-18 15:06:01.879000,415.4490949255799,1004
2024-09-18 15:06:02.329000,415.42545947835066,996
2024-09-18 15:06:02.414000,415.4243367549467,95
2024-09-18 15:06:02.424000,415.3906845156903,996
2024-09-18 15:06:02.464000,415.4382046647126,11
2024-09-18 15:06:02.472000,415.4417482233205,1000
2024-09-18 15:06:02.580000,415.4441127541263,995
2024-09-18 15:06:02.784000,415.4412911120864,98
2024-09-18 15:06:03.201000,415.3830388704631,9
2024-09-18 15:06:03.301000,415.403686110464,97
2024-09-18 15:06:03.486000,415.37045490678094,998
2024-09-18 15:06:03.538000,415.3776555964665,11
2024-09-18 15:06:03.587000,415.39156933983713,8
2024-09-18 15:06:03.598000,415.3762882008188,5
2024-09-18 15:06:03.749000,415.395577571266,105
2024-09-18 15:06:03.750000,415.37916475648257,98
2024-09-18 15:06:03.804000,415.3745339943309,15
2024-09-18 15:06:03.955000,415.38765115842176,999
2024-09-18 15:06:04.945000,415.37703774113646,103
2024-09-18 15:06:05.041000,415.3540591205254,6
2024-09-18 15:06:05.158000,415.3879517361414,99
2024-09-18 15:06:05.163000,415.4055110730796,9
2024-09-18 15:06:05.190000,415.3824676131661,97
2024-09-18 15:06:05.205000,415.4247230810354,1001
2024-09-18 15:06:05.245000,415.4056181775514,101
2024-09-18 15:06:05.253000,415.37525067287817,99
2024-09-18 15:06:05.283000,415.3688266736781,105
2024-09-18 15:06:05.294000,415.370983100198,104
2024-09-18 15:06:05.341000,415.38905612091673,101
2024-09-18 15:06:05.369000,415.3941768964925,6
2024-09-18 15:06:05.404000,415.3769741281527,1002
2024-09-18 15:06:05.429000,415.3768645765583,101
2024-09-18 15:06:05.466000,415.3713740931084,998
2024-09-18 15:06:05.512000,415.4291236430793,7
2024-09-18 15:06:05.519000,415.409146711004,13
2024-09-18 15:06:05.533000,415.3671645363864,14
2024-09-18 15:06:05.576000,415.41009798066864,97
2024-09-18 15:06:05.678000,415.3954119597959,102
2024-09-18 15:06:05.788000,415.3945053958156,5
2024-09-18 15:06:05.824000,415.3984464269132,1005
2024-09-18 15:06:05.851000,415.3704591504743,95
2024-09-18 15:06:05.855000,415.40953520228805,15
2024-09-18 15:06:05.870000,415.3785549652764,998
2024-09-18 15:06:05.872000,415.3934180018924,7
2024-09-18 15:06:05.922000,415.38460868882754,102
2024-09-18 15:06:05.954000,415.3657693796161,1005
2024-09-18 15:06:05.972000,415.3893911018064,6
2024-09-18 15:06:05.973000,415.3646738356681,996
2024-09-18 15:06:05.995000,415.3882144834165,98
2024-09-18 15:06:06.013000,415.4614122641491,7
2024-09-18 15:06:06.039000,415.4279862871739,996
2024-09-18 15:06:06.046000,415.3959036275182,7
2024-09-18 15:06:06.272000,415.46355575031606,14
2024-09-18 15:06:06.285000,415.38594693515233,997
2024-09-18 15:06:06.324000,415.36588719953113,6
2024-09-18 15:06:06.437000,415.40215584530176,103
2024-09-18 15:06:06.454000,415.4487187631596,11
2024-09-18 15:06:06.464000,415.3867470545808,5
2024-09-18 15:06:06.509000,415.3868162642253,8
2024-09-18 15:06:06.575000,415.47495849249714,104
2024-09-18 15:06:06.623000,415.445334241528,8
2024-09-18 15:06:06.675000,415.4200465047168,104
2024-09-18 15:06:06.729000,415.3999556353215,1005
2024-09-18 15:06:06.764000,415.4303419925417,6
2024-09-18 15:06:06.881000,415.4345789937746,1001
2024-09-18 15:06:06.919000,415.4063181414604,995
2024-09-18 15:06:06.976000,415.4044937557702,101
2024-09-18 15:06:07.034000,415.4248237680708,995
2024-09-18 15:06:07.069000,415.4177396942573,102
2024-09-18 15:06:07.075000,415.4464818522021,95
2024-09-18 15:06:07.080000,415.435913488429,999
2024-09-18 15:06:07.088000,415.4049292685501,5
2024-09-18 15:06:07.124000,415.4260487337161,995
2024-09-18 15:06:07.216000,415.4594021351136,14
2024-09-18 15:06:07.219000,415.44743575166257,14
2024-09-18 15:06:07.224000,415.4413205079082,97
2024-09-18 15:06:07.232000,415.4411702563205,9
2024-09-18 15:06:07.321000,415.4296048015722,97
2024-09-18 15:06:07.376000,415.46512221991134,9
2024-09-18 15:06:07.380000,415.4592276082408,98
2024-09-18 15:06:07.380000,415.4739015288946,98
2024-09-18 15:06:07.408000,415.449995657349,11
2024-09-18 15:06:07.420000,415.4535952657738,1003
2024-09-18 15:06:07.425000,415.4371002692173,14
2024-09-18 15:06:07.487000,415.4378728426185,997
2024-09-18 15:06:07.524000,415.443386376523,104
2024-09-18 15:06:07.568000,415.4170346022783,1000
2024-09-18 15:06:07.571000,415.43543718098607,1003
2024-09-18 15:06:07.648000,415.44207991194,1002
2024-09-18 15:06:07.734000,415.4497922607574,8
2024-09-18 15:06:07.828000,415.46206722447386,95
2024-09-18 15:06:07.875000,415.4501230136143,6
2024-09-18 15:06:07.890000,415.45871136918896,7
2024-09-18 15:06:07.934000,415.4395979344444,1001
2024-09-18 15:06:08.299000,415.49429444622166,11
2024-09-18 15:06:09.030000,415.5327282097185,998
2024-09-18 15:06:09.040000,415.5239546757313,9
2024-09-18 15:06:09.113000,415.5158825476025,99
2024-09-18 15:06:09.185000,415.5214681060478,996
2024-09-18 15:06:09.640000,415.5053109632522,7
2024-09-18 15:06:09.709000,415.5201250563613,97
2024-09-18 15:06:09.740000,415.5079332045215,97
2024-09-18 15:06:09.761000,415.53779466675314,1001
2024-09-18 15:06:09.914000,415.52573578089874,15
2024-09-18 15:06:10.117000,415.42111304015725,9
2024-09-18 15:06:10.171000,415.5136939912667,1005
2024-09-18 15:06:10.252000,415.4258345238694,99
2024-09-18 15:06:10.302000,415.4218809087862,12
2024-09-18 15:06:10.313000,415.4357604681696,9
2024-09-18 15:06:10.361000,415.4434101261694,103
2024-09-18 15:06:10.407000,415.4357013198755,13
2024-09-18 15:06:10.424000,415.5044787536883,99
2024-09-18 15:06:10.502000,415.4249656541097,998
2024-09-18 15:06:10.533000,415.4509565913995,14
2024-09-18 15:06:10.566000,415.4368337536934,100
2024-09-18 15:06:10.642000,415.49447059736445,105
2024-09-18 15:06:10.683000,415.5170244118162,12
2024-09-18 15:06:10.704000,415.4682342787452,8
2024-09-18 15:06:10.750000,415.505384651729,996
2024-09-18 15:06:10.776000,415.4281693613818,6
2024-09-18 15:06:10.835000,415.4438146312808,1003
2024-09-18 15:06:10.859000,415.4715237738656,100
2024-09-18 15:06:10.910000,415.4877680934696,1001
2024-09-18 15:06:11.110000,415.4239479183297,8
2024-09-18 15:06:11.119000,415.4407960101001,14
2024-09-18 15:06:11.125000,415.4548865059477,995
2024-09-18 15:06:11.156000,415.4286135891116,6
2024-09-18 15:06:11.225000,415.4130445818705,15
2024-09-18 15:06:11.228000,415.4544765192324,100
2024-09-18 15:06:11.243000,415.4606492763635,95
2024-09-18 15:06:11.292000,415.45002040466153,97
2024-09-18 15:06:11.319000,415.4382051902266,1001
2024-09-18 15:06:11.407000,415.42672717952746,1003
2024-09-18 15:06:11.435000,415.4203834529013,9
2024-09-18 15:06:11.450000,415.44494880384326,1005
2024-09-18 15:06:11.473000,415.4228037306961,1003
2024-09-18 15:06:11.552000,415.4505922214808,999
2024-09-18 15:06:11.603000,415.4353150355393,995
2024-09-18 15:06:11.619000,415.43472047891385,10
2024-09-18 15:06:11.638000,415.4600874609246,96
2024-09-18 15:06:11.657000,415.4782599161499,1002
2024-09-18 15:06:11.677000,415.43024707179137,95
2024-09-18 15:06:11.732000,415.436868949571,1002
2024-09-18 15:06:11.772000,415.46175849935486,101
2024-09-18 15:06:11.801000,415.4315919545282,5
2024-09-18 15:06:11.825000,415.45103689656975,14
2024-09-18 15:06:11.899000,415.43413579915057,7
2024-09-18 15:06:11.937000,415.4364912826497,98
2024-09-18 15:06:11.955000,415.4407316405523,1004
2024-09-18 15:06:11.990000,415.41242951538686,13
2024-09-18 15:06:12.050000,415.4265181292236,10
2024-09-18 15:06:12.128000,415.4526080613604,1004
2024-09-18 15:06:12.191000,415.42561479454616,5
2024-09-18 15:06:12.255000,415.4612209958004,6
2024-09-18 15:06:12.318000,415.34430935293057,1000
2024-09-18 15:06:12.336000,415.4630777295432,14
2024-09-18 15:06:12.457000,415.4476796118234,7
2024-09-18 15:06:12.539000,415.350180638981,7
2024-09-18 15:06:12.547000,415.43374817768296,15
2024-09-18 15:06:12.625000,415.37441773232297,1003
2024-09-18 15:06:12.734000,415.37467155036137,997
2024-09-18 15:06:12.750000,415.37234434455615,1004
2024-09-18 15:06:12.883000,415.36364940426336,8
2024-09-18 15:06:12.927000,415.42896136550456,96
2024-09-18 15:06:12.931000,415.3992663267642,8
2024-09-18 15:06:12.941000,415.35170915084166,9
2024-09-18 15:06:13.028000,415.30151546486655,10
2024-09-18 15:06:13.042000,415.30600152938285,999
2024-09-18 15:06:13.083000,415.3336541611569,1001
2024-09-18 15:06:13.160000,415.37743284488135,7
2024-09-18 15:06:13.167000,415.3342764457162,1005
2024-09-18 15:06:13.224000,415.34807611199295,15
2024-09-18 15:06:13.330000,415.3147315699316,1005
2024-09-18 15:06:13.348000,415.3247422497807,105
2024-09-18 15:06:13.365000,415.37680794747,8
2024-09-18 15:06:13.387000,415.33899697093074,11
2024-09-18 15:06:13.393000,415.35015415929024,105
2024-09-18 15:06:13.398000,415.3689064940278,1005
2024-09-18 15:06:13.413000,415.37319581750046,7
2024-09-18 15:06:13.422000,415.3612535006418,1003
2024-09-18 15:06:13.512000,415.3320255182765,14
2024-09-18 15:06:13.541000,415.3643918040769,998
2024-09-18 15:06:13.570000,415.3397532207804,14
2024-09-18 15:06:13.600000,415.32323968950766,995
2024-09-18 15:06:13.728000,415.3409295782801,96
2024-09-18 15:06:13.737000,415.353235678138,104
2024-09-18 15:06:13.824000,415.3262865524038,15
2024-09-18 15:06:13.844000,415.31817293716136,6
2024-09-18 15:06:13.881000,415.3545782454543,1001
2024-09-18 15:06:13.889000,415.3490135327438,999
2024-09-18 15:06:13.919000,415.3507653986248,1004
2024-09-18 15:06:13.990000,415.3503542204957,97
2024-09-18 15:06:14.080000,415.3117552782857,104
2024-09-18 15:06:14.233000,415.2932085609583,13
2024-09-18 15:06:14.325000,415.30006436007096,999
2024-09-18 15:06:14.368000,415.3314766497747,104
2024-09-18 15:06:14.404000,415.31455116459045,8
2024-09-18 15:06:14.489000,407.6239438682063,999
2024-09-18 15:06:14.510000,415.3089168721394,6
2024-09-18 15:06:14.577000,415.3294340877728,99
2024-09-18 15:06:14.900000,415.2888034662454,98
2024-09-18 15:06:14.905000,415.30025281735,104
2024-09-18 15:06:15.012000,415.300617526054,999
2024-09-18 15:06:15.605000,415.3151099858612,996
2024-09-18 15:06:15.927000,415.3008880085424,1003
2024-09-18 15:06:15.944000,415.3133255841024,10
2024-09-18 15:06:16.634000,415.3319092785992,101
2024-09-18 15:06:16.680000,415.32691897966623,97
2024-09-18 15:06:17.036000,415.32618870606746,1003
2024-09-18 15:06:17.061000,415.3211762939651,1002
2024-09-18 15:06:17.244000,415.3304516560887,96
2024-09-18 15:06:17.468000,415.3400657811491,104
2024-09-18 15:06:17.588000,415.2973083733127,995
2024-09-18 15:06:17.644000,415.2956112758028,999
2024-09-18 15:06:17.836000,415.33595044468746,14
2024-09-18 15:06:18.016000,415.3611080678244,1005
2024-09-18 15:06:18.019000,415.3707322302106,98
2024-09-18 15:06:18.053000,415.3873154705233,9
2024-09-18 15:06:18.080000,415.3783232919317,996
2024-09-18 15:06:18.169000,415.364805431328,1003
2024-09-18 15:06:18.205000,415.36001402173656,997
2024-09-18 15:06:18.230000,415.3268332305377,5
2024-09-18 15:06:18.240000,415.3781108435734,996
2024-09-18 15:06:18.284000,415.37525786119136,7
2024-09-18 15:06:18.330000,415.3074261680312,96
2024-09-18 15:06:18.464000,415.3831302664451,996
2024-09-18 15:06:18.565000,415.3638076555383,105
2024-09-18 15:06:18.621000,415.3824571248245,999
2024-09-18 15:06:18.665000,415.32118837494016,12
2024-09-18 15:06:18.665000,415.31422725587936,998
2024-09-18 15:06:18.683000,415.3474660528989,15
2024-09-18 15:06:18.781000,415.3609813147031,98
2024-09-18 15:06:18.837000,415.3728467205966,1004
2024-09-18 15:06:18.839000,415.38657142075135,12
2024-09-18 15:06:19.079000,415.3681198482258,996
2024-09-18 15:06:19.129000,415.39129811457,102
2024-09-18 15:06:19.216000,415.3809802797877,7
2024-09-18 15:06:19.253000,415.4113539983982,1003
2024-09-18 15:06:19.274000,415.3745129145694,999
2024-09-18 15:06:19.356000,415.3916647853264,97
2024-09-18 15:06:19.399000,415.3779158840399,99
2024-09-18 15:06:19.439000,415.3845580986691,99
2024-09-18 15:06:19.478000,415.3910526020976,996
2024-09-18 15:06:19.517000,415.37078306079854,5
2024-09-18 15:06:19.578000,415.36895675893504,12
2024-09-18 15:06:19.618000,415.3790314022914,15
2024-09-18 15:06:19.650000,415.3971560415211,14
2024-09-18 15:06:19.732000,415.3762193058575,9
2024-09-18 15:06:19.743000,415.3979421416951,1004
2024-09-18 15:06:19.776000,415.4069746604064,101
2024-09-18 15:06:19.781000,415.39295963211816,104
2024-09-18 15:06:19.782000,415.3996351061778,103
2024-09-18 15:06:19.822000,415.37344433442775,105
2024-09-18 15:06:19.846000,415.3759472458814,999
2024-09-18 15:06:19.935000,415.3841532089993,9
2024-09-18 15:06:20.091000,415.37595599576815,1001
2024-09-18 15:06:20.096000,415.414927438615,13
2024-09-18 15:06:20.112000,415.3797296132794,1002
2024-09-18 15:06:20.121000,415.4009152246214,105
2024-09-18 15:06:20.152000,415.40040277212375,11
2024-09-18 15:06:20.198000,415.3838352263288,1004
2024-09-18 15:06:20.349000,415.4867582435213,98
2024-09-18 15:06:20.432000,415.414910114385,12
2024-09-18 15:06:20.490000,415.41899035674265,1002
2024-09-18 15:06:20.491000,415.4789554131861,105
2024-09-18 15:06:20.498000,415.4637728959724,97
2024-09-18 15:06:20.523000,415.3761430773458,1003
2024-09-18 15:06:20.536000,415.4175933950123,104
2024-09-18 15:06:20.537000,415.3949689783202,14
2024-09-18 15:06:20.601000,415.4569408397744,997
2024-09-18 15:06:20.639000,415.4286584600016,8
2024-09-18 15:06:20.759000,415.3794187538086,13
2024-09-18 15:06:20.828000,415.4308734091169,103
2024-09-18 15:06:20.842000,415.464617970832,1000
2024-09-18 15:06:20.854000,415.3872402648265,5
2024-09-18 15:06:20.931000,415.4283208425972,1004
2024-09-18 15:06:20.934000,415.3907434056587,1001
2024-09-18 15:06:20.935000,415.3781525675109,7
2024-09-18 15:06:20.985000,415.3754879342943,999
2024-09-18 15:06:21.331000,415.4481778723853,998
2024-09-18 15:06:22.024000,415.4991829862803,14
2024-09-18 15:06:22.054000,415.530200999835,99
2024-09-18 15:06:22.123000,415.4933591750488,7
2024-09-18 15:06:22.127000,415.5253737649553,105
2024-09-18 15:06:22.145000,415.5254257973608,1001
2024-09-18 15:06:22.148000,415.5293247053001,1005
2024-09-18 15:06:22.177000,415.52929989017815,13
2024-09-18 15:06:22.196000,415.47406144795417,102
2024-09-18 15:06:22.201000,415.52536578871,103
2024-09-18 15:06:22.454000,415.52749418542726,12
2024-09-18 15:06:22.468000,415.52954849758027,1005
2024-09-18 15:06:22.476000,415.4906323887744,10
2024-09-18 15:06:22.563000,415.53576475684537,998
2024-09-18 15:06:22.583000,415.5113792018362,995
2024-09-18 15:06:22.685000,415.52954416377503,7
2024-09-18 15:06:22.695000,415.5284130542972,13
2024-09-18 15:06:22.843000,415.4817990637534,105
2024-09-18 15:06:22.882000,415.48496245323537,13
2024-09-18 15:06:22.900000,415.47916438122775,12
2024-09-18 15:06:22.921000,415.49390019681096,100
2024-09-18 15:06:22.952000,415.4696205540869,97
2024-09-18 15:06:22.953000,415.47299320232617,1002
2024-09-18 15:06:23.012000,415.4565183832689,97
2024-09-18 15:06:23.022000,415.4468652302097,10
2024-09-18 15:06:23.109000,415.46437336811584,101
2024-09-18 15:06:23.128000,415.49751607885474,1005
2024-09-18 15:06:23.224000,415.4407518635172,7
2024-09-18 15:06:23.291000,415.430260650279,9
2024-09-18 15:06:23.307000,415.4642337931541,12
2024-09-18 15:06:23.357000,415.4649486286971,8
2024-09-18 15:06:23.390000,415.5079776623203,9
2024-09-18 15:06:23.466000,415.4400846003116,998
2024-09-18 15:06:23.515000,415.4424576876759,1000
2024-09-18 15:06:23.550000,415.4840713320228,6
2024-09-18 15:06:23.609000,407.7709752751829,1000
2024-09-18 15:06:23.698000,415.4468673535661,12
2024-09-18 15:06:23.795000,415.4938096642289,998
2024-09-18 15:06:23.924000,415.441302637772,105
2024-09-18 15:06:23.956000,415.4942249693335,101
2024-09-18 15:06:23.959000,415.4398785221781,10
2024-09-18 15:06:23.997000,415.4367053452192,1002
2024-09-18 15:06:24.286000,415.3964381407905,101
2024-09-18 15:06:24.327000,415.37939658265697,8
2024-09-18 15:06:24.472000,415.3854079311896,1001
2024-09-18 15:06:24.549000,415.3755714160832,1001
2024-09-18 15:06:24.559000,415.37884868896646,105
2024-09-18 15:06:24.684000,415.42425203399074,13
2024-09-18 15:06:24.702000,415.3901167423352,8
2024-09-18 15:06:24.711000,415.3885987793826,995
2024-09-18 15:06:24.769000,415.4407188190106,96
2024-09-18 15:06:24.893000,415.4261515409136,96
2024-09-18 15:06:24.905000,415.4121954788709,998
2024-09-18 15:06:24.916000,415.4044340543098,8
2024-09-18 15:06:24.946000,415.4256739947743,13
2024-09-18 15:06:25.005000,415.4001995102787,997
2024-09-18 15:06:25.073000,415.4068168842068,996
2024-09-18 15:06:25.129000,415.39707040585455,12
2024-09-18 15:06:25.159000,415.3989029403665,995
2024-09-18 15:06:25.166000,415.4032436413086,5
2024-09-18 15:06:25.223000,415.4026147286952,996
2024-09-18 15:06:25.303000,415.4149050147817,102
2024-09-18 15:06:25.308000,415.4014540615766,1001
2024-09-18 15:06:25.315000,415.4240421211312,104
2024-09-18 15:06:25.328000,415.4026986043048,1003
2024-09-18 15:06:25.358000,415.4074202058004,95
2024-09-18 15:06:25.479000,415.3929560805569,995
2024-09-18 15:06:25.533000,415.4058075159955,1003
2024-09-18 15:06:25.589000,415.39913468437567,9
2024-09-18 15:06:25.656000,407.72566376405535,998
2024-09-18 15:06:25.712000,415.41267500435015,999
2024-09-18 15:06:25.731000,415.368127525776,8
2024-09-18 15:06:25.732000,415.395349741185,14
2024-09-18 15:06:25.738000,415.41106109094926,102
2024-09-18 15:06:25.761000,415.41040210641154,1002
2024-09-18 15:06:25.768000,415.4133454417452,100
2024-09-18 15:06:25.845000,415.4213015273513,995
2024-09-18 15:06:25.878000,415.3976370782281,15
2024-09-18 15:06:25.948000,415.4105334492544,14
2024-09-18 15:06:25.974000,415.4315029378945,5
2024-09-18 15:06:26.003000,415.3162791741867,13
2024-09-18 15:06:26.094000,415.4411769359114,1004
2024-09-18 15:06:26.111000,415.3498386249352,1002
2024-09-18 15:06:26.124000,415.30817703372577,1004
2024-09-18 15:06:26.127000,415.41672061878654,1000
2024-09-18 15:06:26.212000,415.426464272731,102
2024-09-18 15:06:26.227000,415.3981512344657,13
2024-09-18 15:06:26.240000,415.4194447411458,15
2024-09-18 15:06:26.256000,415.3619949166728,14
2024-09-18 15:06:26.362000,415.4210104769554,995
2024-09-18 15:06:26.536000,415.3504749500534,97
2024-09-18 15:06:26.552000,415.2954250886136,99
2024-09-18 15:06:26.579000,415.4184321361301,11
2024-09-18 15:06:26.591000,415.4011662830709,6
2024-09-18 15:06:26.601000,415.4051583920763,998
2024-09-18 15:06:26.622000,415.4190121374989,9
2024-09-18 15:06:26.686000,415.34267737965615,1005
2024-09-18 15:06:26.725000,415.3754520652004,98
2024-09-18 15:06:26.741000,415.36167178869374,6
2024-09-18 15:06:26.768000,415.3679121768944,14
2024-09-18 15:06:26.860000,415.4019587659168,100
2024-09-18 15:06:26.872000,415.2965327352614,1003
2024-09-18 15:06:26.893000,415.33172262129006,997
2024-09-18 15:06:27.003000,415.2917866693326,101
2024-09-18 15:06:27.268000,415.2956301795626,11
2024-09-18 15:06:27.302000,407.76687635986326,10
2024-09-18 15:06:27.332000,415.2980741230988,102
2024-09-18 15:06:27.348000,415.29851020337406,8
2024-09-18 15:06:27.463000,415.2930691167535,1003
2024-09-18 15:06:27.609000,415.3029617220824,1005
2024-09-18 15:06:27.630000,415.2894497709117,100
2024-09-18 15:06:27.789000,415.3015759221904,13
2024-09-18 15:06:27.826000,415.3026237564803,104
2024-09-18 15:06:27.871000,415.2849756216247,97
2024-09-18 15:06:27.975000,415.29658246175,1000
2024-09-18 15:06:28.088000,415.3256064311652,99
2024-09-18 15:06:28.117000,415.2843463327267,9
2024-09-18 15:06:28.217000,415.31732834486326,5
2024-09-18 15:06:28.256000,415.2506253072771,103
2024-09-18 15:06:28.277000,415.2801752452432,98
2024-09-18 15:06:28.295000,415.283190572301,102
2024-09-18 15:06:28.364000,415.28435514411655,8
2024-09-18 15:06:28.392000,415.3044364718044,104
2024-09-18 15:06:28.449000,415.2817654385453,105
2024-09-18 15:06:28.526000,415.2824967859372,104
2024-09-18 15:06:28.541000,415.33943845299336,102
2024-09-18 15:06:28.566000,415.2994800046537,99
2024-09-18 15:06:28.576000,415.3250445636961,10
2024-09-18 15:06:28.610000,415.2671545107191,13
2024-09-18 15:06:28.647000,415.3005676800572,13
2024-09-18 15:06:28.669000,415.2932777430144,7
2024-09-18 15:06:28.695000,415.2701746098032,999
2024-09-18 15:06:28.741000,415.2803747008689,15
2024-09-18 15:06:28.757000,415.2753505198086,995
2024-09-18 15:06:28.839000,415.26263440479306,15
2024-09-18 15:06:28.875000,415.2739927061704,12
2024-09-18 15:06:28.897000,415.24905237404494,998
2024-09-18 15:06:28.915000,415.3202381229482,103
2024-09-18 15:06:28.951000,415.2900419208194,102
2024-09-18 15:06:28.981000,415.2603638101353,102
2024-09-18 15:06:29.286000,415.3005441380383,102
2024-09-18 15:06:29.348000,415.3108604303055,1001
2024-09-18 15:06:29.360000,415.3318607365856,98
2024-09-18 15:06:29.400000,415.2893871481271,95
2024-09-18 15:06:29.405000,415.31855830860894,102
2024-09-18 15:06:29.427000,415.28912050540094,13
2024-09-18 15:06:29.545000,415.3088793736001,1004
2024-09-18 15:06:29.560000,415.3035951768127,105
2024-09-18 15:06:29.582000,415.2992668487374,996
2024-09-18 15:06:29.636000,415.3267696846154,1003
2024-09-18 15:06:29.680000,415.338110435177,999
2024-09-18 15:06:29.711000,415.321852080196,101
2024-09-18 15:06:29.742000,415.29146023775047,13
2024-09-18 15:06:29.805000,415.3203750656836,96
2024-09-18 15:06:29.819000,415.3224673016724,5
2024-09-18 15:06:29.901000,415.3061229533111,101
2024-09-18 15:06:29.917000,415.3402598228693,98
2024-09-18 15:06:29.990000,415.33895876401095,5
2024-09-18 15:06:29.992000,415.297651676002,999
2024-09-18 15:06:30.018000,415.2357098648736,15
2024-09-18 15:06:30.108000,415.1885680351151,100
2024-09-18 15:06:30.145000,415.2349158042033,5
2024-09-18 15:06:30.313000,415.28069052096,100
2024-09-18 15:06:30.362000,415.2074828349442,1004
2024-09-18 15:06:30.626000,415.1862619248136,15
2024-09-18 15:06:30.648000,415.20665047951337,1003
2024-09-18 15:06:30.985000,415.2309204127955,5
2024-09-18 15:06:31.044000,415.1620000048463,103
2024-09-18 15:06:31.101000,415.1488364068257,999
2024-09-18 15:06:31.206000,415.19375271958495,1001
2024-09-18 15:06:31.246000,415.19920793755193,1003
2024-09-18 15:06:31.250000,415.1343479162327,98
2024-09-18 15:06:31.304000,415.1727914627061,1004
2024-09-18 15:06:31.328000,415.1746186031808,12
2024-09-18 15:06:31.344000,415.1265481632574,996
2024-09-18 15:06:31.361000,415.1831525488065,105
2024-09-18 15:06:31.421000,415.14532632908094,6
2024-09-18 15:06:31.430000,415.20978114120055,98
2024-09-18 15:06:31.447000,415.19193443864,101
2024-09-18 15:06:31.503000,415.1806114218125,9
2024-09-18 15:06:31.530000,415.1061068679896,13
2024-09-18 15:06:31.596000,415.13743917033753,995
2024-09-18 15:06:31.677000,415.1955228742757,102
2024-09-18 15:06:31.787000,415.1233856673022,11
2024-09-18 15:06:31.807000,415.1930796027382,10
2024-09-18 15:06:31.823000,415.1534510666857,999
2024-09-18 15:06:31.855000,415.1411997838436,1003
2024-09-18 15:06:31.947000,415.1840941401896,103
2024-09-18 15:06:32.441000,415.125321472697,95
2024-09-18 15:06:32.796000,415.14378316407686,6
2024-09-18 15:06:32.963000,415.1430438760968,99
2024-09-18 15:06:33.036000,415.17696754195913,5
2024-09-18 15:06:33.079000,415.164688294013,96
2024-09-18 15:06:33.146000,415.1486546623851,95
2024-09-18 15:06:33.168000,415.1800684186752,10
2024-09-18 15:06:33.235000,415.163364253333,95
2024-09-18 15:06:33.346000,415.187731415312,1001
2024-09-18 15:06:33.455000,415.1355579027125,96
2024-09-18 15:06:33.469000,415.1601896307067,102
2024-09-18 15:06:33.539000,415.1754782218961,1005
2024-09-18 15:06:33.547000,415.1874048275289,6
2024-09-18 15:06:33.584000,415.1896070083317,999
2024-09-18 15:06:33.597000,415.168622740838,8
2024-09-18 15:06:33.629000,415.1800697757636,1002
2024-09-18 15:06:33.646000,415.1765681905653,13
2024-09-18 15:06:33.655000,415.1828242351961,1003
2024-09-18 15:06:33.664000,415.1561209308285,1002
2024-09-18 15:06:33.677000,415.1783570535479,10
2024-09-18 15:06:33.705000,415.17401847998735,1005
2024-09-18 15:06:33.709000,415.2135711173281,100
2024-09-18 15:06:33.719000,415.164559963569,8
2024-09-18 15:06:33.772000,415.1596853476257,103
2024-09-18 15:06:33.784000,415.17961067563937,997
2024-09-18 15:06:33.826000,415.2149885705213,1001
2024-09-18 15:06:33.909000,415.19428812197407,102
2024-09-18 15:06:33.922000,415.172887841688,97
2024-09-18 15:06:33.929000,415.14272357148894,6
2024-09-18 15:06:34.014000,415.24877861030666,6
2024-09-18 15:06:34.033000,415.2440380845854,103
2024-09-18 15:06:34.059000,415.2066922685386,99
2024-09-18 15:06:34.100000,415.2359709256074,95
2024-09-18 15:06:34.107000,415.219806530175,5
2024-09-18 15:06:34.119000,415.1702439417937,1004
2024-09-18 15:06:34.274000,415.2292514888129,7
2024-09-18 15:06:34.376000,415.1644658437959,9
2024-09-18 15:06:34.514000,415.2323314128959,100
2024-09-18 15:06:34.732000,415.2670500032832,1005
2024-09-18 15:06:34.792000,415.1739994076685,5
2024-09-18 15:06:34.804000,415.2746546109601,6
2024-09-18 15:06:34.960000,415.2694259165609,995
2024-09-18 15:06:34.967000,415.2473492910975,1000
2024-09-18 15:06:34.979000,415.2366961318864,995
2024-09-18 15:06:34.987000,415.2686874454145,1002
2024-09-18 15:06:34.989000,415.2732608675662,1003
2024-09-18 15:06:35.164000,415.2417811842882,97
2024-09-18 15:06:35.223000,415.2187622955833,6
2024-09-18 15:06:35.263000,415.221332288767,999
2024-09-18 15:06:35.277000,415.26310619913625,995
2024-09-18 15:06:35.346000,415.2199389290941,100
2024-09-18 15:06:35.348000,415.2555951057568,9
2024-09-18 15:06:35.373000,415.2058624835538,104
2024-09-18 15:06:35.580000,415.2286255464398,1003
2024-09-18 15:06:35.632000,415.2337660744875,7
2024-09-18 15:06:35.793000,415.2282603670364,1003
2024-09-18 15:06:35.877000,415.2563003470329,1002
2024-09-18 15:06:35.882000,415.225034989081,105
2024-09-18 15:06:35.883000,415.2534144035554,98
2024-09-18 15:06:35.897000,415.2398953812423,6
2024-09-18 15:06:35.958000,415.2906225833632,14
2024-09-18 15:06:36.001000,415.2796186966732,100
2024-09-18 15:06:36.035000,415.316449955082,9
2024-09-18 15:06:36.177000,415.3154247976803,1003
2024-09-18 15:06:36.313000,415.32674187936095,6
2024-09-18 15:06:36.338000,415.30935265290975,1004
2024-09-18 15:06:36.356000,415.25394197427255,7
2024-09-18 15:06:36.368000,415.3715511339654,1001
2024-09-18 15:06:36.375000,415.31958652513975,995
2024-09-18 15:06:36.389000,415.3625320841148,101
2024-09-18 15:06:36.398000,415.3088977154912,104
2024-09-18 15:06:36.413000,415.3026702672096,1003
2024-09-18 15:06:36.458000,415.3094019037208,995
2024-09-18 15:06:36.505000,415.318919265094,1002
2024-09-18 15:06:36.521000,415.2860888182725,105
2024-09-18 15:06:36.561000,415.3094731687787,6
2024-09-18 15:06:36.621000,415.28654042111447,8
2024-09-18 15:06:36.623000,415.2866646198632,95
2024-09-18 15:06:36.625000,415.2944245113841,10
2024-09-18 15:06:36.688000,415.2831267487324,1005
2024-09-18 15:06:36.717000,415.27713863822873,5
2024-09-18 15:06:36.772000,415.3466423623551,96
2024-09-18 15:06:36.793000,415.3172788038553,10
2024-09-18 15:06:36.820000,415.3215503566598,96
2024-09-18 15:06:36.827000,415.3039705528584,101
2024-09-18 15:06:36.905000,415.27269498713696,10
2024-09-18 15:06:36.959000,415.3224958906772,7
2024-09-18 15:06:36.968000,415.3654649632448,97
2024-09-18 15:06:37.127000,415.3762640535783,6
2024-09-18 15:06:37.136000,415.36204526318136,100
2024-09-18 15:06:37.143000,415.3867962313125,5
2024-09-18 15:06:37.162000,415.3721789542279,997
2024-09-18 15:06:37.203000,415.377298753994,995
2024-09-18 15:06:37.256000,415.3714328723849,104
2024-09-18 15:06:37.273000,415.3713873862459,101
2024-09-18 15:06:37.313000,415.36706699673925,97
2024-09-18 15:06:37.323000,408.1295096229142,105
2024-09-18 15:06:37.359000,415.3716000155079,13
2024-09-18 15:06:37.392000,415.38548614269126,100
2024-09-18 15:06:37.414000,415.3620958303859,95
2024-09-18 15:06:37.447000,415.3786788515427,5
2024-09-18 15:06:37.513000,415.35529025831175,11
2024-09-18 15:06:37.691000,415.3545187035185,996
2024-09-18 15:06:37.692000,415.3578837902532,100
2024-09-18 15:06:37.694000,415.35975055060624,95
2024-09-18 15:06:37.757000,415.370194246739,103
2024-09-18 15:06:37.807000,415.3486703246513,105
2024-09-18 15:06:37.910000,415.37207487265175,1003
2024-09-18 15:06:37.991000,415.34551009079206,100
2024-09-18 15:06:38.050000,415.43168143606414,14
2024-09-18 15:06:38.139000,415.4522790356564,103
2024-09-18 15:06:38.218000,415.4332577247845,6
2024-09-18 15:06:38.267000,415.4232852771021,99
2024-09-18 15:06:38.303000,415.4532057589051,1000
2024-09-18 15:06:38.309000,415.4642310203598,101
2024-09-18 15:06:38.360000,415.3862249227884,11
2024-09-18 15:06:38.372000,415.4538045399524,104
2024-09-18 15:06:38.456000,415.4208942668721,998
2024-09-18 15:06:38.494000,415.4345898608767,1005
2024-09-18 15:06:38.525000,415.4391552225767,10
2024-09-18 15:06:38.526000,415.4446540846686,98
2024-09-18 15:06:38.537000,415.44535260106807,998
2024-09-18 15:06:38.579000,415.42557582690097,1001
2024-09-18 15:06:38.632000,415.419072834825,1000
2024-09-18 15:06:38.688000,415.4403815241857,1005
2024-09-18 15:06:38.711000,415.4379265543293,98
2024-09-18 15:06:38.752000,415.4384117116244,1002
2024-09-18 15:06:38.798000,415.4458345944998,9
2024-09-18 15:06:38.877000,415.4190774301253,105
2024-09-18 15:06:38.897000,415.45916739249446,996
2024-09-18 15:06:38.980000,415.443196204025,13
2024-09-18 15:06:38.996000,415.44838933012346,999
2024-09-18 15:06:39.042000,415.4752895703524,1002
2024-09-18 15:06:39.212000,415.4222136807794,96
2024-09-18 15:06:39.237000,415.4407010598898,1003
2024-09-18 15:06:39.320000,415.46465793910255,5
2024-09-18 15:06:39.386000,415.4422338178732,1003
2024-09-18 15:06:39.425000,415.45543007470025,15
2024-09-18 15:06:39.735000,415.4271431094527,5
2024-09-18 15:06:39.917000,415.4657988894608,5
2024-09-18 15:06:39.932000,415.44732983918686,1001
2024-09-18 15:06:40.005000,415.4391023863896,103
2024-09-18 15:06:40.012000,415.4658438524581,6
2024-09-18 15:06:40.020000,415.4658562435037,100
2024-09-18 15:06:40.068000,415.44764415580346,995
2024-09-18 15:06:40.095000,415.4999684723543,14
2024-09-18 15:06:40.108000,415.4610279566,9
2024-09-18 15:06:40.117000,415.4279605320653,8
2024-09-18 15:06:40.118000,415.492341093897,9
2024-09-18 15:06:40.131000,415.4207169758556,1004
2024-09-18 15:06:40.182000,415.44812410086536,1005
2024-09-18 15:06:40.306000,415.4190463561931,98
2024-09-18 15:06:40.326000,415.47781309585446,998
2024-09-18 15:06:40.336000,415.4715313021493,103
2024-09-18 15:06:40.489000,415.4441440710441,104
2024-09-18 15:06:40.506000,415.4417514661265,1001
2024-09-18 15:06:40.519000,415.5020220723896,10
2024-09-18 15:06:40.548000,415.4495183749589,12
2024-09-18 15:06:40.557000,415.44598295929467,100
2024-09-18 15:06:40.610000,415.4320156565119,1004
2024-09-18 15:06:40.687000,415.4258421433832,10
2024-09-18 15:06:40.717000,415.48751085058217,1003
2024-09-18 15:06:40.755000,415.4330400244364,97
2024-09-18 15:06:40.960000,415.4171163538236,102
2024-09-18 15:06:40.992000,415.4883628549187,8
2024-09-18 15:06:41.028000,415.433978168066,15
2024-09-18 15:06:41.059000,415.42341756022296,998
2024-09-18 15:06:41.097000,415.4498222370888,102
2024-09-18 15:06:41.101000,415.4243832696973,1000
2024-09-18 15:06:41.138000,415.45256138324976,99
2024-09-18 15:06:41.238000,415.4255033137477,99
2024-09-18 15:06:41.276000,415.4291186949068,1005
2024-09-18 15:06:41.280000,415.4444582484401,1003
2024-09-18 15:06:41.336000,415.45527408700906,1004
2024-09-18 15:06:41.414000,415.438800469114,12
2024-09-18 15:06:41.424000,415.4159769356085,15
2024-09-18 15:06:41.428000,415.4359114952858,98
2024-09-18 15:06:41.522000,415.4271977796148,10
2024-09-18 15:06:41.535000,415.44227510088064,1003
2024-09-18 15:06:41.633000,415.4289121677699,997
2024-09-18 15:06:41.692000,415.4288162801064,1005
2024-09-18 15:06:41.713000,415.4200056122688,7
2024-09-18 15:06:41.892000,415.422108888177,1000
2024-09-18 15:06:41.930000,415.4295476047413,12
2024-09-18 15:06:41.945000,415.4059280972569,12
2024-09-18 15:06:41.981000,415.42532837338,12
2024-09-18 15:06:42.038000,415.4626166010432,104
2024-09-18 15:06:42.172000,415.5068988687187,12
2024-09-18 15:06:42.186000,415.5226452775564,101
2024-09-18 15:06:42.207000,415.46121413823096,12
2024-09-18 15:06:42.414000,415.5431609374186,1004
2024-09-18 15:06:42.422000,415.45659553890505,15
2024-09-18 15:06:42.423000,415.54905980250135,999
2024-09-18 15:06:42.770000,415.540128322984,998
2024-09-18 15:06:42.823000,415.50441149126766,95
2024-09-18 15:06:42.991000,415.5251851373886,12
2024-09-18 15:06:43.006000,415.5769812223868,5
2024-09-18 15:06:43.055000,415.5640963831684,999
2024-09-18 15:06:43.151000,415.5806395059839,1003
2024-09-18 15:06:43.159000,415.6145980160968,997
2024-09-18 15:06:43.172000,415.62844211426005,8
2024-09-18 15:06:43.314000,415.5901319907669,99
2024-09-18 15:06:43.323000,415.5629758716328,1005
2024-09-18 15:06:43.324000,415.575904006804,8
2024-09-18 15:06:43.337000,415.5608342510056,102
2024-09-18 15:06:43.473000,415.6188998581181,998
2024-09-18 15:06:43.513000,415.5652864734676,8
2024-09-18 15:06:43.514000,415.5839962002474,999
2024-09-18 15:06:43.567000,415.5756608816314,98
2024-09-18 15:06:43.584000,415.5717351899272,98
2024-09-18 15:06:43.606000,415.5623369520104,102
2024-09-18 15:06:43.681000,415.5712427889003,95
2024-09-18 15:06:43.741000,415.5646521102967,104
2024-09-18 15:06:43.749000,415.625245167231,95
2024-09-18 15:06:43.767000,415.5623808627293,11
2024-09-18 15:06:43.785000,415.57349807104015,102
2024-09-18 15:06:43.811000,415.5670640585279,9
2024-09-18 15:06:43.819000,415.5692528423676,102
2024-09-18 15:06:43.839000,415.6167958923711,999
2024-09-18 15:06:43.854000,415.60047557706366,105
2024-09-18 15:06:43.940000,415.5785911361843,103
2024-09-18 15:06:43.956000,415.5750835632874,5
2024-09-18 15:06:43.961000,415.5710692517427,1003
2024-09-18 15:06:43.961000,415.5727952191257,996
2024-09-18 15:06:44.134000,415.5453155270889,99
2024-09-18 15:06:44.138000,415.545319163998,96
2024-09-18 15:06:44.186000,415.5500872165945,999
2024-09-18 15:06:44.188000,415.5375707252269,13
2024-09-18 15:06:44.295000,415.5530274893301,12
2024-09-18 15:06:44.295000,415.5575594369174,9
2024-09-18 15:06:44.302000,415.5311043200749,7
2024-09-18 15:06:44.319000,415.5463550827734,1001
2024-09-18 15:06:44.342000,415.5352565835651,7
2024-09-18 15:06:44.403000,415.5409776565122,97
2024-09-18 15:06:44.430000,415.5501803483516,1004
2024-09-18 15:06:44.475000,415.52945315088834,100
2024-09-18 15:06:44.513000,415.5467174251675,1002
2024-09-18 15:06:44.593000,415.55391284023256,13
2024-09-18 15:06:44.596000,415.53713643031614,1001
2024-09-18 15:06:44.643000,415.5340698942047,1004
2024-09-18 15:06:44.648000,415.5512418753207,105
2024-09-18 15:06:44.663000,415.5562158265416,997
2024-09-18 15:06:44.756000,408.0890789668789,11
2024-09-18 15:06:44.756000,415.5331326239679,995
2024-09-18 15:06:44.799000,415.5457887952931,102
2024-09-18 15:06:44.820000,415.5341136375537,1000
2024-09-18 15:06:44.823000,415.5539919981719,8
2024-09-18 15:06:44.915000,415.5571895789682,11
2024-09-18 15:06:44.919000,415.5838195743282,1001
2024-09-18 15:06:44.927000,415.5392993242517,101
2024-09-18 15:06:44.936000,415.547412429892,10
2024-09-18 15:06:44.961000,415.5384195154244,995
2024-09-18 15:06:45.035000,415.59134971704304,996
2024-09-18 15:06:45.094000,415.6048010826344,102
2024-09-18 15:06:45.124000,415.6026822238173,10
2024-09-18 15:06:45.302000,415.591743717386,1004
2024-09-18 15:06:45.310000,415.5906962521266,98
2024-09-18 15:06:45.388000,415.5893854660741,101
2024-09-18 15:06:45.445000,415.5785277989035,5
2024-09-18 15:06:45.511000,415.592647085658,14
2024-09-18 15:06:45.837000,415.612752405672,15
2024-09-18 15:06:45.933000,415.59407815566766,1001
2024-09-18 15:06:46.672000,415.6353653615301,9
2024-09-18 15:06:46.772000,415.6366978138876,1002
2024-09-18 15:06:46.829000,415.6253920287997,998
2024-09-18 15:06:46.839000,415.6088367303189,995
2024-09-18 15:06:47.036000,415.62056181099786,998
2024-09-18 15:06:47.177000,415.6299423503426,997
2024-09-18 15:06:47.204000,415.60407919636975,95
2024-09-18 15:06:47.256000,415.5680212702571,1002
2024-09-18 15:06:47.257000,415.6213182839784,8
2024-09-18 15:06:47.314000,415.6243289792012,103
2024-09-18 15:06:47.317000,415.59803097970496,10
2024-09-18 15:06:47.387000,415.5953863447133,1003
2024-09-18 15:06:47.434000,415.6140965517421,5
2024-09-18 15:06:47.458000,415.6027252199317,10
2024-09-18 15:06:47.584000,415.5780937720173,96
2024-09-18 15:06:47.595000,415.628682303712,999
2024-09-18 15:06:47.661000,415.5882345957141,95
2024-09-18 15:06:47.692000,415.6110617731933,1004
2024-09-18 15:06:47.727000,415.5938997278757,98
2024-09-18 15:06:47.758000,415.6270160679495,1004
2024-09-18 15:06:47.788000,415.6014539973833,1000
2024-09-18 15:06:47.873000,415.56788658309887,5
2024-09-18 15:06:47.996000,415.5507430871556,1004
2024-09-18 15:06:48.089000,415.6283160530186,8
2024-09-18 15:06:48.124000,415.5887931159824,5
2024-09-18 15:06:48.128000,415.6075628793346,103
2024-09-18 15:06:48.168000,415.6022222017857,100
2024-09-18 15:06:48.205000,415.6060209643304,10
2024-09-18 15:06:48.365000,415.5817940048252,96
2024-09-18 15:06:48.571000,415.57730244044416,997
2024-09-18 15:06:48.611000,415.5848721518464,1003
2024-09-18 15:06:48.631000,415.6155534734694,97
2024-09-18 15:06:48.661000,415.6211697970194,98
2024-09-18 15:06:49.060000,415.5829749173167,99
2024-09-18 15:06:49.085000,415.5998894942673,14
2024-09-18 15:06:49.117000,415.5992498568153,105
2024-09-18 15:06:49.149000,415.5629772313011,998
2024-09-18 15:06:49.242000,415.5827782555901,102
2024-09-18 15:06:49.253000,415.6179887845987,999
2024-09-18 15:06:49.316000,415.5702799108929,100
2024-09-18 15:06:49.351000,415.6206731325693,12
2024-09-18 15:06:49.357000,415.5793210550411,15
2024-09-18 15:06:49.423000,415.5513072655066,14
2024-09-18 15:06:49.444000,415.62668673467016,104
2024-09-18 15:06:49.519000,415.5734624531103,1003
2024-09-18 15:06:49.562000,415.5781317438652,998
2024-09-18 15:06:49.797000,415.5629918071037,97
2024-09-18 15:06:49.951000,415.5902534871626,997
2024-09-18 15:06:50.001000,415.5537518114293,5
2024-09-18 15:06:50.154000,415.5318220938428,13
2024-09-18 15:06:50.177000,415.5404430830975,1003
2024-09-18 15:06:50.327000,415.5321608487484,95
2024-09-18 15:06:50.384000,415.5881806550447,999
2024-09-18 15:06:50.410000,415.58877282005017,998
2024-09-18 15:06:50.443000,415.58888204998937,1000
2024-09-18 15:06:50.497000,415.5900485539925,10
2024-09-18 15:06:50.520000,415.5392365966722,1002
2024-09-18 15:06:50.722000,415.5739539281864,96
2024-09-18 15:06:50.761000,415.53978922149,1003
2024-09-18 15:06:50.902000,407.9686165702825,14
2024-09-18 15:06:50.938000,415.59062612435457,101
2024-09-18 15:06:50.974000,415.5458967122921,104
2024-09-18 15:06:50.996000,415.55321159162605,98
2024-09-18 15:06:51.012000,415.5902373986171,996
2024-09-18 15:06:51.634000,415.6014916920946,99
2024-09-18 15:06:51.798000,415.6032912167631,96
2024-09-18 15:06:51.851000,415.586841403366,997
2024-09-18 15:06:51.924000,415.56395488596274,104
2024-09-18 15:06:52.135000,415.5811276622077,103
2024-09-18 15:06:52.174000,407.97978781911473,13
2024-09-18 15:06:52.257000,415.5656771033658,98
2024-09-18 15:06:52.293000,415.5401723169896,100
2024-09-18 15:06:52.310000,415.5296781681528,104
2024-09-18 15:06:52.329000,415.5308414774436,7
2024-09-18 15:06:52.490000,415.5020592025068,998
2024-09-18 15:06:52.688000,415.5663686468866,996
2024-09-18 15:06:52.743000,415.59138899366,105
2024-09-18 15:06:52.747000,415.5776884118589,5
2024-09-18 15:06:52.981000,415.5870611333154,5
2024-09-18 15:06:53.135000,415.5328530093233,97
2024-09-18 15:06:53.163000,415.5238781743422,96
2024-09-18 15:06:53.172000,415.51965664961386,103
2024-09-18 15:06:53.198000,415.5021167454031,7
2024-09-18 15:06:53.292000,415.4885015300211,995
2024-09-18 15:06:53.392000,415.5017498527878,13
2024-09-18 15:06:53.459000,415.4931510701764,105
2024-09-18 15:06:53.511000,415.5395437683141,14
2024-09-18 15:06:53.512000,415.48568904094265,995
2024-09-18 15:06:53.524000,415.50790670217725,97
2024-09-18 15:06:53.549000,415.498287249545,5
2024-09-18 15:06:53.603000,415.5302164081654,8
2024-09-18 15:06:53.843000,415.4910721595956,7
2024-09-18 15:06:53.847000,415.50771516351136,101
2024-09-18 15:06:53.970000,415.49765164246793,99
2024-09-18 15:06:54.119000,415.4977387663644,104
2024-09-18 15:06:54.126000,415.47100277482417,1002
2024-09-18 15:06:54.171000,415.5728656296836,995
2024-09-18 15:06:54.173000,415.46278285615193,12
2024-09-18 15:06:54.378000,415.5268547094197,5
2024-09-18 15:06:54.407000,415.5614447357512,7
2024-09-18 15:06:54.429000,415.5274859544424,14
2024-09-18 15:06:54.438000,415.56862745948206,1003
2024-09-18 15:06:54.452000,415.4836744556526,15
2024-09-18 15:06:54.460000,415.47326207267855,1001
2024-09-18 15:06:54.510000,415.54229066952166,98
2024-09-18 15:06:54.525000,415.5386629610927,98
2024-09-18 15:06:54.534000,415.4713355017474,1005
2024-09-18 15:06:54.604000,415.4766308729908,14
2024-09-18 15:06:54.609000,415.47561999535714,102
2024-09-18 15:06:54.691000,415.5405471100895,998
2024-09-18 15:06:54.698000,415.5312024739399,5
2024-09-18 15:06:54.797000,415.5480621778449,9
2024-09-18 15:06:54.865000,415.4660778022692,15
2024-09-18 15:06:54.888000,415.46172260156885,8
2024-09-18 15:06:54.889000,415.5180136381966,13
2024-09-18 15:06:54.896000,415.5343361488052,5
2024-09-18 15:06:54.900000,415.5440100238262,104
2024-09-18 15:06:54.908000,415.52843545863664,9
2024-09-18 15:06:54.919000,415.56172061716353,6
2024-09-18 15:06:54.968000,415.5618666902868,100
2024-09-18 15:06:55.046000,415.48708360389503,95
2024-09-18 15:06:55.552000,408.1427241551188,7
2024-09-18 15:06:55.586000,415.497836064728,13
2024-09-18 15:06:56.041000,415.456046728753,997
2024-09-18 15:06:56.173000,415.4542368747519,9
2024-09-18 15:06:56.211000,415.4553441668001,996
2024-09-18 15:06:56.260000,415.49141027649966,105
2024-09-18 15:06:56.346000,415.469700846238,96
2024-09-18 15:06:56.363000,415.4899991887326,15
2024-09-18 15:06:56.423000,415.4951923564135,6
2024-09-18 15:06:56.469000,415.4794592991528,104
2024-09-18 15:06:56.514000,415.4500418185024,101
2024-09-18 15:06:56.551000,415.4589082418517,15
2024-09-18 15:06:56.558000,415.4530786807781,1005
2024-09-18 15:06:56.815000,415.4427352914903,1003
2024-09-18 15:06:56.840000,415.4722256620342,997
2024-09-18 15:06:56.908000,415.4428766830052,997
2024-09-18 15:06:56.958000,415.4774092083224,7
2024-09-18 15:06:56.989000,415.48427429524935,14
2024-09-18 15:06:58.027000,415.4309631772722,998
2024-09-18 15:06:58.028000,415.4505852610379,998
2024-09-18 15:06:58.062000,415.478517645754,101
2024-09-18 15:06:58.158000,415.4965965703864,95
2024-09-18 15:06:58.169000,415.424437598562,997
2024-09-18 15:06:58.180000,415.485970987647,101
2024-09-18 15:06:58.226000,415.4242631852378,105
2024-09-18 15:06:58.352000,415.4875403469304,1003
2024-09-18 15:06:58.388000,415.418025194945,8
2024-09-18 15:06:58.402000,415.456244852431,9
2024-09-18 15:06:58.404000,415.5026363967668,999
2024-09-18 15:06:58.567000,415.4166967216489,103
2024-09-18 15:06:58.590000,415.438620229646,99
2024-09-18 15:06:58.655000,415.4049091504345,999
2024-09-18 15:06:58.664000,415.4015045211172,12
2024-09-18 15:06:58.707000,415.42484575542977,1003
2024-09-18 15:06:58.713000,415.4262488119879,11
2024-09-18 15:06:58.742000,415.5149439376148,8
2024-09-18 15:06:58.762000,415.4854055853799,101
2024-09-18 15:06:58.846000,415.4962304265025,10
2024-09-18 15:06:58.909000,415.49504592026864,14
2024-09-18 15:06:58.947000,415.4970346259778,7
2024-09-18 15:06:58.975000,415.4837692280087,103
2024-09-18 15:06:59.085000,415.4263346619084,997
2024-09-18 15:06:59.097000,415.42824737397353,15
2024-09-18 15:06:59.204000,415.4265194196748,996
2024-09-18 15:06:59.215000,415.4641511523765,1003
2024-09-18 15:06:59.270000,415.4327872729067,996
2024-09-18 15:06:59.404000,415.42953872462544,101
2024-09-18 15:06:59.409000,415.4606100689487,9
2024-09-18 15:06:59.463000,415.4557051942354,997
2024-09-18 15:06:59.479000,415.4166441128824,6
2024-09-18 15:06:59.585000,415.4419015211062,1002
2024-09-18 15:06:59.622000,415.4252922584266,995
2024-09-18 15:06:59.626000,415.4159086156055,997
2024-09-18 15:06:59.650000,415.44371419653527,1005
2024-09-18 15:06:59.746000,415.4189330775325,997
2024-09-18 15:06:59.777000,415.4204312166488,14
