Timestamp,Price,Size
2024-09-20 10:58:00.028000,424.6290930889547,100
2024-09-20 10:58:00.041000,424.56272376387216,104
2024-09-20 10:58:00.132000,424.5967412730296,98
2024-09-20 10:58:00.144000,424.6102141084681,5
2024-09-20 10:58:00.167000,424.664105265914,999
2024-09-20 10:58:00.172000,424.6105041060405,101
2024-09-20 10:58:00.183000,424.5902135632335,12
2024-09-20 10:58:00.337000,424.62716970652593,997
2024-09-20 10:58:00.405000,424.6363859698939,995
2024-09-20 10:58:00.413000,424.55879492987305,99
2024-09-20 10:58:00.462000,424.6327559083884,98
2024-09-20 10:58:00.641000,424.5550010923511,12
2024-09-20 10:58:00.661000,424.5699508278689,11
2024-09-20 10:58:00.713000,424.6079546338416,101
2024-09-20 10:58:00.729000,424.61654638424585,97
2024-09-20 10:58:00.841000,424.634976660599,998
2024-09-20 10:58:00.886000,424.566176259209,7
2024-09-20 10:58:00.889000,424.627826586956,995
2024-09-20 10:58:00.967000,424.6252216604241,98
2024-09-20 10:58:01.010000,424.5940398282409,103
2024-09-20 10:58:01.012000,424.5984141447898,995
2024-09-20 10:58:01.041000,424.6387259542794,11
2024-09-20 10:58:01.111000,424.58863210068455,996
2024-09-20 10:58:01.118000,424.6082920840127,105
2024-09-20 10:58:01.122000,424.6084486934772,998
2024-09-20 10:58:01.188000,424.6041861655261,11
2024-09-20 10:58:01.233000,424.6132989387338,1000
2024-09-20 10:58:01.266000,424.6677846181542,7
2024-09-20 10:58:01.288000,424.5834917216008,11
2024-09-20 10:58:01.308000,424.64609213113374,1000
2024-09-20 10:58:01.433000,424.6308137973601,104
2024-09-20 10:58:01.452000,424.5984910144478,105
2024-09-20 10:58:01.540000,424.581801321438,997
2024-09-20 10:58:01.556000,424.6311094763012,96
2024-09-20 10:58:01.565000,424.5829460977477,100
2024-09-20 10:58:01.581000,424.5910610237422,14
2024-09-20 10:58:01.620000,424.58981282525446,13
2024-09-20 10:58:01.656000,424.59761842581554,1003
2024-09-20 10:58:01.657000,424.61956756411,15
2024-09-20 10:58:01.674000,424.59881833243327,997
2024-09-20 10:58:01.686000,424.67281643343455,998
2024-09-20 10:58:01.796000,424.57338391545056,5
2024-09-20 10:58:01.806000,424.6170001581097,995
2024-09-20 10:58:01.864000,424.6385938913912,13
2024-09-20 10:58:01.874000,424.5948746920419,97
2024-09-20 10:58:01.926000,424.6045939997582,1002
2024-09-20 10:58:01.995000,424.6063454327088,96
2024-09-20 10:58:02.780000,424.60135635678085,101
2024-09-20 10:58:02.875000,424.5922069133199,8
2024-09-20 10:58:02.995000,424.60620843705647,13
2024-09-20 10:58:03.018000,424.6064373415788,15
2024-09-20 10:58:03.051000,424.5644077658157,104
2024-09-20 10:58:03.054000,424.57347559459066,98
2024-09-20 10:58:03.058000,424.6549966015195,996
2024-09-20 10:58:03.071000,424.61591317892106,99
2024-09-20 10:58:03.219000,424.5934077145376,99
2024-09-20 10:58:03.254000,424.6479875025698,1001
2024-09-20 10:58:03.290000,424.5476909776763,995
2024-09-20 10:58:03.306000,424.5761301543698,1000
2024-09-20 10:58:03.326000,424.6461539915903,95
2024-09-20 10:58:03.365000,424.5908697098053,11
2024-09-20 10:58:03.415000,424.650986460405,95
2024-09-20 10:58:03.430000,424.5450226176774,14
2024-09-20 10:58:03.508000,424.5497529653531,95
2024-09-20 10:58:03.566000,424.6290401103982,1003
2024-09-20 10:58:03.588000,424.589347051348,998
2024-09-20 10:58:03.615000,424.564155721251,97
2024-09-20 10:58:03.694000,424.6501002879685,15
2024-09-20 10:58:03.700000,424.54929686243247,10
2024-09-20 10:58:03.792000,424.5534085926739,10
2024-09-20 10:58:03.816000,424.6666865280538,13
2024-09-20 10:58:03.845000,424.6543001266769,1005
2024-09-20 10:58:03.870000,424.6236260257607,13
2024-09-20 10:58:03.881000,424.657592520533,101
2024-09-20 10:58:03.883000,424.6335861953028,998
2024-09-20 10:58:03.900000,424.58849602112826,6
2024-09-20 10:58:03.953000,424.551754220135,104
2024-09-20 10:58:04.190000,424.5525867518464,999
2024-09-20 10:58:04.325000,424.48723223624745,104
2024-09-20 10:58:04.707000,424.50613243639634,98
2024-09-20 10:58:04.719000,424.5057070402352,105
2024-09-20 10:58:04.791000,424.5149432453106,998
2024-09-20 10:58:04.940000,424.5485804722222,97
2024-09-20 10:58:05.124000,424.5066972453902,999
2024-09-20 10:58:05.260000,424.5561071028569,96
2024-09-20 10:58:05.349000,424.5720099717277,15
2024-09-20 10:58:05.353000,424.5381408397646,104
2024-09-20 10:58:05.562000,424.5244413846973,1002
2024-09-20 10:58:05.669000,424.55140545440776,995
2024-09-20 10:58:05.781000,424.5679543332202,998
2024-09-20 10:58:05.958000,424.5501893683849,13
2024-09-20 10:58:05.976000,424.5718347655756,999
2024-09-20 10:58:05.996000,424.5286641035033,999
2024-09-20 10:58:06.004000,424.5663067562202,103
2024-09-20 10:58:06.054000,424.5932481202168,995
2024-09-20 10:58:06.115000,424.5765710865932,98
2024-09-20 10:58:06.131000,424.5720227209444,102
2024-09-20 10:58:06.141000,424.58120283708166,998
2024-09-20 10:58:06.212000,424.585158221141,99
2024-09-20 10:58:06.258000,424.5718563861437,96
2024-09-20 10:58:06.269000,424.6099473222089,99
2024-09-20 10:58:06.295000,424.5926441934356,99
2024-09-20 10:58:06.310000,424.59000760511526,997
2024-09-20 10:58:06.369000,424.5874056595785,9
2024-09-20 10:58:06.371000,424.5858230241389,12
2024-09-20 10:58:06.390000,424.57414793205305,99
2024-09-20 10:58:06.410000,424.5922193683248,6
2024-09-20 10:58:06.528000,424.5752894484857,103
2024-09-20 10:58:06.533000,424.5954974320322,1003
2024-09-20 10:58:06.549000,424.58973590831647,998
2024-09-20 10:58:06.570000,424.57279164566336,996
2024-09-20 10:58:06.585000,424.5909268970927,95
2024-09-20 10:58:06.588000,424.5606048128768,995
2024-09-20 10:58:06.607000,424.5915206964501,996
2024-09-20 10:58:06.732000,424.5952229052818,1001
2024-09-20 10:58:06.759000,424.5709530867933,96
2024-09-20 10:58:06.817000,424.5731394178475,10
2024-09-20 10:58:06.920000,424.5744921179808,5
2024-09-20 10:58:06.935000,424.5766404260276,12
2024-09-20 10:58:07.419000,424.5843300893405,104
2024-09-20 10:58:07.647000,424.5932690609355,5
2024-09-20 10:58:08.073000,424.6362311801108,95
2024-09-20 10:58:08.152000,424.6565062867084,100
2024-09-20 10:58:08.165000,424.60640558468936,6
2024-09-20 10:58:08.166000,424.5893971439379,996
2024-09-20 10:58:08.174000,424.6229484172744,1004
2024-09-20 10:58:08.186000,424.590878388734,96
2024-09-20 10:58:08.194000,424.5880175114973,102
2024-09-20 10:58:08.239000,424.62024176881147,96
2024-09-20 10:58:08.250000,424.626364751139,100
2024-09-20 10:58:08.293000,424.58857582425,100
2024-09-20 10:58:08.322000,424.6053157861476,95
2024-09-20 10:58:08.370000,424.6158101242502,6
2024-09-20 10:58:08.587000,424.5923180555442,15
2024-09-20 10:58:08.638000,424.6154660145574,102
2024-09-20 10:58:08.663000,424.6480233366312,7
2024-09-20 10:58:08.667000,424.6295591521661,95
2024-09-20 10:58:08.687000,424.62264329561606,1005
2024-09-20 10:58:08.690000,424.5758837979288,1005
2024-09-20 10:58:08.788000,424.5629557374588,9
2024-09-20 10:58:08.837000,424.6190205948845,104
2024-09-20 10:58:08.862000,424.5818830952933,101
2024-09-20 10:58:08.887000,424.580715478858,996
2024-09-20 10:58:08.905000,424.592464113714,999
2024-09-20 10:58:09.383000,424.57648570727264,997
2024-09-20 10:58:11,424.5883552176671,96
2024-09-20 10:58:11.056000,424.4729763755632,99
2024-09-20 10:58:11.065000,424.5355725527541,1003
2024-09-20 10:58:11.142000,424.464504634354,5
2024-09-20 10:58:11.251000,424.5252404481138,998
2024-09-20 10:58:11.299000,424.5559214191287,14
2024-09-20 10:58:11.357000,424.5073398496685,995
2024-09-20 10:58:11.362000,424.5610722802351,1004
2024-09-20 10:58:11.395000,424.5698818571462,1004
2024-09-20 10:58:11.432000,424.4750122991132,97
2024-09-20 10:58:11.436000,424.45265703918056,98
2024-09-20 10:58:11.441000,424.556515825959,8
2024-09-20 10:58:11.457000,424.5717930456438,6
2024-09-20 10:58:11.465000,424.5582249302589,15
2024-09-20 10:58:11.484000,424.5480656265321,102
2024-09-20 10:58:11.487000,424.52146586701264,1000
2024-09-20 10:58:11.490000,424.5524085600864,12
2024-09-20 10:58:11.542000,424.5432763932542,101
2024-09-20 10:58:11.563000,424.4589321641012,999
2024-09-20 10:58:11.581000,424.5831319671248,1004
2024-09-20 10:58:11.637000,424.5792101134196,105
2024-09-20 10:58:11.675000,424.5888048687476,1001
2024-09-20 10:58:11.684000,424.5630855576701,15
2024-09-20 10:58:11.748000,424.51564222568487,7
2024-09-20 10:58:11.811000,424.5343235594401,1003
2024-09-20 10:58:11.877000,424.53831043152223,15
2024-09-20 10:58:11.888000,424.5709293089411,995
2024-09-20 10:58:11.894000,424.5456172124666,1004
2024-09-20 10:58:11.899000,424.5817659298832,1002
2024-09-20 10:58:11.953000,424.4799495429034,996
2024-09-20 10:58:12.003000,424.4679901819131,995
2024-09-20 10:58:12.056000,424.48995757316334,11
2024-09-20 10:58:12.078000,424.4938356216129,996
2024-09-20 10:58:12.135000,424.5109684718775,1004
2024-09-20 10:58:12.157000,424.5251013587276,100
2024-09-20 10:58:12.160000,424.472382371303,1001
2024-09-20 10:58:12.166000,424.5166016949826,105
2024-09-20 10:58:12.206000,424.47064654764193,101
2024-09-20 10:58:12.251000,424.4656552458531,101
2024-09-20 10:58:12.252000,424.4748633026846,9
2024-09-20 10:58:12.316000,424.496750183457,12
2024-09-20 10:58:12.355000,424.4898742322628,1005
2024-09-20 10:58:12.477000,424.4923116114283,96
2024-09-20 10:58:12.520000,424.52128192155874,11
2024-09-20 10:58:12.623000,424.4782642035911,996
2024-09-20 10:58:12.747000,424.4843686865578,6
2024-09-20 10:58:12.750000,424.5345800906874,9
2024-09-20 10:58:12.784000,424.5386220897439,5
2024-09-20 10:58:12.922000,424.5195017402712,12
2024-09-20 10:58:12.940000,424.5662290074837,99
2024-09-20 10:58:12.940000,424.5370891072362,104
2024-09-20 10:58:12.957000,424.4954009646037,1003
2024-09-20 10:58:12.966000,424.4671205130287,12
2024-09-20 10:58:13.031000,424.5662824462944,15
2024-09-20 10:58:13.119000,424.580523596217,996
2024-09-20 10:58:13.150000,424.5457035739333,997
2024-09-20 10:58:13.173000,424.54069596435215,6
2024-09-20 10:58:13.183000,424.5854570518313,9
2024-09-20 10:58:13.209000,424.543602795648,15
2024-09-20 10:58:13.233000,424.5568891417707,1003
2024-09-20 10:58:13.322000,424.5786653378618,95
2024-09-20 10:58:13.337000,424.5496336900064,995
2024-09-20 10:58:13.354000,424.56369325508655,1001
2024-09-20 10:58:13.360000,424.5529318602837,996
2024-09-20 10:58:13.375000,424.5955365792838,102
2024-09-20 10:58:13.386000,424.5483565006848,9
2024-09-20 10:58:13.490000,424.5410938900945,104
2024-09-20 10:58:13.495000,424.5441845036259,105
2024-09-20 10:58:13.496000,424.5608278453409,99
2024-09-20 10:58:13.509000,424.5792789767508,7
2024-09-20 10:58:13.552000,424.5476091579639,14
2024-09-20 10:58:13.571000,424.5742097172424,10
2024-09-20 10:58:13.576000,424.5795332208892,996
2024-09-20 10:58:13.584000,424.5419618485436,101
2024-09-20 10:58:13.651000,424.5555157320613,105
2024-09-20 10:58:13.695000,424.5576287210364,98
2024-09-20 10:58:13.762000,424.5515876334412,97
2024-09-20 10:58:13.765000,424.5669874022728,103
2024-09-20 10:58:13.880000,424.5510884422224,1003
2024-09-20 10:58:13.939000,424.5665472672286,995
2024-09-20 10:58:13.989000,424.5638768971494,102
2024-09-20 10:58:14.457000,424.5809187148332,1004
2024-09-20 10:58:14.751000,424.6122888730304,101
2024-09-20 10:58:14.867000,424.5751976572794,10
2024-09-20 10:58:14.914000,424.5809635130075,100
2024-09-20 10:58:15.047000,424.6365886748144,102
2024-09-20 10:58:15.056000,424.6570033953512,104
2024-09-20 10:58:15.109000,424.6384134818498,999
2024-09-20 10:58:15.117000,424.6419866910111,996
2024-09-20 10:58:15.144000,424.63899708686586,96
2024-09-20 10:58:15.196000,424.6300967778758,99
2024-09-20 10:58:15.248000,424.6171141872522,10
2024-09-20 10:58:15.258000,424.6438474472905,995
2024-09-20 10:58:15.419000,424.6361969877588,14
2024-09-20 10:58:15.533000,424.6356126070931,10
2024-09-20 10:58:15.597000,424.6404661173413,9
2024-09-20 10:58:15.797000,424.64312425620057,98
2024-09-20 10:58:15.927000,424.6402831351255,98
2024-09-20 10:58:16.175000,424.6726704749458,102
2024-09-20 10:58:16.185000,424.67479012596783,1000
2024-09-20 10:58:16.199000,424.6976280732075,998
2024-09-20 10:58:16.288000,424.66742549358986,1005
2024-09-20 10:58:16.296000,424.6667977977421,98
2024-09-20 10:58:16.310000,424.6567659856335,7
2024-09-20 10:58:16.316000,424.6403382741297,98
2024-09-20 10:58:16.330000,424.6423757885673,96
2024-09-20 10:58:16.342000,424.7127961849867,12
2024-09-20 10:58:16.347000,424.7523947845913,12
2024-09-20 10:58:16.372000,424.6521269789183,1004
2024-09-20 10:58:16.382000,424.6494785084011,103
2024-09-20 10:58:16.510000,424.7439195761993,6
2024-09-20 10:58:16.554000,424.6609996337351,104
2024-09-20 10:58:16.602000,424.7073194862772,6
2024-09-20 10:58:16.667000,424.6635285846705,14
2024-09-20 10:58:16.678000,424.65176508469017,102
2024-09-20 10:58:16.691000,424.6836974341944,10
2024-09-20 10:58:16.735000,424.6622790899533,95
2024-09-20 10:58:16.758000,424.7607123006552,105
2024-09-20 10:58:16.758000,424.6403732933172,100
2024-09-20 10:58:16.803000,424.6528376689109,9
2024-09-20 10:58:16.862000,424.7492410557081,96
2024-09-20 10:58:16.920000,424.74981274432827,13
2024-09-20 10:58:16.957000,424.7187328756005,998
2024-09-20 10:58:16.968000,424.66820219377706,1005
2024-09-20 10:58:17.008000,424.7445934502514,996
2024-09-20 10:58:17.036000,424.7738638458088,996
2024-09-20 10:58:17.063000,424.7344744558608,1003
2024-09-20 10:58:17.158000,424.7276094890546,998
2024-09-20 10:58:17.190000,424.7425567149671,1002
2024-09-20 10:58:17.218000,424.75177254287024,103
2024-09-20 10:58:17.218000,424.7267090340136,999
2024-09-20 10:58:17.337000,424.7285143440757,10
2024-09-20 10:58:17.349000,424.778558825178,95
2024-09-20 10:58:17.371000,424.7747470806773,95
2024-09-20 10:58:17.387000,424.76510563651686,1001
2024-09-20 10:58:17.489000,424.77020408208415,7
2024-09-20 10:58:17.493000,424.7703749144952,103
2024-09-20 10:58:17.587000,424.7550602125331,995
2024-09-20 10:58:17.656000,424.72795901761225,13
2024-09-20 10:58:17.663000,424.7258617591112,104
2024-09-20 10:58:17.689000,424.71949224335833,1005
2024-09-20 10:58:17.711000,424.733724200102,10
2024-09-20 10:58:17.736000,424.7540795590124,997
2024-09-20 10:58:17.793000,424.73487029403015,1004
2024-09-20 10:58:17.878000,424.7879069633236,12
2024-09-20 10:58:17.963000,424.76856223688833,14
2024-09-20 10:58:17.969000,424.7186553310497,15
2024-09-20 10:58:17.971000,424.7769143687464,997
2024-09-20 10:58:17.972000,424.7239374803761,98
2024-09-20 10:58:17.981000,424.7709756332103,997
2024-09-20 10:58:17.994000,424.7590435602461,11
2024-09-20 10:58:18.250000,424.7422405564553,5
2024-09-20 10:58:18.399000,424.7637320648647,996
2024-09-20 10:58:18.608000,424.73050841016817,1005
2024-09-20 10:58:19.027000,424.72257327660185,99
2024-09-20 10:58:19.134000,424.7052752311688,13
2024-09-20 10:58:19.229000,424.7186230928293,1004
2024-09-20 10:58:19.343000,424.7283718137464,998
2024-09-20 10:58:19.388000,424.7116197926762,1000
2024-09-20 10:58:19.537000,424.7186873134157,99
2024-09-20 10:58:19.558000,424.6987149023116,97
2024-09-20 10:58:19.693000,424.7191820558191,15
2024-09-20 10:58:19.719000,424.72573336961153,1001
2024-09-20 10:58:19.721000,424.71756018669146,97
2024-09-20 10:58:19.826000,424.7146259939163,12
2024-09-20 10:58:19.863000,424.7204801582848,13
2024-09-20 10:58:19.902000,424.69993477765024,15
2024-09-20 10:58:19.908000,424.7175351191867,103
2024-09-20 10:58:19.991000,424.70188819577055,100
2024-09-20 10:58:20.101000,424.7306574945876,1003
2024-09-20 10:58:20.264000,424.7132980970173,103
2024-09-20 10:58:20.303000,424.7400550476634,6
2024-09-20 10:58:20.561000,424.7449043537866,997
2024-09-20 10:58:20.635000,424.7031471690496,95
2024-09-20 10:58:20.648000,424.7508606578714,5
2024-09-20 10:58:20.743000,424.7450593016615,7
2024-09-20 10:58:20.816000,424.7278983895899,1003
2024-09-20 10:58:20.962000,424.6746184320632,102
2024-09-20 10:58:21.163000,424.7504320806573,11
2024-09-20 10:58:21.167000,424.747010700962,14
2024-09-20 10:58:21.241000,424.79179068507705,999
2024-09-20 10:58:21.262000,424.7653145678447,103
2024-09-20 10:58:21.282000,424.7742514481311,997
2024-09-20 10:58:21.305000,424.7549400746693,100
2024-09-20 10:58:21.363000,424.7891622974724,12
2024-09-20 10:58:21.374000,424.7716907899073,5
2024-09-20 10:58:21.416000,424.7827268939439,102
2024-09-20 10:58:21.419000,424.7643423310519,1000
2024-09-20 10:58:21.435000,424.7816961352284,1002
2024-09-20 10:58:21.477000,424.77105930019366,1004
2024-09-20 10:58:21.510000,424.7538463628962,96
2024-09-20 10:58:21.545000,424.7523137748506,13
2024-09-20 10:58:21.584000,424.7712639533863,1005
2024-09-20 10:58:21.650000,424.7485889760529,102
2024-09-20 10:58:21.665000,424.75864655922425,1000
2024-09-20 10:58:21.714000,424.75515575010826,102
2024-09-20 10:58:21.752000,424.7541562427355,1000
2024-09-20 10:58:21.790000,424.78969132521627,7
2024-09-20 10:58:21.919000,424.7715019909479,1000
2024-09-20 10:58:21.936000,424.7842648791173,998
2024-09-20 10:58:21.960000,424.7562804850339,999
2024-09-20 10:58:21.982000,424.75493274227335,1005
2024-09-20 10:58:22.181000,424.83397055144025,998
2024-09-20 10:58:22.214000,424.8166480696887,7
2024-09-20 10:58:22.762000,424.7807114719324,104
2024-09-20 10:58:22.867000,424.7906255435448,1000
2024-09-20 10:58:23.042000,424.81742349108265,13
2024-09-20 10:58:23.090000,424.8346975750944,13
2024-09-20 10:58:23.195000,424.8070884783683,10
2024-09-20 10:58:23.254000,424.8179810956692,96
2024-09-20 10:58:23.258000,424.8316913604456,1004
2024-09-20 10:58:23.285000,424.8065998042475,1004
2024-09-20 10:58:23.331000,424.7994070390322,998
2024-09-20 10:58:23.469000,424.8242957998885,102
2024-09-20 10:58:23.552000,424.8343351482408,6
2024-09-20 10:58:23.579000,424.845052223188,997
2024-09-20 10:58:23.600000,424.8433470126873,996
2024-09-20 10:58:23.623000,424.8247797428168,8
2024-09-20 10:58:23.630000,424.80876978841167,102
2024-09-20 10:58:23.641000,424.8179284852879,6
2024-09-20 10:58:23.662000,424.8372278099836,12
2024-09-20 10:58:23.689000,424.8172611597696,6
2024-09-20 10:58:23.693000,424.8172654802362,11
2024-09-20 10:58:23.700000,424.83828280132366,99
2024-09-20 10:58:23.730000,424.82330625507865,105
2024-09-20 10:58:23.792000,424.790513460608,99
2024-09-20 10:58:23.806000,424.83702263154265,1005
2024-09-20 10:58:23.851000,424.8337591955897,14
2024-09-20 10:58:23.880000,424.8107868054427,95
2024-09-20 10:58:23.888000,424.82392417066006,1001
2024-09-20 10:58:23.895000,424.83844358358016,105
2024-09-20 10:58:23.927000,424.8472159402233,995
2024-09-20 10:58:23.970000,424.8251239716603,6
2024-09-20 10:58:24.093000,424.868183165562,100
2024-09-20 10:58:24.156000,424.8679466132333,995
2024-09-20 10:58:24.172000,424.8429846915213,6
2024-09-20 10:58:24.219000,424.86427176797457,96
2024-09-20 10:58:24.367000,424.8223297587144,1004
2024-09-20 10:58:24.388000,424.8258194062289,11
2024-09-20 10:58:24.821000,424.8419359874972,999
2024-09-20 10:58:24.889000,424.8302529925791,7
2024-09-20 10:58:24.894000,424.8266555210016,997
2024-09-20 10:58:24.977000,424.8562983324797,1005
2024-09-20 10:58:26.029000,424.8679940894943,11
2024-09-20 10:58:26.031000,424.85018013860224,1005
2024-09-20 10:58:26.094000,424.8589300631554,96
2024-09-20 10:58:26.122000,424.8764914516424,99
2024-09-20 10:58:26.130000,424.8607701092921,96
2024-09-20 10:58:26.194000,424.8658682225521,7
2024-09-20 10:58:26.320000,424.858959267084,99
2024-09-20 10:58:26.588000,424.8583421816578,100
2024-09-20 10:58:26.601000,424.8215954941023,102
2024-09-20 10:58:26.601000,424.876135960244,98
2024-09-20 10:58:26.603000,424.86904027790376,11
2024-09-20 10:58:26.694000,424.86078965949696,11
2024-09-20 10:58:26.735000,424.8377469730516,10
2024-09-20 10:58:26.753000,424.8510301361002,1005
2024-09-20 10:58:26.843000,424.8435372913072,102
2024-09-20 10:58:26.980000,424.8529835689469,8
2024-09-20 10:58:27.069000,424.8202663949392,12
2024-09-20 10:58:27.144000,424.83145087128565,996
2024-09-20 10:58:27.198000,424.8366251813723,105
2024-09-20 10:58:27.361000,424.7891458116122,11
2024-09-20 10:58:27.538000,424.8166441898336,996
2024-09-20 10:58:27.561000,424.8267028553314,101
2024-09-20 10:58:27.703000,424.8101188665,97
2024-09-20 10:58:27.712000,424.80958460532,998
2024-09-20 10:58:27.735000,424.8362675942709,8
2024-09-20 10:58:27.844000,424.8210710601391,104
2024-09-20 10:58:27.926000,424.82231585393663,96
2024-09-20 10:58:27.935000,424.8269706620663,8
2024-09-20 10:58:28.012000,424.8117200051346,105
2024-09-20 10:58:28.384000,424.8420422514636,996
2024-09-20 10:58:28.502000,424.8155675638321,12
2024-09-20 10:58:28.639000,424.83045955411706,7
2024-09-20 10:58:28.804000,424.82962300207504,12
2024-09-20 10:58:28.888000,424.8270716654795,97
2024-09-20 10:58:29.063000,424.8296933457893,1005
2024-09-20 10:58:29.085000,424.8272410480825,1002
2024-09-20 10:58:29.111000,424.85130192670016,96
2024-09-20 10:58:29.113000,424.8349076788599,104
2024-09-20 10:58:29.193000,424.8235739989318,99
2024-09-20 10:58:29.250000,424.8297262863308,11
2024-09-20 10:58:29.291000,424.860160047772,101
2024-09-20 10:58:29.648000,424.846946765079,15
2024-09-20 10:58:29.708000,424.8638750591595,99
2024-09-20 10:58:29.789000,424.8763322559536,996
2024-09-20 10:58:29.907000,424.87873301524303,100
2024-09-20 10:58:29.925000,424.8243490047878,98
2024-09-20 10:58:29.940000,424.82193333454416,104
2024-09-20 10:58:30.012000,424.8226851688867,105
2024-09-20 10:58:30.078000,424.7936965572083,1004
2024-09-20 10:58:30.090000,424.8147688124535,103
2024-09-20 10:58:30.092000,424.84067370314864,10
2024-09-20 10:58:30.093000,424.8191249686852,1005
2024-09-20 10:58:30.120000,424.8223947794971,5
2024-09-20 10:58:30.195000,424.8260406124096,102
2024-09-20 10:58:30.206000,424.7994263480008,12
2024-09-20 10:58:30.304000,424.8349749172876,9
2024-09-20 10:58:30.311000,424.8516325148594,100
2024-09-20 10:58:30.365000,424.8248569421218,8
2024-09-20 10:58:30.417000,424.7981276263135,13
2024-09-20 10:58:30.483000,424.8233382327423,10
2024-09-20 10:58:30.528000,424.8712261523765,14
2024-09-20 10:58:30.549000,424.8369992994137,1001
2024-09-20 10:58:30.587000,424.8229572559145,998
2024-09-20 10:58:30.608000,424.8645947272922,998
2024-09-20 10:58:30.702000,424.8368851275662,97
2024-09-20 10:58:30.726000,424.7951253099653,97
2024-09-20 10:58:30.784000,424.8210573529405,102
2024-09-20 10:58:30.788000,424.8196863739684,1003
2024-09-20 10:58:30.813000,424.7720164729584,1003
2024-09-20 10:58:30.834000,424.8588574542381,10
2024-09-20 10:58:30.835000,424.7887348455498,999
2024-09-20 10:58:30.882000,424.7913205713934,103
2024-09-20 10:58:30.906000,424.8464162252624,100
2024-09-20 10:58:32.148000,424.7695992134492,101
2024-09-20 10:58:32.555000,424.7824513292062,996
2024-09-20 10:58:32.684000,424.7837330531205,104
2024-09-20 10:58:32.849000,424.78767389553065,15
2024-09-20 10:58:32.874000,424.7768187441682,6
2024-09-20 10:58:33.006000,424.76875544573033,5
2024-09-20 10:58:33.068000,424.7857252347376,995
2024-09-20 10:58:33.400000,424.7875544471637,101
2024-09-20 10:58:33.487000,424.79361201957056,99
2024-09-20 10:58:33.918000,424.79799872773214,102
2024-09-20 10:58:34.026000,424.8127957829027,15
2024-09-20 10:58:34.117000,424.7857016291414,999
2024-09-20 10:58:34.203000,424.8221264951842,995
2024-09-20 10:58:34.239000,424.7978780155413,996
2024-09-20 10:58:34.264000,424.7910180315136,13
2024-09-20 10:58:34.291000,424.7705919958808,13
2024-09-20 10:58:34.337000,424.80830978251055,98
2024-09-20 10:58:34.369000,424.80971558168096,13
2024-09-20 10:58:34.834000,424.8321846468381,11
2024-09-20 10:58:34.872000,424.8055091949412,5
2024-09-20 10:58:35.010000,424.8362932578361,13
2024-09-20 10:58:35.034000,424.7639885942321,102
2024-09-20 10:58:35.034000,424.8374434894875,100
2024-09-20 10:58:35.113000,424.8350618981321,995
2024-09-20 10:58:35.128000,424.7742892561321,11
2024-09-20 10:58:35.200000,424.7939468222117,1003
2024-09-20 10:58:35.268000,424.8025523805085,96
2024-09-20 10:58:35.592000,424.8306222853397,5
2024-09-20 10:58:35.952000,424.8373609621093,101
2024-09-20 10:58:36.014000,424.7250441832857,14
2024-09-20 10:58:36.047000,424.7126775905538,104
2024-09-20 10:58:36.105000,424.72712744879743,1004
2024-09-20 10:58:36.164000,424.7179480361335,98
2024-09-20 10:58:36.273000,424.7499951278428,99
2024-09-20 10:58:36.292000,424.7452207918902,102
2024-09-20 10:58:36.328000,424.7489279009208,100
2024-09-20 10:58:36.339000,424.7383439761925,95
2024-09-20 10:58:36.343000,424.72195496329135,998
2024-09-20 10:58:36.450000,424.7340180378617,10
2024-09-20 10:58:36.752000,424.7023085223483,104
2024-09-20 10:58:36.752000,424.7250661751787,104
2024-09-20 10:58:36.769000,424.72168817901553,1002
2024-09-20 10:58:36.771000,424.7744739670407,11
2024-09-20 10:58:36.847000,424.7180749114909,98
2024-09-20 10:58:36.871000,424.74900821056974,1003
2024-09-20 10:58:36.920000,424.7071435467788,105
2024-09-20 10:58:36.921000,424.721426465552,96
2024-09-20 10:58:36.949000,424.7425789583574,5
2024-09-20 10:58:36.960000,424.7273331753162,11
2024-09-20 10:58:37.951000,424.76538881451023,998
2024-09-20 10:58:37.980000,424.786322967305,96
2024-09-20 10:58:38.028000,424.78876982646193,1001
2024-09-20 10:58:38.172000,424.8271173564998,5
2024-09-20 10:58:38.179000,424.8176283829487,13
2024-09-20 10:58:38.203000,424.8446678046297,1004
2024-09-20 10:58:38.235000,424.7985280257191,14
2024-09-20 10:58:38.266000,424.7898008533922,96
2024-09-20 10:58:38.280000,424.7789096150108,98
2024-09-20 10:58:38.324000,424.79767953409566,100
2024-09-20 10:58:38.347000,424.7861778784171,15
2024-09-20 10:58:38.426000,424.821995360628,105
2024-09-20 10:58:38.435000,424.83984676731046,1000
2024-09-20 10:58:38.446000,424.8212794094466,8
2024-09-20 10:58:38.460000,424.8153433678312,96
2024-09-20 10:58:38.707000,424.8346490950056,1000
2024-09-20 10:58:38.750000,424.8055220413038,1004
2024-09-20 10:58:38.781000,424.7752004191976,995
2024-09-20 10:58:38.792000,424.8101613225732,99
2024-09-20 10:58:39.032000,424.91454093933,101
2024-09-20 10:58:39.068000,424.85327172138847,1002
2024-09-20 10:58:39.107000,424.8349477752925,997
2024-09-20 10:58:39.126000,424.8341023299412,6
2024-09-20 10:58:39.139000,424.8390571805257,5
2024-09-20 10:58:39.160000,424.85398400780014,103
2024-09-20 10:58:39.173000,424.82250988072826,1005
2024-09-20 10:58:39.192000,424.83980473838346,995
2024-09-20 10:58:39.284000,424.8924411682034,12
2024-09-20 10:58:39.353000,424.8539239805688,6
2024-09-20 10:58:39.404000,424.8191598934597,100
2024-09-20 10:58:39.448000,424.8466515811821,103
2024-09-20 10:58:39.456000,424.8188645733546,997
2024-09-20 10:58:39.457000,424.8460636063698,96
2024-09-20 10:58:39.471000,424.8845641547576,999
2024-09-20 10:58:39.480000,424.8461527568289,95
2024-09-20 10:58:39.584000,424.80618080778095,995
2024-09-20 10:58:39.693000,424.8014398048876,95
2024-09-20 10:58:39.712000,424.85016670798205,5
2024-09-20 10:58:39.809000,424.8924414377835,99
2024-09-20 10:58:39.830000,424.9390154811594,1005
2024-09-20 10:58:39.848000,424.8307939361414,5
2024-09-20 10:58:39.851000,424.8400922519925,997
2024-09-20 10:58:39.879000,424.8455728784692,98
2024-09-20 10:58:39.910000,424.82636713137583,1002
2024-09-20 10:58:39.999000,424.9155072641924,995
2024-09-20 10:58:40.016000,424.92991852635583,7
2024-09-20 10:58:41.126000,425.00200891204776,104
2024-09-20 10:58:41.260000,425.0155513814112,1003
2024-09-20 10:58:41.268000,425.0076950214788,10
2024-09-20 10:58:41.326000,425.040052416813,102
2024-09-20 10:58:41.423000,425.025503610771,1003
2024-09-20 10:58:41.442000,424.97696241711856,11
2024-09-20 10:58:41.450000,424.95691902718187,11
2024-09-20 10:58:41.469000,425.0461883363435,13
2024-09-20 10:58:41.471000,424.94313326793946,14
2024-09-20 10:58:41.496000,424.9759924301841,102
2024-09-20 10:58:41.501000,424.9819684035946,999
2024-09-20 10:58:41.580000,424.9763891778578,996
2024-09-20 10:58:41.617000,425.0247775630088,105
2024-09-20 10:58:41.623000,424.9199307736872,100
2024-09-20 10:58:41.670000,424.98555002923007,9
2024-09-20 10:58:41.809000,424.9530394013261,1004
2024-09-20 10:58:41.810000,424.9720528136176,100
2024-09-20 10:58:41.871000,425.0037987922341,997
2024-09-20 10:58:41.891000,424.9134252718632,6
2024-09-20 10:58:41.930000,425.0196212813029,5
2024-09-20 10:58:41.945000,424.965215620168,13
2024-09-20 10:58:41.949000,425.019227459216,998
2024-09-20 10:58:41.970000,425.006542553326,95
2024-09-20 10:58:41.980000,424.95101458518286,8
2024-09-20 10:58:41.995000,424.9817267537476,1004
2024-09-20 10:58:42.085000,424.9438738961432,100
2024-09-20 10:58:42.111000,424.9631557485982,13
2024-09-20 10:58:42.314000,424.9126050190788,100
2024-09-20 10:58:42.584000,424.9706032011978,103
2024-09-20 10:58:42.651000,424.9378753472155,1002
2024-09-20 10:58:42.664000,424.9368059313704,8
2024-09-20 10:58:42.679000,424.9635876888946,7
2024-09-20 10:58:42.741000,424.9402920114317,97
2024-09-20 10:58:42.934000,424.9666448818995,1001
2024-09-20 10:58:42.944000,424.9617815842864,995
2024-09-20 10:58:42.952000,424.9228542486628,7
2024-09-20 10:58:43.083000,425.0171033486888,5
2024-09-20 10:58:43.119000,425.0010946691176,11
2024-09-20 10:58:43.365000,424.9890380554495,99
2024-09-20 10:58:43.373000,424.9606226157039,13
2024-09-20 10:58:43.482000,424.9944301191897,13
2024-09-20 10:58:43.613000,425.0189024845606,1002
2024-09-20 10:58:43.625000,425.0010250761844,997
2024-09-20 10:58:43.786000,425.0124258987067,104
2024-09-20 10:58:43.843000,424.99253755690654,105
2024-09-20 10:58:43.928000,425.02083710988,100
2024-09-20 10:58:43.973000,424.97327562772006,1000
2024-09-20 10:58:45.049000,424.9753387820836,14
2024-09-20 10:58:45.252000,424.98757294650943,10
2024-09-20 10:58:45.284000,424.983924921647,996
2024-09-20 10:58:45.291000,424.9730933395266,1000
2024-09-20 10:58:45.319000,424.9744885548251,100
2024-09-20 10:58:45.541000,424.9759448065136,14
2024-09-20 10:58:45.565000,425.00133125054975,1002
2024-09-20 10:58:45.742000,424.9738150303806,997
2024-09-20 10:58:45.746000,424.9779780512461,12
2024-09-20 10:58:45.805000,425.0020869234861,15
2024-09-20 10:58:45.939000,424.9815180285593,5
2024-09-20 10:58:45.947000,424.99986393160566,102
2024-09-20 10:58:45.988000,424.9848846499804,99
2024-09-20 10:58:46.046000,424.97636442555086,997
2024-09-20 10:58:46.414000,424.9728503389347,1003
2024-09-20 10:58:46.428000,424.96070358103896,104
2024-09-20 10:58:46.639000,424.9762646599687,11
2024-09-20 10:58:46.686000,424.9879343206592,995
2024-09-20 10:58:46.695000,424.9671939486177,996
2024-09-20 10:58:46.864000,424.9735975482517,105
2024-09-20 10:58:46.878000,424.9809800096776,1005
2024-09-20 10:58:46.913000,424.9850935018748,102
2024-09-20 10:58:47.002000,424.9802502322592,999
2024-09-20 10:58:47.234000,424.9976771143467,1004
2024-09-20 10:58:47.432000,425.007679504858,100
2024-09-20 10:58:47.591000,424.9652223209763,13
2024-09-20 10:58:47.606000,425.0259005282469,1002
2024-09-20 10:58:47.623000,425.0086116572358,1002
2024-09-20 10:58:47.786000,425.0179370329177,101
2024-09-20 10:58:48.015000,425.080100769952,102
2024-09-20 10:58:48.034000,425.0801970156278,9
2024-09-20 10:58:48.036000,425.0586630995037,12
2024-09-20 10:58:48.048000,425.0452781752924,96
2024-09-20 10:58:48.093000,425.0400075324738,14
2024-09-20 10:58:48.128000,425.03577350913554,1005
2024-09-20 10:58:48.184000,425.06962448461655,1000
2024-09-20 10:58:48.232000,425.07066751372486,6
2024-09-20 10:58:48.251000,425.0349274236778,13
2024-09-20 10:58:48.253000,425.0667670106723,999
2024-09-20 10:58:48.278000,425.0446654521408,12
2024-09-20 10:58:48.327000,425.0443736369356,998
2024-09-20 10:58:48.349000,425.054687485479,1003
2024-09-20 10:58:48.356000,425.04492365595394,996
2024-09-20 10:58:48.406000,425.0600359006044,97
2024-09-20 10:58:48.464000,425.0619510313044,995
2024-09-20 10:58:48.574000,425.06385548337767,5
2024-09-20 10:58:48.603000,425.0617399956267,12
2024-09-20 10:58:48.621000,425.0532285218466,13
2024-09-20 10:58:48.627000,425.0548837097724,103
2024-09-20 10:58:48.661000,425.0635397327806,11
2024-09-20 10:58:48.723000,425.0776215726907,13
2024-09-20 10:58:48.736000,425.05893883342526,105
2024-09-20 10:58:48.761000,425.0639763302511,96
2024-09-20 10:58:48.805000,425.0957652421552,996
2024-09-20 10:58:48.812000,425.0682967439751,101
2024-09-20 10:58:48.854000,425.0496516788883,9
2024-09-20 10:58:48.992000,425.068078172073,14
2024-09-20 10:58:49.091000,425.07914237724304,5
2024-09-20 10:58:49.200000,425.08049857305656,105
2024-09-20 10:58:49.400000,425.0714876746743,1004
2024-09-20 10:58:49.597000,425.0642921165807,1002
2024-09-20 10:58:49.643000,425.0539559227899,1003
2024-09-20 10:58:49.664000,425.08095411826434,6
2024-09-20 10:58:49.677000,425.0618128746341,101
2024-09-20 10:58:49.998000,425.09358891114647,1001
2024-09-20 10:58:50.270000,425.022761778782,14
2024-09-20 10:58:50.283000,425.03452075625296,102
2024-09-20 10:58:50.284000,425.0663592150417,996
2024-09-20 10:58:50.326000,425.00544643869233,95
2024-09-20 10:58:50.342000,425.01738503287294,15
2024-09-20 10:58:50.348000,425.036798477527,13
2024-09-20 10:58:50.382000,425.0190238404314,12
2024-09-20 10:58:50.392000,425.0116840040226,998
2024-09-20 10:58:50.404000,425.0391317754,9
2024-09-20 10:58:50.498000,425.0578082050845,95
2024-09-20 10:58:50.504000,425.0276094076611,96
2024-09-20 10:58:50.573000,425.0396298073275,102
2024-09-20 10:58:50.665000,425.0528632268415,7
2024-09-20 10:58:50.674000,425.0579350438196,5
2024-09-20 10:58:50.809000,425.0648341869716,1000
2024-09-20 10:58:50.911000,425.0575494366371,13
2024-09-20 10:58:51.070000,424.9259797661867,995
2024-09-20 10:58:51.076000,424.91371331617,1003
2024-09-20 10:58:51.116000,424.9189406480498,1000
2024-09-20 10:58:51.119000,424.9811285083508,996
2024-09-20 10:58:51.145000,424.9585147143176,995
2024-09-20 10:58:51.164000,424.91766441021,103
2024-09-20 10:58:51.167000,424.967535353872,9
2024-09-20 10:58:51.183000,424.9316305010162,1001
2024-09-20 10:58:51.187000,424.9449422168352,9
2024-09-20 10:58:51.194000,424.8994361044848,105
2024-09-20 10:58:51.202000,424.9955081752322,10
2024-09-20 10:58:51.439000,424.9800127996797,10
2024-09-20 10:58:51.458000,424.9575359869384,8
2024-09-20 10:58:51.505000,424.9298022317486,104
2024-09-20 10:58:51.558000,424.9864655335256,14
2024-09-20 10:58:51.565000,424.9217360454908,104
2024-09-20 10:58:51.590000,424.9076501522068,8
2024-09-20 10:58:51.600000,424.9077499536552,95
2024-09-20 10:58:51.613000,424.9298132435213,97
2024-09-20 10:58:51.622000,424.9377867336999,6
2024-09-20 10:58:51.656000,424.9917191689156,98
2024-09-20 10:58:51.726000,424.9194868206584,1001
2024-09-20 10:58:51.752000,424.9790511020136,9
2024-09-20 10:58:51.754000,424.9417693977123,1000
2024-09-20 10:58:51.783000,424.9506149906708,13
2024-09-20 10:58:51.819000,424.9905497386461,12
2024-09-20 10:58:51.900000,424.9733597682516,5
2024-09-20 10:58:51.901000,424.9002489581089,8
2024-09-20 10:58:51.975000,424.9029019498629,103
2024-09-20 10:58:52.060000,424.9807349316725,1001
2024-09-20 10:58:52.345000,424.9623009183148,101
2024-09-20 10:58:52.469000,424.9573157714527,5
2024-09-20 10:58:52.517000,424.9609170455061,995
2024-09-20 10:58:52.734000,424.9896866137672,104
2024-09-20 10:58:52.759000,424.9547214628383,1001
2024-09-20 10:58:52.765000,424.9368574418652,6
2024-09-20 10:58:52.791000,424.9661041016296,98
2024-09-20 10:58:52.801000,424.9436319072032,1002
2024-09-20 10:58:52.939000,424.95700608044245,9
2024-09-20 10:58:53.030000,425.020066374444,97
2024-09-20 10:58:53.155000,425.01588740374063,98
2024-09-20 10:58:53.164000,425.0301747479282,96
2024-09-20 10:58:53.207000,425.03729693196016,1005
2024-09-20 10:58:53.213000,425.0268793054855,996
2024-09-20 10:58:53.223000,424.988534979405,8
2024-09-20 10:58:53.228000,425.0403978687466,1005
2024-09-20 10:58:53.333000,425.0263864840384,7
2024-09-20 10:58:53.429000,425.0226344201813,1003
2024-09-20 10:58:53.440000,425.0369661590455,1000
2024-09-20 10:58:53.494000,425.0260380403055,1001
2024-09-20 10:58:53.495000,425.0057367623163,102
2024-09-20 10:58:53.631000,425.04143692218105,8
2024-09-20 10:58:53.653000,425.0096391738091,99
2024-09-20 10:58:53.657000,424.9838127558641,15
2024-09-20 10:58:53.724000,425.0517797083,103
2024-09-20 10:58:53.725000,425.0484932650277,1003
2024-09-20 10:58:53.728000,425.05294191891176,14
2024-09-20 10:58:53.731000,425.0134840434202,98
2024-09-20 10:58:53.772000,424.9735649190257,8
2024-09-20 10:58:53.789000,425.0055825082828,5
2024-09-20 10:58:53.838000,424.9791713924817,12
2024-09-20 10:58:53.900000,425.0324139889522,1005
2024-09-20 10:58:53.926000,424.9927368005226,7
2024-09-20 10:58:53.927000,425.03137130556615,999
2024-09-20 10:58:53.933000,425.0182593016485,100
2024-09-20 10:58:53.972000,425.0399267761031,15
2024-09-20 10:58:53.987000,425.0365036714144,104
2024-09-20 10:58:54.440000,425.0075819752452,11
2024-09-20 10:58:54.635000,425.00999877877456,999
2024-09-20 10:58:54.645000,425.0247388981787,96
2024-09-20 10:58:55.071000,424.96589601153295,98
2024-09-20 10:58:55.228000,424.9820719957533,96
2024-09-20 10:58:55.249000,424.97870401420886,997
2024-09-20 10:58:55.293000,424.9939811528851,98
2024-09-20 10:58:55.335000,424.9819589012363,1005
2024-09-20 10:58:55.361000,424.9557591096608,9
2024-09-20 10:58:55.422000,424.9894517971968,10
2024-09-20 10:58:55.504000,424.9700464037139,995
2024-09-20 10:58:55.659000,424.9501880742421,1005
2024-09-20 10:58:55.664000,424.9833997812824,104
2024-09-20 10:58:55.862000,424.9608290175871,11
2024-09-20 10:58:55.869000,424.9655893152494,101
2024-09-20 10:58:55.869000,424.983991456457,95
2024-09-20 10:58:55.932000,424.9996315421408,101
2024-09-20 10:58:55.943000,424.9830331967129,98
2024-09-20 10:58:56.439000,424.9844255841312,15
2024-09-20 10:58:56.832000,424.9512818207054,96
2024-09-20 10:58:57.033000,424.94216152817694,998
2024-09-20 10:58:57.747000,424.9484189739309,101
2024-09-20 10:58:57.980000,424.9143485199176,95
2024-09-20 10:58:58.124000,424.9600568129096,997
2024-09-20 10:58:58.200000,424.9730355670975,97
2024-09-20 10:58:58.218000,424.9769779752768,14
2024-09-20 10:58:59.298000,424.97856221397234,1002
2024-09-20 10:58:59.326000,425.0021470751897,8
2024-09-20 10:58:59.485000,424.98549398236185,996
2024-09-20 10:58:59.540000,424.9720570419058,102
2024-09-20 10:58:59.571000,424.97607693888426,10
2024-09-20 10:58:59.690000,424.9688137027357,1004
