Timestamp,Price,Size
2024-09-20 10:22:00.066000,424.1925283546799,102
2024-09-20 10:22:00.112000,424.2067046479167,5
2024-09-20 10:22:00.131000,424.1938126269338,6
2024-09-20 10:22:00.272000,424.1220828257224,104
2024-09-20 10:22:00.305000,424.1449939519112,6
2024-09-20 10:22:00.330000,424.1533642990423,1002
2024-09-20 10:22:00.364000,424.1347179936174,1003
2024-09-20 10:22:00.405000,424.1436714031527,1003
2024-09-20 10:22:00.531000,424.1032086913313,102
2024-09-20 10:22:00.586000,424.1462700584844,11
2024-09-20 10:22:00.594000,424.2059839024431,7
2024-09-20 10:22:00.647000,424.121353549316,1002
2024-09-20 10:22:00.795000,424.17249834407215,99
2024-09-20 10:22:00.797000,424.14596050955583,15
2024-09-20 10:22:00.813000,424.1430513417952,999
2024-09-20 10:22:00.895000,424.1088546118197,12
2024-09-20 10:22:00.967000,424.1339994432517,1001
2024-09-20 10:22:01.007000,424.2075460951606,104
2024-09-20 10:22:01.056000,424.2232855079585,5
2024-09-20 10:22:01.102000,424.2371771735124,1005
2024-09-20 10:22:01.111000,424.2308045856886,1004
2024-09-20 10:22:01.130000,424.2229863438191,1004
2024-09-20 10:22:01.136000,424.2186460072582,105
2024-09-20 10:22:01.256000,424.23849778592734,102
2024-09-20 10:22:01.279000,424.2107455267886,1003
2024-09-20 10:22:01.353000,424.2479368244643,996
2024-09-20 10:22:01.356000,424.21866622429127,96
2024-09-20 10:22:01.364000,424.2498969507059,6
2024-09-20 10:22:01.419000,424.2399545862271,97
2024-09-20 10:22:01.432000,424.2360072089921,998
2024-09-20 10:22:01.550000,424.2131148682357,1003
2024-09-20 10:22:01.579000,424.2417554917123,102
2024-09-20 10:22:01.671000,424.2378883125224,13
2024-09-20 10:22:01.730000,424.2240621644704,103
2024-09-20 10:22:01.843000,424.2425180164808,14
2024-09-20 10:22:01.864000,424.238936774382,997
2024-09-20 10:22:01.993000,424.2176427206126,101
2024-09-20 10:22:02.066000,424.2491741692692,14
2024-09-20 10:22:02.083000,424.2356798097259,102
2024-09-20 10:22:02.323000,424.24014165469913,5
2024-09-20 10:22:02.421000,424.2322186972693,6
2024-09-20 10:22:02.424000,424.226682311269,100
2024-09-20 10:22:02.493000,424.2241953348991,100
2024-09-20 10:22:02.512000,424.22825428740646,102
2024-09-20 10:22:02.540000,424.2360936349613,98
2024-09-20 10:22:02.545000,424.22849977820175,1004
2024-09-20 10:22:02.554000,424.2350226348005,95
2024-09-20 10:22:02.557000,424.23224389660527,998
2024-09-20 10:22:02.735000,424.2400995302808,1002
2024-09-20 10:22:02.886000,424.2297671791369,1002
2024-09-20 10:22:03.050000,424.23064741132697,104
2024-09-20 10:22:03.067000,424.23129453220366,996
2024-09-20 10:22:03.166000,424.29706899295337,1001
2024-09-20 10:22:03.188000,424.2695149534724,1002
2024-09-20 10:22:03.254000,424.24111452710025,14
2024-09-20 10:22:03.304000,424.2517070347329,97
2024-09-20 10:22:03.360000,424.2316529558644,100
2024-09-20 10:22:03.411000,424.25524983426135,96
2024-09-20 10:22:03.434000,424.2474880839112,5
2024-09-20 10:22:03.440000,424.26873640565503,1001
2024-09-20 10:22:03.478000,424.24558437065554,97
2024-09-20 10:22:03.533000,424.2481436736171,1005
2024-09-20 10:22:03.546000,424.25123526001744,101
2024-09-20 10:22:03.785000,424.2533630173845,13
2024-09-20 10:22:03.809000,424.21800554828087,1000
2024-09-20 10:22:03.844000,424.2607406830294,6
2024-09-20 10:22:03.846000,424.2163204754948,998
2024-09-20 10:22:03.851000,424.2499934189076,1002
2024-09-20 10:22:03.906000,424.2662474627157,95
2024-09-20 10:22:03.920000,424.2475164885772,13
2024-09-20 10:22:03.985000,424.2574435094824,1002
2024-09-20 10:22:04.064000,424.25265438987753,14
2024-09-20 10:22:04.301000,424.2688260265013,996
2024-09-20 10:22:04.437000,424.2734040712451,1004
2024-09-20 10:22:04.508000,424.2639750875818,1004
2024-09-20 10:22:04.530000,424.2612902273471,995
2024-09-20 10:22:04.751000,424.2523928308303,999
2024-09-20 10:22:04.839000,424.2493513355657,12
2024-09-20 10:22:04.890000,424.2395066266793,14
2024-09-20 10:22:04.895000,424.24392939686425,99
2024-09-20 10:22:04.967000,424.25545353520334,100
2024-09-20 10:22:05.091000,424.23852012013685,99
2024-09-20 10:22:05.155000,424.2719532717432,5
2024-09-20 10:22:05.156000,424.2136688666207,9
2024-09-20 10:22:05.168000,424.2084307558965,998
2024-09-20 10:22:05.211000,424.2758450341903,15
2024-09-20 10:22:05.240000,424.1884534608985,96
2024-09-20 10:22:05.325000,424.2481350148458,6
2024-09-20 10:22:05.340000,424.18839754799177,1002
2024-09-20 10:22:05.374000,424.274430683694,13
2024-09-20 10:22:05.416000,424.2445903525007,1005
2024-09-20 10:22:05.418000,424.26201053853686,7
2024-09-20 10:22:05.431000,424.2541983520637,997
2024-09-20 10:22:05.437000,424.2094305292078,997
2024-09-20 10:22:05.440000,424.18941920644426,10
2024-09-20 10:22:05.486000,424.2375733363015,99
2024-09-20 10:22:05.493000,424.2612637907274,1001
2024-09-20 10:22:05.509000,424.20890440376695,105
2024-09-20 10:22:05.530000,424.2557622429795,104
2024-09-20 10:22:05.546000,424.2077415925224,996
2024-09-20 10:22:05.606000,424.2276207876856,5
2024-09-20 10:22:05.608000,424.2015379630747,8
2024-09-20 10:22:05.627000,424.2684951244772,105
2024-09-20 10:22:05.702000,424.19494100739473,999
2024-09-20 10:22:05.774000,424.257926231069,1000
2024-09-20 10:22:05.794000,424.2014094794104,99
2024-09-20 10:22:05.845000,424.2247231063282,1002
2024-09-20 10:22:05.915000,424.19531663621257,998
2024-09-20 10:22:05.984000,424.2545760334247,1001
2024-09-20 10:22:06.062000,424.19684868875584,10
2024-09-20 10:22:06.124000,424.1642852967244,100
2024-09-20 10:22:06.140000,424.1949594155763,12
2024-09-20 10:22:06.146000,424.1828694454722,997
2024-09-20 10:22:06.153000,424.1948357310607,105
2024-09-20 10:22:06.169000,424.18017852892825,99
2024-09-20 10:22:06.169000,424.1752027547984,12
2024-09-20 10:22:06.180000,424.17818075674194,14
2024-09-20 10:22:06.243000,424.16654844738207,95
2024-09-20 10:22:06.283000,424.2111029773876,1005
2024-09-20 10:22:06.289000,424.1991476221704,102
2024-09-20 10:22:06.378000,424.1859396925,8
2024-09-20 10:22:06.396000,424.2038782524333,105
2024-09-20 10:22:06.423000,424.1609886609542,101
2024-09-20 10:22:06.454000,424.16546938499727,7
2024-09-20 10:22:06.551000,424.1567872107484,1001
2024-09-20 10:22:06.576000,424.160358660708,101
2024-09-20 10:22:06.584000,424.18325456815927,10
2024-09-20 10:22:06.640000,424.1796871465376,101
2024-09-20 10:22:06.641000,424.201555411805,95
2024-09-20 10:22:06.677000,424.2031951609941,104
2024-09-20 10:22:06.706000,424.180077429953,12
2024-09-20 10:22:06.790000,424.177809331117,1003
2024-09-20 10:22:06.812000,424.1677141816846,1003
2024-09-20 10:22:06.819000,424.1752818622396,1005
2024-09-20 10:22:06.840000,424.1877879324522,8
2024-09-20 10:22:06.846000,424.18679582090425,101
2024-09-20 10:22:06.862000,424.19829118052576,12
2024-09-20 10:22:06.924000,424.2086366745823,995
2024-09-20 10:22:06.978000,424.2043381322155,97
2024-09-20 10:22:07.102000,424.11778568883983,96
2024-09-20 10:22:07.209000,424.10102153063696,12
2024-09-20 10:22:07.244000,424.1251302699488,98
2024-09-20 10:22:07.267000,424.0725606557552,99
2024-09-20 10:22:07.268000,424.1771435958359,102
2024-09-20 10:22:07.273000,424.1204784468479,95
2024-09-20 10:22:07.294000,424.1439385649416,96
2024-09-20 10:22:07.305000,424.1305853357089,8
2024-09-20 10:22:07.477000,424.0874096658375,1001
2024-09-20 10:22:07.556000,424.07663878076426,6
2024-09-20 10:22:07.669000,424.1424460655309,995
2024-09-20 10:22:07.760000,424.132413629123,13
2024-09-20 10:22:07.823000,424.1052354313619,103
2024-09-20 10:22:07.877000,424.1106368213991,998
2024-09-20 10:22:07.897000,424.0721969435499,1005
2024-09-20 10:22:07.904000,424.13250415190834,95
2024-09-20 10:22:07.929000,424.1130185120522,104
2024-09-20 10:22:07.957000,424.0992612343406,1004
2024-09-20 10:22:08.089000,424.0072356950343,5
2024-09-20 10:22:08.128000,423.98969313913,100
2024-09-20 10:22:08.195000,424.0091058216587,1002
2024-09-20 10:22:08.275000,423.9763567202517,998
2024-09-20 10:22:08.293000,424.0091635772507,995
2024-09-20 10:22:08.314000,423.9997219915778,1000
2024-09-20 10:22:08.396000,423.9939058350093,97
2024-09-20 10:22:08.404000,423.9937210041664,1004
2024-09-20 10:22:08.418000,423.9904755163987,99
2024-09-20 10:22:08.551000,424.05294612348087,14
2024-09-20 10:22:08.611000,424.0525906211613,997
2024-09-20 10:22:08.728000,424.0100927566953,12
2024-09-20 10:22:08.862000,423.992892332593,96
2024-09-20 10:22:08.915000,423.9929227590022,1003
2024-09-20 10:22:09.237000,423.9707431264879,104
2024-09-20 10:22:09.351000,423.9631928608463,101
2024-09-20 10:22:09.551000,423.995577249878,15
2024-09-20 10:22:09.794000,423.9983953429561,13
2024-09-20 10:22:09.835000,424.0006919860475,13
2024-09-20 10:22:09.919000,423.9871920972622,999
2024-09-20 10:22:09.997000,424.003041527992,1001
2024-09-20 10:22:10.193000,423.9739827273634,105
2024-09-20 10:22:10.199000,423.9971578247584,1001
2024-09-20 10:22:10.265000,423.98105552741896,1002
2024-09-20 10:22:10.299000,424.0001453209077,1001
2024-09-20 10:22:10.299000,423.9967512454804,14
2024-09-20 10:22:10.332000,423.9948857345884,14
2024-09-20 10:22:10.376000,423.9982203036544,14
2024-09-20 10:22:10.415000,423.9826968268495,1003
2024-09-20 10:22:10.432000,423.9831686722176,997
2024-09-20 10:22:10.588000,423.9541541283912,101
2024-09-20 10:22:10.689000,424.0098115310671,14
2024-09-20 10:22:10.706000,423.97597903363584,101
2024-09-20 10:22:10.733000,423.9829515212962,9
2024-09-20 10:22:10.836000,423.9980925226792,10
2024-09-20 10:22:10.874000,423.9611628563517,997
2024-09-20 10:22:10.943000,423.9774611581462,13
2024-09-20 10:22:11.048000,423.9655308894596,97
2024-09-20 10:22:11.084000,424.0094550050472,98
2024-09-20 10:22:11.121000,424.0159513828796,105
2024-09-20 10:22:11.173000,423.96925379718925,11
2024-09-20 10:22:11.196000,423.9564650393799,11
2024-09-20 10:22:11.293000,424.00703595663856,997
2024-09-20 10:22:11.322000,423.9927102379692,9
2024-09-20 10:22:11.357000,424.0060389365533,6
2024-09-20 10:22:11.508000,423.9698776498883,1002
2024-09-20 10:22:11.572000,423.9830733193695,100
2024-09-20 10:22:11.585000,424.0199512940409,1005
2024-09-20 10:22:11.587000,423.9747420566949,1005
2024-09-20 10:22:11.602000,423.9601290354735,8
2024-09-20 10:22:11.622000,424.0087189395449,8
2024-09-20 10:22:11.710000,423.96679816385057,998
2024-09-20 10:22:11.772000,423.9687420205781,998
2024-09-20 10:22:11.780000,424.0165392503423,12
2024-09-20 10:22:11.813000,423.9712828762488,97
2024-09-20 10:22:11.849000,424.0046966011411,5
2024-09-20 10:22:11.855000,424.0399395689005,1001
2024-09-20 10:22:11.855000,424.01438975955085,995
2024-09-20 10:22:11.878000,423.9465218352912,6
2024-09-20 10:22:11.903000,424.0006046297641,1005
2024-09-20 10:22:11.909000,423.99269029410107,995
2024-09-20 10:22:11.915000,424.01696316672553,1004
2024-09-20 10:22:11.930000,424.0202338227599,6
2024-09-20 10:22:11.939000,424.0446686478071,999
2024-09-20 10:22:11.985000,423.984189128674,996
2024-09-20 10:22:11.999000,424.00712881853366,12
2024-09-20 10:22:12.056000,424.01373110432974,1004
2024-09-20 10:22:12.124000,424.0327389421975,1001
2024-09-20 10:22:12.171000,423.9727901178873,11
2024-09-20 10:22:12.215000,424.0612490351087,104
2024-09-20 10:22:12.242000,423.9954381294375,1005
2024-09-20 10:22:12.244000,423.9607555545076,5
2024-09-20 10:22:12.322000,423.9704990759517,103
2024-09-20 10:22:12.351000,423.9640646243647,14
2024-09-20 10:22:12.476000,424.00518506738376,1004
2024-09-20 10:22:12.497000,424.0595101429107,1004
2024-09-20 10:22:12.515000,423.97228039504034,7
2024-09-20 10:22:12.543000,424.062187124884,999
2024-09-20 10:22:12.596000,424.0426223149785,1004
2024-09-20 10:22:12.640000,424.0315178034372,10
2024-09-20 10:22:12.663000,423.97613166783145,103
2024-09-20 10:22:12.682000,423.9555954720906,998
2024-09-20 10:22:12.745000,424.0424023208392,997
2024-09-20 10:22:12.745000,424.0457330800972,6
2024-09-20 10:22:12.783000,423.9774792775836,998
2024-09-20 10:22:12.858000,424.051160157868,999
2024-09-20 10:22:12.882000,423.9725278506031,15
2024-09-20 10:22:12.890000,424.0563775542414,103
2024-09-20 10:22:12.921000,424.0293703886572,15
2024-09-20 10:22:12.921000,424.0527228289979,97
2024-09-20 10:22:12.961000,424.00521252602425,104
2024-09-20 10:22:13.201000,424.09056489801065,98
2024-09-20 10:22:13.307000,424.0969277489091,13
2024-09-20 10:22:14.335000,424.1034987911871,13
2024-09-20 10:22:14.921000,424.102732196742,97
2024-09-20 10:22:14.988000,424.1114405635585,6
2024-09-20 10:22:15.044000,424.1991930612062,7
2024-09-20 10:22:15.089000,424.18505543862295,97
2024-09-20 10:22:15.166000,424.2146931372463,5
2024-09-20 10:22:15.230000,424.161557302802,104
2024-09-20 10:22:15.264000,424.2393437938858,10
2024-09-20 10:22:15.272000,424.1727684337704,95
2024-09-20 10:22:15.450000,424.1954802765904,102
2024-09-20 10:22:15.491000,424.1095902195625,997
2024-09-20 10:22:15.556000,424.164292853513,1003
2024-09-20 10:22:15.557000,424.1040947341476,97
2024-09-20 10:22:15.632000,424.1937036723414,8
2024-09-20 10:22:15.695000,424.2499247596071,1001
2024-09-20 10:22:15.739000,424.2331595155427,10
2024-09-20 10:22:15.770000,424.138048766194,96
2024-09-20 10:22:15.801000,424.12298372082313,95
2024-09-20 10:22:15.803000,424.20320605229847,103
2024-09-20 10:22:15.828000,424.10037429916673,1004
2024-09-20 10:22:15.836000,424.11809691799306,11
2024-09-20 10:22:15.886000,424.1461866629092,98
2024-09-20 10:22:16.801000,424.233852767148,100
2024-09-20 10:22:16.861000,424.23551281528574,10
2024-09-20 10:22:17.162000,424.3017817707502,11
2024-09-20 10:22:17.232000,424.2751506009556,11
2024-09-20 10:22:17.238000,424.29261060824086,15
2024-09-20 10:22:17.282000,424.29198389046337,1004
2024-09-20 10:22:17.289000,424.2826449150581,1003
2024-09-20 10:22:17.292000,424.30385946558073,998
2024-09-20 10:22:17.326000,424.2613625437987,1005
2024-09-20 10:22:17.347000,424.2851041264084,11
2024-09-20 10:22:17.355000,424.3013074880548,998
2024-09-20 10:22:17.381000,424.2754252638966,997
2024-09-20 10:22:17.421000,424.2919610890289,103
2024-09-20 10:22:17.463000,424.3078365692533,8
2024-09-20 10:22:17.598000,424.2598058294392,103
2024-09-20 10:22:17.692000,424.2679818966414,1000
2024-09-20 10:22:17.719000,424.2927817648017,13
2024-09-20 10:22:17.744000,424.25724255794944,100
2024-09-20 10:22:17.788000,424.3009542096158,5
2024-09-20 10:22:17.814000,424.2924960549316,6
2024-09-20 10:22:17.834000,424.2971597489995,13
2024-09-20 10:22:17.848000,424.2624277936813,101
2024-09-20 10:22:17.884000,424.2975315357567,105
2024-09-20 10:22:18.201000,424.3069637955453,1003
2024-09-20 10:22:18.230000,424.3151615110637,999
2024-09-20 10:22:18.656000,424.3215355447325,12
2024-09-20 10:22:19.017000,424.3561002908907,11
2024-09-20 10:22:19.035000,424.31752289367466,5
2024-09-20 10:22:19.045000,424.3902378938543,102
2024-09-20 10:22:19.048000,424.4019073489073,11
2024-09-20 10:22:19.054000,424.38032329847874,998
2024-09-20 10:22:19.091000,424.37081206098014,100
2024-09-20 10:22:19.114000,424.3678955066074,997
2024-09-20 10:22:19.163000,424.4067411278938,102
2024-09-20 10:22:19.356000,424.39867259943776,14
2024-09-20 10:22:19.376000,424.4100020994549,1003
2024-09-20 10:22:19.379000,424.4112449452298,103
2024-09-20 10:22:19.384000,424.3853069378446,1000
2024-09-20 10:22:19.474000,424.3318382932327,1000
2024-09-20 10:22:19.474000,424.3328541202699,104
2024-09-20 10:22:19.532000,424.3966341704368,99
2024-09-20 10:22:19.541000,424.4189602086576,8
2024-09-20 10:22:19.658000,424.4075710795239,99
2024-09-20 10:22:19.665000,424.412224694794,1000
2024-09-20 10:22:19.669000,424.3985443791647,14
2024-09-20 10:22:19.792000,424.3923595140332,12
2024-09-20 10:22:19.815000,424.3846528332288,995
2024-09-20 10:22:19.822000,424.3906737043899,1005
2024-09-20 10:22:19.944000,424.3354869485166,102
2024-09-20 10:22:19.996000,424.3417269908847,101
2024-09-20 10:22:20.061000,424.3761776106186,1003
2024-09-20 10:22:20.132000,424.35796108404026,997
2024-09-20 10:22:20.204000,424.3525679368098,102
2024-09-20 10:22:20.222000,424.4011434518902,999
2024-09-20 10:22:20.282000,424.3811812503338,1003
2024-09-20 10:22:20.297000,424.3979785607632,7
2024-09-20 10:22:20.343000,424.38247051400526,1001
2024-09-20 10:22:20.426000,424.3813619543701,10
2024-09-20 10:22:20.431000,424.3950560691403,100
2024-09-20 10:22:20.485000,424.3800733776243,9
2024-09-20 10:22:20.529000,424.39586588641873,9
2024-09-20 10:22:20.544000,424.40239939500265,996
2024-09-20 10:22:20.552000,424.3942973378248,995
2024-09-20 10:22:20.554000,424.3924720300356,14
2024-09-20 10:22:20.565000,424.4006802506657,5
2024-09-20 10:22:20.574000,424.4011118529767,995
2024-09-20 10:22:20.610000,424.35701116141377,998
2024-09-20 10:22:20.620000,424.3662883315448,995
2024-09-20 10:22:20.704000,424.3939906351632,9
2024-09-20 10:22:20.722000,424.4123576775422,1000
2024-09-20 10:22:20.760000,424.39673411924485,997
2024-09-20 10:22:20.835000,424.3637992375878,997
2024-09-20 10:22:20.851000,424.40864702996527,8
2024-09-20 10:22:20.947000,424.38756934875937,10
2024-09-20 10:22:21.198000,424.3742866966365,102
2024-09-20 10:22:21.552000,424.39466372251087,1003
2024-09-20 10:22:21.573000,424.3896866931927,1001
2024-09-20 10:22:21.685000,424.37563838949416,11
2024-09-20 10:22:21.795000,424.3878444439868,95
2024-09-20 10:22:21.935000,424.3905758619525,12
2024-09-20 10:22:22,424.2857938345162,96
2024-09-20 10:22:22.082000,424.3366025445995,12
2024-09-20 10:22:22.087000,424.3778799918836,995
2024-09-20 10:22:22.148000,424.2584222844264,1005
2024-09-20 10:22:22.174000,424.3842055584005,1003
2024-09-20 10:22:22.337000,424.26768631966416,101
2024-09-20 10:22:22.352000,424.3824245403407,99
2024-09-20 10:22:22.357000,424.3707438251082,97
2024-09-20 10:22:22.429000,424.3332299325526,98
2024-09-20 10:22:22.493000,424.2689741135927,1004
2024-09-20 10:22:22.519000,424.3105832024224,1003
2024-09-20 10:22:22.530000,424.2605375327701,1003
2024-09-20 10:22:22.537000,424.2777801132712,12
2024-09-20 10:22:22.544000,424.2915322446999,1000
2024-09-20 10:22:22.624000,424.39289069284047,9
2024-09-20 10:22:22.656000,424.3757751367039,8
2024-09-20 10:22:22.680000,424.4041863760103,998
2024-09-20 10:22:22.730000,424.3576685259718,1003
2024-09-20 10:22:22.766000,424.3847681246648,1004
2024-09-20 10:22:22.769000,424.3505422317528,5
2024-09-20 10:22:22.794000,424.3772913613099,996
2024-09-20 10:22:22.835000,424.36476475610567,14
2024-09-20 10:22:22.867000,424.363667323077,96
2024-09-20 10:22:22.912000,424.2814947089842,5
2024-09-20 10:22:22.954000,424.3845985966026,995
2024-09-20 10:22:23.015000,424.2828160053261,11
2024-09-20 10:22:23.085000,424.2518736280529,996
2024-09-20 10:22:23.142000,424.2467754876842,1004
2024-09-20 10:22:23.161000,424.28302693799935,103
2024-09-20 10:22:23.214000,424.2610259991485,996
2024-09-20 10:22:23.323000,424.2432115899726,96
2024-09-20 10:22:23.335000,424.2691950244379,14
2024-09-20 10:22:23.348000,424.2726195047036,10
2024-09-20 10:22:23.452000,424.2568845719386,102
2024-09-20 10:22:23.459000,424.2292969846865,13
2024-09-20 10:22:23.464000,424.23948220481896,998
2024-09-20 10:22:23.506000,424.2640230579258,95
2024-09-20 10:22:23.509000,424.276558463416,997
2024-09-20 10:22:23.543000,424.2522356839381,101
2024-09-20 10:22:23.552000,424.2694260972805,100
2024-09-20 10:22:23.635000,424.2477953513964,1004
2024-09-20 10:22:23.658000,424.2434452152541,103
2024-09-20 10:22:23.745000,424.28551121481456,1005
2024-09-20 10:22:23.767000,424.28095774620937,97
2024-09-20 10:22:23.779000,424.2339070479086,999
2024-09-20 10:22:23.823000,424.25586472857776,96
2024-09-20 10:22:23.857000,424.2738027050177,7
2024-09-20 10:22:23.857000,424.2588038121016,1001
2024-09-20 10:22:23.863000,424.276680757496,96
2024-09-20 10:22:23.903000,424.27634935121614,998
2024-09-20 10:22:23.970000,424.2530244962204,9
2024-09-20 10:22:24.030000,424.27656882754616,95
2024-09-20 10:22:24.056000,424.3088116594004,12
2024-09-20 10:22:24.110000,424.2979129679,104
2024-09-20 10:22:24.176000,424.2896119011887,103
2024-09-20 10:22:24.182000,424.2881984882939,10
2024-09-20 10:22:24.194000,424.2922846493774,996
2024-09-20 10:22:24.273000,424.29520970927,7
2024-09-20 10:22:24.282000,424.2854001804975,97
2024-09-20 10:22:24.288000,424.27414406812,10
2024-09-20 10:22:24.359000,424.2931272454561,999
2024-09-20 10:22:24.475000,424.2845611797793,104
2024-09-20 10:22:24.521000,424.2828130479902,7
2024-09-20 10:22:24.548000,424.3115993966495,95
2024-09-20 10:22:24.598000,424.3049607830185,96
2024-09-20 10:22:24.601000,424.30972476160713,7
2024-09-20 10:22:24.614000,424.2997901754444,1005
2024-09-20 10:22:24.628000,424.3036731708789,14
2024-09-20 10:22:24.686000,424.28655323406537,1001
2024-09-20 10:22:24.789000,424.3007591303148,105
2024-09-20 10:22:24.791000,424.3073248206274,1000
2024-09-20 10:22:24.793000,424.3060862779157,102
2024-09-20 10:22:24.945000,424.3066995598608,98
2024-09-20 10:22:25.065000,424.30176805756463,100
2024-09-20 10:22:25.078000,424.3223170387041,9
2024-09-20 10:22:25.100000,424.33512617608505,102
2024-09-20 10:22:25.116000,424.2946636455226,995
2024-09-20 10:22:25.147000,424.3150853050096,13
2024-09-20 10:22:25.170000,424.3436165457839,5
2024-09-20 10:22:25.173000,424.3248728888376,14
2024-09-20 10:22:25.173000,424.3547863547952,101
2024-09-20 10:22:25.258000,424.3306369440507,14
2024-09-20 10:22:25.268000,424.34886760781006,101
2024-09-20 10:22:25.277000,424.34129810881655,95
2024-09-20 10:22:25.306000,424.3301940399201,6
2024-09-20 10:22:25.428000,424.3383919844974,7
2024-09-20 10:22:25.466000,424.2915043755199,1004
2024-09-20 10:22:25.518000,424.33980468342463,99
2024-09-20 10:22:25.529000,424.3425722044048,99
2024-09-20 10:22:25.535000,424.3061656652316,14
2024-09-20 10:22:25.544000,424.3172674047667,100
2024-09-20 10:22:25.572000,424.3171904410264,997
2024-09-20 10:22:25.575000,424.32527115662185,7
2024-09-20 10:22:25.595000,424.2932674919344,13
2024-09-20 10:22:25.637000,424.3192747287277,102
2024-09-20 10:22:25.648000,424.3424508368635,998
2024-09-20 10:22:25.829000,424.3353718999835,15
2024-09-20 10:22:25.850000,424.3053291802586,1001
2024-09-20 10:22:25.854000,424.3496618648151,13
2024-09-20 10:22:25.860000,424.3261763360141,105
2024-09-20 10:22:25.941000,424.3176085910012,95
2024-09-20 10:22:26.027000,424.345221684892,1005
2024-09-20 10:22:26.055000,424.3893215140704,14
2024-09-20 10:22:26.081000,424.378453084906,100
2024-09-20 10:22:26.141000,424.3658862907374,14
2024-09-20 10:22:26.237000,424.424269568041,1000
2024-09-20 10:22:26.238000,424.3915928874778,101
2024-09-20 10:22:26.250000,424.4135766204527,101
2024-09-20 10:22:26.291000,424.3393563008488,999
2024-09-20 10:22:26.331000,424.3442110168569,1000
2024-09-20 10:22:26.345000,424.43787454909307,14
2024-09-20 10:22:26.449000,424.3004961559198,5
2024-09-20 10:22:26.470000,424.445632708814,1001
2024-09-20 10:22:26.506000,424.339329496059,5
2024-09-20 10:22:26.615000,424.42928563670745,13
2024-09-20 10:22:26.689000,424.3910142270088,103
2024-09-20 10:22:26.701000,424.333877789431,105
2024-09-20 10:22:26.823000,424.3262988123104,98
2024-09-20 10:22:26.921000,424.43876844667136,999
2024-09-20 10:22:27.004000,424.4764614166968,97
2024-09-20 10:22:27.010000,424.4437624014122,98
2024-09-20 10:22:27.034000,424.4751507106558,998
2024-09-20 10:22:27.088000,424.4494388886542,8
2024-09-20 10:22:27.111000,424.4825789331504,105
2024-09-20 10:22:27.186000,424.4524088963541,105
2024-09-20 10:22:27.201000,424.4770536594648,997
2024-09-20 10:22:27.236000,424.4549700443452,14
2024-09-20 10:22:27.260000,424.468042808793,101
2024-09-20 10:22:27.283000,424.429564014389,13
2024-09-20 10:22:27.298000,424.5251188575709,103
2024-09-20 10:22:27.320000,424.4461899568866,101
2024-09-20 10:22:27.372000,424.4663380721243,5
2024-09-20 10:22:27.475000,424.4769546072833,97
2024-09-20 10:22:27.548000,424.4631425682723,1005
2024-09-20 10:22:27.554000,424.4387173028842,1003
2024-09-20 10:22:27.681000,424.462798927067,10
2024-09-20 10:22:27.735000,424.4839730171235,5
2024-09-20 10:22:27.854000,424.4694576361975,99
2024-09-20 10:22:27.865000,424.5170334056398,5
2024-09-20 10:22:27.900000,424.44842244494384,104
2024-09-20 10:22:27.926000,424.4731245354105,1000
2024-09-20 10:22:27.934000,424.4578109702964,14
2024-09-20 10:22:27.962000,424.4917402313348,95
2024-09-20 10:22:28.346000,424.4756549808869,14
2024-09-20 10:22:28.396000,424.46793090278857,1000
2024-09-20 10:22:28.491000,424.4718352457368,6
2024-09-20 10:22:28.621000,424.4356578850524,995
2024-09-20 10:22:28.796000,424.459956749479,97
2024-09-20 10:22:29.086000,424.3952544624942,10
2024-09-20 10:22:29.100000,424.42504060890167,99
2024-09-20 10:22:29.226000,424.3767985037114,997
2024-09-20 10:22:29.286000,424.41417015225886,1000
2024-09-20 10:22:29.293000,424.4171067371721,999
2024-09-20 10:22:29.339000,424.4681756878317,104
2024-09-20 10:22:29.387000,424.41878173181647,95
2024-09-20 10:22:29.434000,424.4149835809077,102
2024-09-20 10:22:29.469000,424.4024401414747,7
2024-09-20 10:22:29.493000,424.4121928878348,998
2024-09-20 10:22:29.506000,424.3837075144891,13
2024-09-20 10:22:29.531000,424.3847806284861,12
2024-09-20 10:22:29.533000,424.4168084578645,96
2024-09-20 10:22:29.595000,424.4155788277099,1000
2024-09-20 10:22:29.612000,424.4504913796963,96
2024-09-20 10:22:29.705000,424.37297778005353,6
2024-09-20 10:22:29.735000,424.4165577269129,104
2024-09-20 10:22:29.780000,424.4193941263579,1002
2024-09-20 10:22:29.823000,424.4147848893132,105
2024-09-20 10:22:29.847000,424.4146141732348,99
2024-09-20 10:22:29.872000,424.4569167796782,103
2024-09-20 10:22:29.890000,424.42821490264106,103
2024-09-20 10:22:29.925000,424.44825866476896,8
2024-09-20 10:22:29.958000,424.41053570145135,100
2024-09-20 10:22:29.998000,424.41061836981584,11
2024-09-20 10:22:29.998000,424.4164244933909,1000
2024-09-20 10:22:30.021000,424.4327167738325,6
2024-09-20 10:22:30.034000,424.4131000981355,15
2024-09-20 10:22:30.116000,424.425647533511,1002
2024-09-20 10:22:30.170000,424.428490982176,5
2024-09-20 10:22:30.192000,424.430515174595,1002
2024-09-20 10:22:30.221000,424.44140942930073,99
2024-09-20 10:22:30.356000,424.4073395171976,105
2024-09-20 10:22:30.379000,424.44464558276513,102
2024-09-20 10:22:30.382000,424.4326940421836,995
2024-09-20 10:22:30.426000,424.44536528665816,97
2024-09-20 10:22:30.490000,424.4524551416037,9
2024-09-20 10:22:30.532000,424.4452033482695,103
2024-09-20 10:22:30.625000,424.4472159020244,100
2024-09-20 10:22:30.636000,424.46480207272873,105
2024-09-20 10:22:30.677000,424.4315688183542,99
2024-09-20 10:22:30.680000,424.4572335996514,997
2024-09-20 10:22:30.859000,424.43028649044334,10
2024-09-20 10:22:30.861000,424.40902708875217,1003
2024-09-20 10:22:30.969000,424.4234401574542,102
2024-09-20 10:22:30.974000,424.4095934227298,12
2024-09-20 10:22:30.977000,424.4145172376839,15
2024-09-20 10:22:30.982000,424.4140396078441,1002
2024-09-20 10:22:31.072000,424.4207030567475,1002
2024-09-20 10:22:31.082000,424.42465070298897,1005
2024-09-20 10:22:31.155000,424.4416268450288,995
2024-09-20 10:22:31.155000,424.4356830739193,5
2024-09-20 10:22:31.204000,424.4368677793554,6
2024-09-20 10:22:31.246000,424.4255941099958,7
2024-09-20 10:22:31.328000,424.4353255599179,97
2024-09-20 10:22:31.409000,424.39454955160136,997
2024-09-20 10:22:31.451000,424.43180394118576,98
2024-09-20 10:22:31.543000,424.4525143583619,14
2024-09-20 10:22:31.562000,424.4711355329199,8
2024-09-20 10:22:31.564000,424.4300261468184,14
2024-09-20 10:22:31.703000,424.41519623887297,13
2024-09-20 10:22:31.738000,424.393865941327,6
2024-09-20 10:22:31.752000,424.4291826662297,98
2024-09-20 10:22:31.753000,424.4047518707683,10
2024-09-20 10:22:31.795000,424.41607780588686,1001
2024-09-20 10:22:31.803000,424.4275977215143,11
2024-09-20 10:22:31.839000,424.4145575421603,99
2024-09-20 10:22:31.913000,424.4347631347815,9
2024-09-20 10:22:31.919000,424.4316577773715,1001
2024-09-20 10:22:31.924000,424.4895069690476,995
2024-09-20 10:22:31.982000,424.422363009668,1000
2024-09-20 10:22:31.990000,424.43343323190265,995
2024-09-20 10:22:32.058000,424.4691357412463,103
2024-09-20 10:22:32.080000,424.447705328815,1002
2024-09-20 10:22:32.084000,424.4460427654807,105
2024-09-20 10:22:32.163000,424.4565959726297,103
2024-09-20 10:22:32.167000,424.4691619082742,12
2024-09-20 10:22:32.240000,424.4726989313369,14
2024-09-20 10:22:32.263000,424.4613798569268,9
2024-09-20 10:22:32.279000,424.4501251414269,101
2024-09-20 10:22:32.281000,424.446597760235,11
2024-09-20 10:22:32.400000,424.4699690051969,13
2024-09-20 10:22:32.537000,424.4418606703552,1004
2024-09-20 10:22:32.625000,424.4647870565421,12
2024-09-20 10:22:32.656000,424.4765996472942,6
2024-09-20 10:22:32.666000,424.4617758085892,1001
2024-09-20 10:22:32.779000,424.46617061336286,96
2024-09-20 10:22:32.848000,424.4859074676357,7
2024-09-20 10:22:33.081000,424.4377604293383,99
2024-09-20 10:22:33.091000,424.42735770087273,95
2024-09-20 10:22:33.148000,424.4407699815888,996
2024-09-20 10:22:33.171000,424.4375108801742,13
2024-09-20 10:22:33.195000,424.4610959830693,1004
2024-09-20 10:22:33.291000,424.4782705180508,96
2024-09-20 10:22:33.480000,424.4621614208609,105
2024-09-20 10:22:33.528000,424.4609714019911,103
2024-09-20 10:22:33.650000,424.433697744902,998
2024-09-20 10:22:33.751000,424.4394573011673,8
2024-09-20 10:22:33.856000,424.4647056809077,996
2024-09-20 10:22:33.946000,424.43714142941246,999
2024-09-20 10:22:33.993000,424.4679461984843,1004
2024-09-20 10:22:34.006000,424.4335331187131,14
2024-09-20 10:22:34.352000,424.4441727136369,1005
2024-09-20 10:22:34.780000,424.4398643319669,98
2024-09-20 10:22:35.056000,424.4494752812451,998
2024-09-20 10:22:35.069000,424.4176145310286,105
2024-09-20 10:22:35.371000,424.42907246440666,8
2024-09-20 10:22:35.376000,424.4368494895327,103
2024-09-20 10:22:35.389000,424.3925892674544,97
2024-09-20 10:22:35.410000,424.3996055312328,1005
2024-09-20 10:22:35.434000,424.402781009056,105
2024-09-20 10:22:35.551000,424.4538463348238,10
2024-09-20 10:22:35.707000,424.40080742922703,10
2024-09-20 10:22:35.726000,424.4300160374497,1001
2024-09-20 10:22:35.774000,424.4351039006541,97
2024-09-20 10:22:35.776000,424.4348110503691,98
2024-09-20 10:22:35.910000,424.4166501631169,100
2024-09-20 10:22:35.997000,424.4165258388333,95
2024-09-20 10:22:36.093000,424.4374366736042,5
2024-09-20 10:22:36.105000,424.4518149630927,1000
2024-09-20 10:22:36.317000,424.4348263440068,998
2024-09-20 10:22:36.396000,424.514835633793,96
2024-09-20 10:22:36.397000,424.4883403065711,104
2024-09-20 10:22:36.472000,424.5004593458938,1005
2024-09-20 10:22:36.531000,424.4446819555678,96
2024-09-20 10:22:36.566000,424.4456502478559,11
2024-09-20 10:22:36.612000,424.4893825229185,1001
2024-09-20 10:22:36.651000,424.46761046259945,5
2024-09-20 10:22:36.720000,424.4650324314026,100
2024-09-20 10:22:36.755000,424.4938187687037,105
2024-09-20 10:22:36.764000,424.4935612001997,95
2024-09-20 10:22:36.775000,424.453397414477,1002
2024-09-20 10:22:36.776000,424.49598867547365,998
2024-09-20 10:22:36.857000,424.4765016305004,100
2024-09-20 10:22:36.896000,424.4592326367965,10
2024-09-20 10:22:36.898000,424.44173663976136,1000
2024-09-20 10:22:36.916000,424.45092092491086,15
2024-09-20 10:22:36.931000,424.4744215372434,996
2024-09-20 10:22:36.988000,424.493249402712,105
2024-09-20 10:22:36.994000,424.4690227987468,100
2024-09-20 10:22:37.131000,424.45631524584826,1001
2024-09-20 10:22:37.173000,424.45930193105903,103
2024-09-20 10:22:37.218000,424.4285176575775,997
2024-09-20 10:22:37.360000,424.43366627396296,999
2024-09-20 10:22:37.551000,424.4341209112495,996
2024-09-20 10:22:37.645000,424.4511679565101,13
2024-09-20 10:22:37.734000,424.45598519606295,1003
2024-09-20 10:22:37.787000,424.46919406440617,7
2024-09-20 10:22:37.987000,424.4319862793988,101
2024-09-20 10:22:38.723000,424.4400615138704,100
2024-09-20 10:22:39.021000,424.4058890900055,13
2024-09-20 10:22:39.120000,424.4211697133412,6
2024-09-20 10:22:39.280000,424.4438477421345,995
2024-09-20 10:22:39.336000,424.4490279005171,997
2024-09-20 10:22:39.373000,424.4358767533189,103
2024-09-20 10:22:39.445000,424.44850105897,1001
2024-09-20 10:22:39.684000,424.4435665797837,7
2024-09-20 10:22:39.750000,424.4088355866356,1003
2024-09-20 10:22:39.754000,424.4328554514844,97
2024-09-20 10:22:39.851000,424.4398156836243,995
2024-09-20 10:22:40.027000,424.38231721872535,995
2024-09-20 10:22:40.071000,424.3947808954081,101
2024-09-20 10:22:40.178000,424.4262495820652,995
2024-09-20 10:22:40.192000,424.3759022163602,5
2024-09-20 10:22:40.247000,424.3932544706682,103
2024-09-20 10:22:40.319000,424.3798197759932,6
2024-09-20 10:22:40.449000,424.4171188546658,7
2024-09-20 10:22:40.568000,424.4008425208559,102
2024-09-20 10:22:40.719000,424.3897731804911,9
2024-09-20 10:22:40.976000,424.4245630359897,5
2024-09-20 10:22:41.200000,424.3601424858374,12
2024-09-20 10:22:41.394000,424.3887208549125,999
2024-09-20 10:22:41.579000,424.3784527542945,104
2024-09-20 10:22:41.741000,424.3834929411758,995
2024-09-20 10:22:41.810000,424.3600917541946,1005
2024-09-20 10:22:41.820000,424.3871394992849,10
2024-09-20 10:22:42.166000,424.367635107208,1001
2024-09-20 10:22:42.173000,424.3673488405093,95
2024-09-20 10:22:42.197000,424.38314156802426,15
2024-09-20 10:22:42.532000,424.3904422781872,10
2024-09-20 10:22:42.788000,424.40207510118574,105
2024-09-20 10:22:42.920000,424.3968459577611,1005
2024-09-20 10:22:43.010000,424.3173735381046,1003
2024-09-20 10:22:43.029000,424.3127339418807,1003
2024-09-20 10:22:43.036000,424.3377368223673,1005
2024-09-20 10:22:43.046000,424.3246101492015,97
2024-09-20 10:22:43.105000,424.3344138739874,11
2024-09-20 10:22:43.114000,424.308141434925,999
2024-09-20 10:22:43.231000,424.3366870110648,101
2024-09-20 10:22:43.286000,424.3405284860924,105
2024-09-20 10:22:43.315000,424.36026650806593,14
2024-09-20 10:22:43.469000,424.314627947874,9
2024-09-20 10:22:43.525000,424.2811758288845,8
2024-09-20 10:22:43.528000,424.3048982627662,999
2024-09-20 10:22:43.551000,424.3537957085822,13
2024-09-20 10:22:43.638000,424.3470790503149,1003
2024-09-20 10:22:43.646000,424.3028241337504,13
2024-09-20 10:22:43.706000,424.3341845728333,15
2024-09-20 10:22:43.884000,424.31338866985817,104
2024-09-20 10:22:43.906000,424.33071087248425,10
2024-09-20 10:22:44.079000,424.3321097943132,95
2024-09-20 10:22:44.115000,424.3139332537196,13
2024-09-20 10:22:44.165000,424.35037108132826,998
2024-09-20 10:22:44.384000,424.3225782048197,5
2024-09-20 10:22:44.388000,424.3080126665719,96
2024-09-20 10:22:44.437000,424.3132122309154,1002
2024-09-20 10:22:44.451000,424.3065221495574,14
2024-09-20 10:22:44.524000,424.3224165845949,105
2024-09-20 10:22:44.542000,424.32229140544615,1005
2024-09-20 10:22:44.681000,424.3168398826718,10
2024-09-20 10:22:44.721000,424.3348645152433,103
2024-09-20 10:22:44.746000,424.3377415661725,1004
2024-09-20 10:22:44.754000,424.3088269684365,6
2024-09-20 10:22:44.763000,424.3310565364844,100
2024-09-20 10:22:44.803000,424.2980991904896,997
2024-09-20 10:22:44.808000,424.3407630703449,100
2024-09-20 10:22:44.825000,424.3353240330903,1005
2024-09-20 10:22:44.854000,424.307933535392,1000
2024-09-20 10:22:44.855000,424.3299267625301,11
2024-09-20 10:22:44.898000,424.32213681318296,96
2024-09-20 10:22:44.904000,424.3239590053043,998
2024-09-20 10:22:44.967000,424.32314738353926,105
2024-09-20 10:22:45.043000,424.33485980296575,1003
2024-09-20 10:22:45.048000,424.3567503275524,995
2024-09-20 10:22:45.108000,424.3520771678264,99
2024-09-20 10:22:45.756000,424.3626396389482,100
2024-09-20 10:22:45.783000,424.34053136811065,101
2024-09-20 10:22:45.971000,424.3283126609533,98
2024-09-20 10:22:46,424.3596512857396,102
2024-09-20 10:22:46.027000,424.3661672755673,13
2024-09-20 10:22:46.107000,424.3700157348189,100
2024-09-20 10:22:46.138000,424.4072504827566,97
2024-09-20 10:22:46.187000,424.3740282891417,1002
2024-09-20 10:22:46.355000,424.3656789156852,1000
2024-09-20 10:22:46.421000,424.38588374256176,12
2024-09-20 10:22:46.592000,424.3528496241938,998
2024-09-20 10:22:46.632000,424.3769673401792,999
2024-09-20 10:22:46.752000,424.3835646439823,1003
2024-09-20 10:22:46.772000,424.35646548472585,1000
2024-09-20 10:22:46.866000,424.400797658991,10
2024-09-20 10:22:46.915000,424.38751144087047,1001
2024-09-20 10:22:47.156000,424.52440101452993,11
2024-09-20 10:22:47.180000,424.40118639006295,996
2024-09-20 10:22:47.191000,424.5046807154408,1003
2024-09-20 10:22:47.224000,424.4277764304777,11
2024-09-20 10:22:47.275000,424.4805304000757,999
2024-09-20 10:22:47.439000,424.4918422626862,103
2024-09-20 10:22:47.464000,424.4556496875788,95
2024-09-20 10:22:47.935000,424.49419749582967,99
2024-09-20 10:22:47.967000,424.4145663234554,96
2024-09-20 10:22:47.990000,424.5125686796046,96
2024-09-20 10:22:48.015000,424.4698407944405,99
2024-09-20 10:22:48.030000,424.4180392921617,995
2024-09-20 10:22:48.211000,424.5019212682663,1005
2024-09-20 10:22:48.272000,424.4825744763676,103
2024-09-20 10:22:48.291000,424.5108844657872,6
2024-09-20 10:22:48.319000,424.4403358280609,98
2024-09-20 10:22:48.383000,424.48665586269385,1003
2024-09-20 10:22:48.519000,424.4128692302366,11
2024-09-20 10:22:48.540000,424.4742491634147,15
2024-09-20 10:22:48.589000,424.4633606534724,9
2024-09-20 10:22:48.655000,424.4268723386558,97
2024-09-20 10:22:48.695000,424.5072558601826,97
2024-09-20 10:22:48.709000,424.4938898555041,1004
2024-09-20 10:22:48.726000,424.4782709840627,8
2024-09-20 10:22:48.727000,424.50034996196905,98
2024-09-20 10:22:48.749000,424.4361729852702,1003
2024-09-20 10:22:48.756000,424.4327641686428,1002
2024-09-20 10:22:48.764000,424.45210237545217,13
2024-09-20 10:22:48.767000,424.438110911177,100
2024-09-20 10:22:48.793000,424.5030966631712,95
2024-09-20 10:22:48.826000,424.4428451369,10
2024-09-20 10:22:48.903000,424.43433807808265,10
2024-09-20 10:22:48.945000,424.4228580597732,12
2024-09-20 10:22:48.973000,424.4747099902067,99
2024-09-20 10:22:48.979000,424.4771160379604,1002
2024-09-20 10:22:48.991000,424.48229293315865,105
2024-09-20 10:22:48.999000,424.446510418056,97
2024-09-20 10:22:49.076000,424.4198690541462,96
2024-09-20 10:22:49.251000,424.4305595131918,1003
2024-09-20 10:22:49.431000,424.4129331125868,997
2024-09-20 10:22:49.716000,424.4237433692886,98
2024-09-20 10:22:49.745000,424.4305171356262,1005
2024-09-20 10:22:49.860000,424.39961668619,100
2024-09-20 10:22:49.887000,424.428556617976,1003
2024-09-20 10:22:49.950000,424.423246448136,1000
2024-09-20 10:22:50.050000,424.404608475133,103
2024-09-20 10:22:50.111000,424.42670207594136,10
2024-09-20 10:22:50.114000,424.35097808925735,1005
2024-09-20 10:22:50.137000,424.3844630831853,995
2024-09-20 10:22:50.143000,424.397651902275,1002
2024-09-20 10:22:50.160000,424.4491306348204,102
2024-09-20 10:22:50.220000,424.4410834021565,1005
2024-09-20 10:22:50.231000,424.42075863990834,1000
2024-09-20 10:22:50.278000,424.3900981949588,104
2024-09-20 10:22:50.331000,424.339240172473,12
2024-09-20 10:22:50.398000,424.3534800164991,103
2024-09-20 10:22:50.466000,424.4380323399416,8
2024-09-20 10:22:50.480000,424.4343469211419,102
2024-09-20 10:22:50.505000,424.3931388674311,998
2024-09-20 10:22:50.533000,424.4217029886355,95
2024-09-20 10:22:50.572000,424.3848960610741,95
2024-09-20 10:22:50.591000,424.4112110275008,15
2024-09-20 10:22:50.591000,424.3659495221506,998
2024-09-20 10:22:50.604000,424.40334747364153,101
2024-09-20 10:22:50.714000,424.4208507795438,997
2024-09-20 10:22:50.729000,424.34836383826985,102
2024-09-20 10:22:50.857000,424.3591596698146,99
2024-09-20 10:22:50.904000,424.438382397228,96
2024-09-20 10:22:50.956000,424.419645976184,1001
2024-09-20 10:22:51.281000,424.33501134469657,1002
2024-09-20 10:22:51.369000,424.319824881245,6
2024-09-20 10:22:51.888000,424.3342122634281,1003
2024-09-20 10:22:51.979000,424.3504670575133,103
2024-09-20 10:22:52.124000,424.3498638728162,103
2024-09-20 10:22:52.134000,424.31526623796606,105
2024-09-20 10:22:52.180000,424.4007623613192,13
2024-09-20 10:22:52.185000,424.34307075759233,15
2024-09-20 10:22:52.234000,424.3571191346538,5
2024-09-20 10:22:52.271000,424.3788172846242,996
2024-09-20 10:22:52.397000,424.32748158964654,10
2024-09-20 10:22:52.425000,424.3892610416141,5
2024-09-20 10:22:52.460000,424.3609024437063,102
2024-09-20 10:22:52.489000,424.3093450749839,1002
2024-09-20 10:22:52.493000,424.3536208708353,103
2024-09-20 10:22:52.593000,424.4073357724239,1005
2024-09-20 10:22:52.618000,424.3288733868271,103
2024-09-20 10:22:52.619000,424.3723736529901,999
2024-09-20 10:22:52.630000,424.3931794912952,11
2024-09-20 10:22:52.644000,424.3741950931522,13
2024-09-20 10:22:52.670000,424.3932358279896,7
2024-09-20 10:22:52.695000,424.3966989158009,13
2024-09-20 10:22:52.793000,424.3457264123643,997
2024-09-20 10:22:52.890000,424.3744286322096,1005
2024-09-20 10:22:52.927000,424.3697994250949,996
2024-09-20 10:22:52.931000,424.3280385699875,13
2024-09-20 10:22:53.129000,424.4181758432919,6
2024-09-20 10:22:53.138000,424.3999437731322,95
2024-09-20 10:22:53.628000,424.36642233147904,10
2024-09-20 10:22:53.633000,424.41066568445433,996
2024-09-20 10:22:53.747000,424.37593904544326,101
2024-09-20 10:22:53.869000,424.3469777528152,95
2024-09-20 10:22:54.337000,424.4292373499245,997
2024-09-20 10:22:54.432000,424.43032915342593,996
2024-09-20 10:22:54.477000,424.4349896186999,1001
2024-09-20 10:22:54.497000,424.4338105402168,12
2024-09-20 10:22:54.501000,424.4114971066891,105
2024-09-20 10:22:55.001000,424.448505415811,1003
2024-09-20 10:22:55.205000,424.39723773605255,7
2024-09-20 10:22:55.212000,424.411738201198,15
2024-09-20 10:22:55.226000,424.4706629046696,101
2024-09-20 10:22:55.298000,424.39771267718095,6
2024-09-20 10:22:55.393000,424.417213056195,13
2024-09-20 10:22:55.461000,424.429177375581,999
2024-09-20 10:22:55.466000,424.44399604289305,99
2024-09-20 10:22:55.468000,424.44865851069005,96
2024-09-20 10:22:55.555000,424.3974354270296,1005
2024-09-20 10:22:55.569000,424.3984332411957,104
2024-09-20 10:22:55.674000,424.442950130266,6
2024-09-20 10:22:55.679000,424.43252420219466,997
2024-09-20 10:22:55.776000,424.4264517611173,1004
2024-09-20 10:22:55.797000,424.3888116385699,6
2024-09-20 10:22:55.799000,424.4229991507183,1003
2024-09-20 10:22:55.836000,424.3897569865232,104
2024-09-20 10:22:55.844000,424.4407854108312,10
2024-09-20 10:22:55.910000,424.4271650848445,98
2024-09-20 10:22:56.011000,424.4115425824867,101
2024-09-20 10:22:56.031000,424.4087973960684,6
2024-09-20 10:22:56.040000,424.4232939381181,999
2024-09-20 10:22:56.061000,424.420085931818,7
2024-09-20 10:22:56.111000,424.41143867920505,100
2024-09-20 10:22:56.133000,424.4110589187225,1004
2024-09-20 10:22:56.134000,424.4582586629501,100
2024-09-20 10:22:56.164000,424.42301593435536,9
2024-09-20 10:22:56.178000,424.4069068930128,10
2024-09-20 10:22:56.231000,424.4098677898087,99
2024-09-20 10:22:56.375000,424.4171365839329,15
2024-09-20 10:22:56.416000,424.40385583377787,105
2024-09-20 10:22:56.419000,424.4448749665697,10
2024-09-20 10:22:56.476000,424.44211336544726,12
2024-09-20 10:22:56.514000,424.4355416628871,999
2024-09-20 10:22:56.555000,424.4277473722221,101
2024-09-20 10:22:56.573000,424.4312173748734,998
2024-09-20 10:22:56.648000,424.4222485806855,1002
2024-09-20 10:22:56.664000,424.4319968610285,1005
2024-09-20 10:22:56.682000,424.4140619150731,15
2024-09-20 10:22:56.906000,424.4304224285737,97
2024-09-20 10:22:56.914000,424.4234135720806,101
2024-09-20 10:22:56.986000,424.42567703899743,11
2024-09-20 10:22:57.003000,424.35705376374005,996
2024-09-20 10:22:57.015000,424.3496413262498,100
2024-09-20 10:22:57.059000,424.326002491172,999
2024-09-20 10:22:57.112000,424.4015691527669,13
2024-09-20 10:22:57.123000,424.4598553894554,13
2024-09-20 10:22:57.132000,424.3622545797167,14
2024-09-20 10:22:57.149000,424.4282050249145,10
2024-09-20 10:22:57.161000,424.4255293437963,14
2024-09-20 10:22:57.229000,424.39618638734703,1003
2024-09-20 10:22:57.243000,424.43545937904975,15
2024-09-20 10:22:57.243000,424.463929923084,96
2024-09-20 10:22:57.281000,424.3670877523281,1001
2024-09-20 10:22:57.319000,424.36795225101696,97
2024-09-20 10:22:57.335000,424.4072323601504,101
2024-09-20 10:22:57.376000,424.3893714418165,102
2024-09-20 10:22:57.378000,424.4141219863973,10
2024-09-20 10:22:57.487000,424.4293425770559,999
2024-09-20 10:22:57.567000,424.35223926252144,95
2024-09-20 10:22:57.620000,424.4447480001691,102
2024-09-20 10:22:57.632000,424.3649715093522,1002
2024-09-20 10:22:57.763000,424.3587060687221,998
2024-09-20 10:22:57.803000,424.3932858776753,7
2024-09-20 10:22:57.831000,424.37619096292167,105
2024-09-20 10:22:57.837000,424.34714833695983,9
2024-09-20 10:22:57.981000,424.3421214898431,95
2024-09-20 10:22:57.992000,424.4540420507264,98
2024-09-20 10:22:58.499000,424.3616958752374,1005
2024-09-20 10:22:59.020000,424.3174476178579,1004
2024-09-20 10:22:59.048000,424.3459371199824,1003
2024-09-20 10:22:59.052000,424.3575838721033,11
2024-09-20 10:22:59.062000,424.337126104342,10
2024-09-20 10:22:59.122000,424.3636448978269,105
2024-09-20 10:22:59.227000,424.36789520305246,104
2024-09-20 10:22:59.236000,424.3502420742449,999
2024-09-20 10:22:59.262000,424.3145927913826,96
2024-09-20 10:22:59.270000,424.3657117749288,12
2024-09-20 10:22:59.286000,424.3278206683653,5
2024-09-20 10:22:59.291000,424.3686031471871,15
2024-09-20 10:22:59.314000,424.3842292834826,97
2024-09-20 10:22:59.321000,424.30838980329736,1002
2024-09-20 10:22:59.446000,424.37670047301054,8
2024-09-20 10:22:59.497000,424.3409940413102,6
2024-09-20 10:22:59.529000,424.3483332611168,997
2024-09-20 10:22:59.550000,424.3489905753773,95
2024-09-20 10:22:59.591000,424.3574389137592,97
2024-09-20 10:22:59.639000,424.3247920804369,98
2024-09-20 10:22:59.640000,424.3711147672093,13
2024-09-20 10:22:59.646000,424.354257132906,1003
2024-09-20 10:22:59.678000,424.3508771897825,996
2024-09-20 10:22:59.686000,424.3543357076889,998
2024-09-20 10:22:59.849000,424.35916807692473,5
2024-09-20 10:22:59.902000,424.3546769777928,997
2024-09-20 10:22:59.979000,424.3202612260129,1000
2024-09-20 10:22:59.982000,424.3295853921157,997
