Timestamp,Price,Size
2024-09-20 14:15:00.001000,430.73184146586897,5
2024-09-20 14:15:00.055000,430.76237611228186,12
2024-09-20 14:15:00.095000,430.73823399029015,105
2024-09-20 14:15:00.126000,430.7836353794071,99
2024-09-20 14:15:00.161000,430.8020514254617,997
2024-09-20 14:15:00.177000,430.73570083389,1004
2024-09-20 14:15:00.254000,430.7651551516025,996
2024-09-20 14:15:00.265000,430.7293658096732,9
2024-09-20 14:15:00.279000,430.7399836032768,97
2024-09-20 14:15:00.283000,430.8020928240797,100
2024-09-20 14:15:00.365000,430.79627620652906,8
2024-09-20 14:15:00.435000,430.7651500434199,1005
2024-09-20 14:15:00.459000,430.7639463732877,996
2024-09-20 14:15:00.485000,430.7485721299981,99
2024-09-20 14:15:00.507000,430.7777218619596,7
2024-09-20 14:15:00.513000,430.7960467954576,997
2024-09-20 14:15:00.533000,430.710589063497,15
2024-09-20 14:15:00.581000,430.7855638147943,97
2024-09-20 14:15:00.600000,430.73558666108295,6
2024-09-20 14:15:00.652000,430.7831976011163,1005
2024-09-20 14:15:00.719000,430.75097518068384,12
2024-09-20 14:15:00.731000,430.73705560374896,102
2024-09-20 14:15:00.758000,430.7488319110758,102
2024-09-20 14:15:00.776000,430.7372913836047,996
2024-09-20 14:15:00.838000,430.7509257749705,99
2024-09-20 14:15:00.848000,430.80137243781024,13
2024-09-20 14:15:00.941000,430.722235566334,1005
2024-09-20 14:15:00.957000,430.7977240693636,11
2024-09-20 14:15:01.034000,430.7574003989467,1003
2024-09-20 14:15:01.182000,430.8544517511202,103
2024-09-20 14:15:01.192000,430.73893745740673,7
2024-09-20 14:15:01.254000,430.75768773403735,1000
2024-09-20 14:15:01.263000,430.8541656533471,100
2024-09-20 14:15:01.277000,430.85490915753775,102
2024-09-20 14:15:01.323000,430.8720320882579,1001
2024-09-20 14:15:01.459000,430.8173803669239,100
2024-09-20 14:15:01.465000,430.869384152616,98
2024-09-20 14:15:01.572000,430.85446545705526,7
2024-09-20 14:15:01.575000,430.7606272348604,103
2024-09-20 14:15:01.671000,430.85642371758047,1001
2024-09-20 14:15:01.701000,430.8441275194372,7
2024-09-20 14:15:01.721000,430.8383037719913,14
2024-09-20 14:15:01.729000,430.7455427121007,1000
2024-09-20 14:15:01.735000,430.7575755048821,105
2024-09-20 14:15:01.745000,430.8582927444622,14
2024-09-20 14:15:01.844000,430.7464596266624,14
2024-09-20 14:15:01.853000,430.7959075101544,1002
2024-09-20 14:15:01.881000,430.8789299635008,104
2024-09-20 14:15:01.888000,430.85266020303976,95
2024-09-20 14:15:01.903000,430.7516759589675,996
2024-09-20 14:15:01.921000,430.7759324367913,10
2024-09-20 14:15:02.342000,430.8566111356972,996
2024-09-20 14:15:02.524000,430.87032203890936,95
2024-09-20 14:15:02.609000,430.8530889227009,5
2024-09-20 14:15:02.670000,430.8630942016308,104
2024-09-20 14:15:02.681000,430.8603118281815,1001
2024-09-20 14:15:02.782000,430.8610553285371,996
2024-09-20 14:15:02.884000,430.86650260497646,103
2024-09-20 14:15:02.953000,430.8560877160379,999
2024-09-20 14:15:03.034000,430.85633179129576,995
2024-09-20 14:15:03.043000,430.84703168186536,6
2024-09-20 14:15:03.086000,430.8791160196461,96
2024-09-20 14:15:03.088000,430.86189806911983,101
2024-09-20 14:15:03.106000,430.8576032784556,995
2024-09-20 14:15:03.109000,430.8697767624042,7
2024-09-20 14:15:03.185000,430.83772608076697,95
2024-09-20 14:15:03.207000,430.8908424259535,1001
2024-09-20 14:15:03.248000,430.8265862080563,102
2024-09-20 14:15:03.276000,430.8724933641431,104
2024-09-20 14:15:03.280000,430.8447195934298,105
2024-09-20 14:15:03.385000,430.8949076815769,13
2024-09-20 14:15:03.431000,430.8791266099284,8
2024-09-20 14:15:03.546000,430.8830485291704,104
2024-09-20 14:15:03.593000,430.8630910188773,6
2024-09-20 14:15:03.717000,430.8815062378492,9
2024-09-20 14:15:03.751000,430.86351387262647,10
2024-09-20 14:15:03.785000,430.8482672283551,5
2024-09-20 14:15:03.842000,430.8796800957589,96
2024-09-20 14:15:03.864000,430.86977004736815,98
2024-09-20 14:15:03.886000,430.8720700800159,104
2024-09-20 14:15:03.933000,430.8545245897701,997
2024-09-20 14:15:04.166000,430.8655237152216,11
2024-09-20 14:15:04.187000,430.8063575569152,9
2024-09-20 14:15:04.270000,430.8421113740544,7
2024-09-20 14:15:04.348000,430.8532709840322,997
2024-09-20 14:15:04.554000,430.8027690356529,15
2024-09-20 14:15:04.672000,430.8247833715249,998
2024-09-20 14:15:04.861000,430.818980936752,103
2024-09-20 14:15:04.873000,430.83646902305,1002
2024-09-20 14:15:05.066000,430.90573543945465,9
2024-09-20 14:15:05.111000,430.8936164029898,97
2024-09-20 14:15:05.331000,430.8848126443835,105
2024-09-20 14:15:05.465000,430.8478151150804,995
2024-09-20 14:15:05.575000,430.8783764712047,1002
2024-09-20 14:15:05.600000,430.83896074132906,98
2024-09-20 14:15:05.769000,430.8497760916848,1002
2024-09-20 14:15:06.030000,430.9245277816951,101
2024-09-20 14:15:06.063000,430.914009601162,14
2024-09-20 14:15:06.083000,430.8621912766169,14
2024-09-20 14:15:06.124000,430.94150235968544,95
2024-09-20 14:15:06.212000,430.86920104468777,96
2024-09-20 14:15:06.215000,430.9285736391465,13
2024-09-20 14:15:06.223000,430.9182837037223,105
2024-09-20 14:15:06.233000,430.9354889317792,1003
2024-09-20 14:15:06.253000,430.92539195861247,99
2024-09-20 14:15:06.270000,430.9309764880515,101
2024-09-20 14:15:06.291000,430.944528712124,1000
2024-09-20 14:15:06.307000,430.9443293664178,102
2024-09-20 14:15:06.316000,430.9537010123646,14
2024-09-20 14:15:06.411000,430.89230023027727,102
2024-09-20 14:15:06.414000,430.8762480032249,7
2024-09-20 14:15:06.428000,430.93692160277885,101
2024-09-20 14:15:06.524000,430.9098626505676,98
2024-09-20 14:15:06.580000,430.91866708574486,98
2024-09-20 14:15:06.618000,430.88010473766064,998
2024-09-20 14:15:06.741000,430.8586715947463,996
2024-09-20 14:15:06.751000,430.9282723313679,97
2024-09-20 14:15:06.765000,430.9038289466568,10
2024-09-20 14:15:06.770000,430.9174838394551,95
2024-09-20 14:15:06.790000,430.876584836677,1000
2024-09-20 14:15:06.809000,430.9215734146928,95
2024-09-20 14:15:06.906000,430.9461828475802,105
2024-09-20 14:15:06.934000,430.9418985830734,999
2024-09-20 14:15:06.967000,430.9186291454643,9
2024-09-20 14:15:07.031000,430.9080603513184,101
2024-09-20 14:15:07.260000,430.90105411860594,104
2024-09-20 14:15:07.315000,430.892905163704,1002
2024-09-20 14:15:07.414000,430.88166297695545,1001
2024-09-20 14:15:08.163000,430.8947978998176,105
2024-09-20 14:15:08.272000,430.9615251709395,15
2024-09-20 14:15:08.364000,430.95408782516057,14
2024-09-20 14:15:08.370000,430.9478200038919,99
2024-09-20 14:15:08.383000,430.9693930841266,13
2024-09-20 14:15:08.444000,430.9589559708815,995
2024-09-20 14:15:08.485000,430.8731970828662,7
2024-09-20 14:15:08.545000,430.9710731794225,9
2024-09-20 14:15:08.651000,430.9069243552035,96
2024-09-20 14:15:08.672000,430.9533273111589,14
2024-09-20 14:15:08.733000,430.9562756373711,95
2024-09-20 14:15:08.747000,430.9630424243705,14
2024-09-20 14:15:08.774000,430.9685838056832,102
2024-09-20 14:15:08.795000,430.952764411854,6
2024-09-20 14:15:08.898000,430.8835326466141,103
2024-09-20 14:15:08.933000,430.9310905548752,11
2024-09-20 14:15:08.948000,430.8945007381486,996
2024-09-20 14:15:08.957000,430.8926878902017,95
2024-09-20 14:15:08.968000,430.9562722302034,998
2024-09-20 14:15:09.087000,430.9522553166364,102
2024-09-20 14:15:09.217000,430.9301174234696,14
2024-09-20 14:15:09.330000,430.9306557315614,1002
2024-09-20 14:15:09.409000,430.9303228380728,10
2024-09-20 14:15:09.441000,430.9229588417756,1000
2024-09-20 14:15:09.486000,430.91949412189854,96
2024-09-20 14:15:09.517000,430.92382640752805,999
2024-09-20 14:15:09.578000,430.9206636591832,6
2024-09-20 14:15:09.653000,430.8930722246354,8
2024-09-20 14:15:09.693000,430.9416363868745,995
2024-09-20 14:15:09.760000,430.91477322243577,1004
2024-09-20 14:15:09.771000,430.9173400437025,8
2024-09-20 14:15:09.781000,430.93316969543486,10
2024-09-20 14:15:09.917000,430.93440994229127,11
2024-09-20 14:15:09.952000,430.8965851264035,96
2024-09-20 14:15:10.039000,430.8850224562902,5
2024-09-20 14:15:10.093000,430.8992782532474,99
2024-09-20 14:15:10.129000,430.910681928305,996
2024-09-20 14:15:10.136000,430.8992178729071,5
2024-09-20 14:15:10.154000,430.8800475622642,100
2024-09-20 14:15:10.156000,430.88760056760754,1004
2024-09-20 14:15:10.246000,430.89575139796506,1001
2024-09-20 14:15:10.263000,430.89210397046736,105
2024-09-20 14:15:10.321000,430.908501877916,96
2024-09-20 14:15:10.351000,430.88183901932985,1000
2024-09-20 14:15:10.357000,430.8936690848541,995
2024-09-20 14:15:10.393000,430.8922153702807,1001
2024-09-20 14:15:10.503000,430.8920773475672,100
2024-09-20 14:15:10.528000,430.8709456075573,8
2024-09-20 14:15:10.582000,430.8900707326539,104
2024-09-20 14:15:10.719000,430.8903311030921,1005
2024-09-20 14:15:10.763000,430.8989676704168,997
2024-09-20 14:15:10.830000,430.9077636836221,99
2024-09-20 14:15:10.875000,430.90313296948966,6
2024-09-20 14:15:10.901000,430.87232083142936,13
2024-09-20 14:15:10.917000,430.8976984404888,101
2024-09-20 14:15:10.954000,430.8983607020217,8
2024-09-20 14:15:11.033000,430.934854233018,6
2024-09-20 14:15:11.075000,430.8986594676504,1002
2024-09-20 14:15:11.234000,430.8874453430966,9
2024-09-20 14:15:11.286000,430.9382373104731,95
2024-09-20 14:15:11.336000,430.9311831972046,7
2024-09-20 14:15:11.353000,430.90534066331816,98
2024-09-20 14:15:11.462000,430.9662115122909,1005
2024-09-20 14:15:11.474000,430.8838470379674,99
2024-09-20 14:15:11.479000,430.9066042118423,13
2024-09-20 14:15:11.509000,430.92471587155416,105
2024-09-20 14:15:11.555000,430.8673247668854,1002
2024-09-20 14:15:11.583000,430.9327985782674,1003
2024-09-20 14:15:11.592000,430.9147466938546,995
2024-09-20 14:15:11.676000,430.9241055432408,8
2024-09-20 14:15:11.699000,430.9233141618007,5
2024-09-20 14:15:11.709000,430.9729833469772,5
2024-09-20 14:15:11.725000,430.8876418700465,96
2024-09-20 14:15:11.727000,430.8663203454832,101
2024-09-20 14:15:11.736000,430.8823170444765,9
2024-09-20 14:15:11.742000,430.9693293321063,15
2024-09-20 14:15:11.758000,430.8789726997018,1003
2024-09-20 14:15:11.759000,430.9306061136329,102
2024-09-20 14:15:11.826000,430.8743658839089,102
2024-09-20 14:15:11.850000,430.9139504047631,101
2024-09-20 14:15:11.864000,430.9331711111689,8
2024-09-20 14:15:11.923000,430.8815267266477,996
2024-09-20 14:15:12.002000,430.9614248280981,7
2024-09-20 14:15:12.199000,430.9765228149875,999
2024-09-20 14:15:12.245000,430.96139286619785,14
2024-09-20 14:15:12.259000,430.9551640648575,998
2024-09-20 14:15:12.299000,430.9780165537491,6
2024-09-20 14:15:12.323000,430.9690507946771,100
2024-09-20 14:15:12.403000,430.9577226688796,998
2024-09-20 14:15:12.503000,430.9737748826933,1003
2024-09-20 14:15:12.639000,430.960223271402,7
2024-09-20 14:15:12.732000,430.9623985521976,100
2024-09-20 14:15:12.792000,430.95820631526414,102
2024-09-20 14:15:12.816000,430.9732085816034,5
2024-09-20 14:15:12.819000,430.9575836767839,13
2024-09-20 14:15:12.837000,430.96363043409207,10
2024-09-20 14:15:12.923000,430.9701386866964,997
2024-09-20 14:15:13.020000,430.964795208172,10
2024-09-20 14:15:13.026000,430.979950614191,997
2024-09-20 14:15:13.118000,430.9851839949173,1000
2024-09-20 14:15:13.133000,430.973851937676,1003
2024-09-20 14:15:13.252000,430.9677217869601,1001
2024-09-20 14:15:13.357000,430.9513804412524,1000
2024-09-20 14:15:13.574000,430.9437568762453,102
2024-09-20 14:15:13.638000,430.9945819619976,9
2024-09-20 14:15:13.668000,430.95549121427536,996
2024-09-20 14:15:13.717000,431.0017523471611,101
2024-09-20 14:15:13.745000,430.99738051087576,100
2024-09-20 14:15:13.746000,430.9988505273696,105
2024-09-20 14:15:13.765000,431.00334917549634,99
2024-09-20 14:15:13.792000,430.9752014609384,100
2024-09-20 14:15:13.943000,430.96403639190754,99
2024-09-20 14:15:13.944000,430.9999585755046,101
2024-09-20 14:15:13.955000,430.9971222575521,9
2024-09-20 14:15:14.030000,430.980089577381,1003
2024-09-20 14:15:14.101000,430.9792930364087,1000
2024-09-20 14:15:14.143000,430.9725513440343,1000
2024-09-20 14:15:14.156000,430.9373480057332,996
2024-09-20 14:15:14.339000,430.9764181693151,15
2024-09-20 14:15:14.348000,430.9846071695531,103
2024-09-20 14:15:14.373000,430.98061431616856,15
2024-09-20 14:15:14.443000,430.95452066602553,13
2024-09-20 14:15:14.487000,430.977682442812,96
2024-09-20 14:15:14.508000,430.9488111571469,999
2024-09-20 14:15:14.568000,430.96894155843455,95
2024-09-20 14:15:14.588000,430.9642333577564,997
2024-09-20 14:15:14.645000,430.97024915656266,96
2024-09-20 14:15:14.648000,430.94984564300216,995
2024-09-20 14:15:14.679000,430.96741804282885,997
2024-09-20 14:15:14.888000,430.9768964815113,997
2024-09-20 14:15:14.957000,430.9522367744536,96
2024-09-20 14:15:14.960000,430.9775184014418,15
2024-09-20 14:15:14.981000,430.96868516829295,14
2024-09-20 14:15:15.360000,430.9172588945493,99
2024-09-20 14:15:15.362000,430.9083517810492,1004
2024-09-20 14:15:15.784000,430.9217863935012,98
2024-09-20 14:15:15.846000,430.9260995434234,100
2024-09-20 14:15:15.890000,430.917094640922,997
2024-09-20 14:15:16.006000,430.9028143770446,7
2024-09-20 14:15:16.035000,430.8920841207749,97
2024-09-20 14:15:16.055000,430.89433158607073,102
2024-09-20 14:15:16.056000,430.9455795088084,8
2024-09-20 14:15:16.058000,430.9293585701368,97
2024-09-20 14:15:16.138000,430.90320102903166,1002
2024-09-20 14:15:16.202000,430.9252614835643,10
2024-09-20 14:15:16.208000,430.9112918679058,1000
2024-09-20 14:15:16.306000,430.9418495417757,11
2024-09-20 14:15:16.310000,430.9428048512599,98
2024-09-20 14:15:16.315000,430.9383624803853,1000
2024-09-20 14:15:16.356000,430.8992447300007,1001
2024-09-20 14:15:16.450000,430.9026736547172,14
2024-09-20 14:15:16.452000,430.9331073706308,12
2024-09-20 14:15:16.458000,430.9026257434861,1004
2024-09-20 14:15:16.538000,430.9098295107033,11
2024-09-20 14:15:16.597000,430.9061406758406,13
2024-09-20 14:15:16.629000,430.932975553482,98
2024-09-20 14:15:16.664000,430.9102556989456,999
2024-09-20 14:15:16.670000,430.8910259753632,98
2024-09-20 14:15:16.729000,430.9153076612901,1002
2024-09-20 14:15:16.779000,430.9317508319624,1005
2024-09-20 14:15:16.791000,430.9116568931006,100
2024-09-20 14:15:16.820000,430.9096401128148,1002
2024-09-20 14:15:16.912000,430.915616715433,15
2024-09-20 14:15:16.927000,430.90691278563753,996
2024-09-20 14:15:16.962000,430.9090863978475,1005
2024-09-20 14:15:17.137000,430.9317868052469,997
2024-09-20 14:15:17.348000,430.9328671112558,9
2024-09-20 14:15:17.532000,430.87925470496873,100
2024-09-20 14:15:17.556000,430.8895797914842,13
2024-09-20 14:15:17.622000,430.8871662560816,12
2024-09-20 14:15:17.859000,430.91736636028384,11
2024-09-20 14:15:17.871000,430.89257566736006,97
2024-09-20 14:15:17.917000,430.88918403806485,103
2024-09-20 14:15:18.024000,430.9338120711443,15
2024-09-20 14:15:18.116000,430.9402168844526,97
2024-09-20 14:15:18.130000,430.947997432265,14
2024-09-20 14:15:18.153000,430.9164742959576,1002
2024-09-20 14:15:18.192000,430.9431353375415,10
2024-09-20 14:15:18.232000,430.9190874460117,997
2024-09-20 14:15:18.267000,430.9107605105504,98
2024-09-20 14:15:18.414000,430.9204530584756,13
2024-09-20 14:15:18.422000,430.93627046545816,95
2024-09-20 14:15:18.436000,430.93340907812063,101
2024-09-20 14:15:18.493000,430.9252785221267,998
2024-09-20 14:15:18.578000,430.9264628460358,102
2024-09-20 14:15:18.665000,430.9155279870151,98
2024-09-20 14:15:18.775000,430.926586335946,6
2024-09-20 14:15:18.792000,430.92235649214336,995
2024-09-20 14:15:18.852000,430.9310440795993,96
2024-09-20 14:15:18.954000,430.9149640452301,995
2024-09-20 14:15:18.956000,430.8922680778084,10
2024-09-20 14:15:18.996000,430.9140251539823,1001
2024-09-20 14:15:19,430.97349354071815,5
2024-09-20 14:15:19.042000,430.9649130508301,105
2024-09-20 14:15:19.066000,430.9521314305341,101
2024-09-20 14:15:19.100000,430.9362325132355,8
2024-09-20 14:15:19.254000,430.9382374089682,8
2024-09-20 14:15:19.359000,430.95108933389525,15
2024-09-20 14:15:19.361000,430.9326980796735,98
2024-09-20 14:15:19.368000,430.9456011857096,11
2024-09-20 14:15:19.424000,430.9187846812874,101
2024-09-20 14:15:19.512000,430.9659083757913,105
2024-09-20 14:15:19.525000,430.9930568338972,99
2024-09-20 14:15:19.556000,430.93016501400047,104
2024-09-20 14:15:19.600000,430.9284470174068,1005
2024-09-20 14:15:19.640000,430.95364883296895,10
2024-09-20 14:15:19.714000,430.9840967594019,1000
2024-09-20 14:15:19.741000,430.9306753346931,97
2024-09-20 14:15:19.802000,430.9528264599683,96
2024-09-20 14:15:19.804000,430.9375198924388,102
2024-09-20 14:15:19.880000,430.9889625487031,14
2024-09-20 14:15:19.888000,430.9503772953667,102
2024-09-20 14:15:19.937000,430.9614655946206,1003
2024-09-20 14:15:19.957000,430.96473754554967,9
2024-09-20 14:15:20.016000,430.9284802568363,8
2024-09-20 14:15:20.032000,430.9058450211156,5
2024-09-20 14:15:20.095000,430.9325370755255,7
2024-09-20 14:15:20.291000,430.9607899013201,11
2024-09-20 14:15:20.562000,430.932537880157,995
2024-09-20 14:15:20.572000,430.9385094873727,1001
2024-09-20 14:15:20.594000,430.9556050777019,14
2024-09-20 14:15:20.677000,430.9472795224097,100
2024-09-20 14:15:20.736000,430.9183389686771,103
2024-09-20 14:15:20.797000,430.9242074003613,13
2024-09-20 14:15:20.835000,430.9291060380688,995
2024-09-20 14:15:20.898000,430.9397100801988,8
2024-09-20 14:15:20.923000,430.915962473436,997
2024-09-20 14:15:20.931000,430.9473196722847,14
2024-09-20 14:15:20.943000,430.93243857812257,11
2024-09-20 14:15:21.009000,430.9713715617704,7
2024-09-20 14:15:21.035000,430.9068127237337,95
2024-09-20 14:15:21.091000,430.9599253738298,102
2024-09-20 14:15:21.153000,430.9527631691066,1005
2024-09-20 14:15:21.300000,430.9520074506335,101
2024-09-20 14:15:21.322000,430.9240364149345,1003
2024-09-20 14:15:21.339000,430.9077612738757,104
2024-09-20 14:15:21.376000,430.8982025968532,13
2024-09-20 14:15:21.470000,430.91853940105386,8
2024-09-20 14:15:21.526000,430.91265141311015,1004
2024-09-20 14:15:21.549000,430.9493166879264,1002
2024-09-20 14:15:21.571000,430.9534629621474,996
2024-09-20 14:15:21.621000,430.9068438543515,998
2024-09-20 14:15:21.890000,430.9293698684665,996
2024-09-20 14:15:21.917000,430.91078908686,95
2024-09-20 14:15:21.920000,430.9509871403858,1003
2024-09-20 14:15:21.944000,430.89344530288827,9
2024-09-20 14:15:21.999000,430.9411919162903,98
2024-09-20 14:15:22.347000,430.9877865302309,100
2024-09-20 14:15:22.452000,430.987807020348,1005
2024-09-20 14:15:22.564000,431.0046990150652,7
2024-09-20 14:15:22.664000,430.9758510409496,1002
2024-09-20 14:15:22.779000,431.0034821463735,996
2024-09-20 14:15:22.834000,431.005118065659,997
2024-09-20 14:15:22.969000,430.9906422067636,1003
2024-09-20 14:15:23.007000,430.9566816906738,1001
2024-09-20 14:15:23.052000,430.9714588724632,7
2024-09-20 14:15:23.238000,430.9658545642882,8
2024-09-20 14:15:23.324000,430.9919416010546,97
2024-09-20 14:15:23.351000,430.9879103064464,998
2024-09-20 14:15:23.369000,430.9645270867229,95
2024-09-20 14:15:23.412000,430.9666745405591,996
2024-09-20 14:15:23.581000,430.9539514364489,1004
2024-09-20 14:15:23.632000,430.9693883110218,101
2024-09-20 14:15:23.657000,430.9823109472029,1003
2024-09-20 14:15:23.690000,430.9828546407104,100
2024-09-20 14:15:23.727000,430.9537043337058,104
2024-09-20 14:15:23.860000,430.9587185173915,10
2024-09-20 14:15:23.908000,430.955087620398,103
2024-09-20 14:15:23.923000,430.9598557129417,1005
2024-09-20 14:15:23.945000,430.9707812780974,1000
2024-09-20 14:15:24.240000,430.9596649484657,995
2024-09-20 14:15:24.536000,430.9543653748817,6
2024-09-20 14:15:24.656000,430.9700147548459,105
2024-09-20 14:15:24.853000,430.9740119991517,10
2024-09-20 14:15:25.001000,430.9555956783993,998
2024-09-20 14:15:25.035000,430.97482078180326,12
2024-09-20 14:15:25.131000,430.9901711441511,12
2024-09-20 14:15:25.175000,430.9898532095506,12
2024-09-20 14:15:25.175000,430.964430264855,102
2024-09-20 14:15:25.187000,431.0128533835023,999
2024-09-20 14:15:25.292000,430.9917470875463,996
2024-09-20 14:15:25.336000,430.97103542569226,14
2024-09-20 14:15:25.341000,430.99699255751074,995
2024-09-20 14:15:25.348000,431.0017201245123,1000
2024-09-20 14:15:25.356000,430.9801691423292,6
2024-09-20 14:15:25.460000,431.003033542277,1002
2024-09-20 14:15:25.468000,430.9833641418754,8
2024-09-20 14:15:25.506000,430.96079060515297,1003
2024-09-20 14:15:25.525000,430.99461033926,995
2024-09-20 14:15:25.526000,430.9859213471839,9
2024-09-20 14:15:25.569000,431.0067889644704,1004
2024-09-20 14:15:25.626000,430.969881295536,1001
2024-09-20 14:15:25.641000,430.9609347706266,995
2024-09-20 14:15:25.652000,431.0066529351486,104
2024-09-20 14:15:25.741000,431.0118395321066,102
2024-09-20 14:15:25.747000,431.0145035337501,101
2024-09-20 14:15:25.751000,430.98790338013913,99
2024-09-20 14:15:25.781000,430.9740654056152,1001
2024-09-20 14:15:25.813000,430.9781373612095,997
2024-09-20 14:15:25.841000,430.9897548026445,1005
2024-09-20 14:15:25.960000,430.99341062356245,103
2024-09-20 14:15:25.985000,430.99627209052886,996
2024-09-20 14:15:26.016000,431.0288995060943,104
2024-09-20 14:15:26.050000,431.0464355930025,14
2024-09-20 14:15:26.096000,430.98330430811217,98
2024-09-20 14:15:26.100000,431.03672653886736,1001
2024-09-20 14:15:26.282000,431.0249579952377,5
2024-09-20 14:15:26.286000,431.0424421785657,101
2024-09-20 14:15:26.434000,431.0159810757643,99
2024-09-20 14:15:26.457000,431.0399183479539,1000
2024-09-20 14:15:26.599000,431.0507982966377,12
2024-09-20 14:15:26.924000,431.0495855632443,10
2024-09-20 14:15:26.957000,431.0286904741616,1004
2024-09-20 14:15:26.993000,431.0150490448745,12
2024-09-20 14:15:27.022000,431.0457047016936,5
2024-09-20 14:15:27.079000,431.05532459731126,1001
2024-09-20 14:15:27.088000,431.0308236103092,7
2024-09-20 14:15:27.098000,431.0361993338284,5
2024-09-20 14:15:27.119000,431.054856262664,101
2024-09-20 14:15:27.123000,431.0294623864828,1002
2024-09-20 14:15:27.182000,431.0577282583973,98
2024-09-20 14:15:27.217000,431.0662801929683,13
2024-09-20 14:15:27.294000,431.0572788951897,998
2024-09-20 14:15:27.338000,431.0706062196997,97
2024-09-20 14:15:27.455000,431.0531449800156,1000
2024-09-20 14:15:27.475000,431.07071118863615,98
2024-09-20 14:15:27.529000,431.0226668210443,1001
2024-09-20 14:15:27.568000,431.0499297599971,999
2024-09-20 14:15:27.579000,431.0424106820097,98
2024-09-20 14:15:27.599000,431.0532141252767,997
2024-09-20 14:15:27.634000,431.05608874894574,9
2024-09-20 14:15:27.641000,431.0550494247554,7
2024-09-20 14:15:27.664000,431.06497722493,95
2024-09-20 14:15:27.698000,431.0379852652324,5
2024-09-20 14:15:27.702000,431.0389937957018,13
2024-09-20 14:15:27.734000,431.0607703662802,1002
2024-09-20 14:15:27.739000,431.0705267277685,6
2024-09-20 14:15:27.744000,431.074508342944,98
2024-09-20 14:15:27.805000,431.04316484932514,12
2024-09-20 14:15:27.840000,431.0792730181487,105
2024-09-20 14:15:27.867000,431.0652765200938,105
2024-09-20 14:15:27.892000,431.0686238302091,1002
2024-09-20 14:15:27.997000,431.047762495975,998
2024-09-20 14:15:28.049000,431.089568705224,1001
2024-09-20 14:15:28.095000,431.1092469762245,14
2024-09-20 14:15:28.138000,431.0848273836915,100
2024-09-20 14:15:28.169000,431.0665988408008,8
2024-09-20 14:15:28.232000,431.096128769657,15
2024-09-20 14:15:28.322000,431.0918514938296,1001
2024-09-20 14:15:28.394000,431.1057226679297,5
2024-09-20 14:15:28.414000,431.1011614401386,103
2024-09-20 14:15:28.425000,431.0838070881025,996
2024-09-20 14:15:28.531000,431.0594310724751,11
2024-09-20 14:15:28.748000,431.0847101613328,96
2024-09-20 14:15:28.780000,431.0788992914305,15
2024-09-20 14:15:28.921000,431.03597855319134,996
2024-09-20 14:15:28.945000,431.0924824677047,13
2024-09-20 14:15:29.021000,431.0502484882039,95
2024-09-20 14:15:29.034000,431.0353858763711,1004
2024-09-20 14:15:29.069000,431.0308894922787,5
2024-09-20 14:15:29.112000,431.02740009496335,98
2024-09-20 14:15:29.129000,431.06058540048633,98
2024-09-20 14:15:29.130000,431.08170627879736,103
2024-09-20 14:15:29.187000,431.073584117892,6
2024-09-20 14:15:29.227000,431.0688656428223,103
2024-09-20 14:15:29.278000,431.0320023087459,10
2024-09-20 14:15:29.363000,431.02594947563927,13
2024-09-20 14:15:29.366000,431.0357704669928,14
2024-09-20 14:15:29.374000,431.0807063448626,11
2024-09-20 14:15:29.387000,431.03866900853416,6
2024-09-20 14:15:29.394000,431.02236302989775,7
2024-09-20 14:15:29.410000,431.0672267845744,99
2024-09-20 14:15:29.456000,431.0406156497781,8
2024-09-20 14:15:29.469000,431.0310030704836,995
2024-09-20 14:15:29.659000,431.0747643139191,1001
2024-09-20 14:15:29.663000,431.0566778698444,8
2024-09-20 14:15:29.696000,431.0257726857439,5
2024-09-20 14:15:29.718000,431.0745682964775,7
2024-09-20 14:15:29.719000,431.0803844020775,999
2024-09-20 14:15:29.783000,431.0739284989657,8
2024-09-20 14:15:29.854000,431.0361735451257,103
2024-09-20 14:15:29.869000,431.0719194917381,103
2024-09-20 14:15:29.882000,431.0325938946148,104
2024-09-20 14:15:29.935000,431.08977256050974,14
2024-09-20 14:15:29.964000,431.0369717404519,103
2024-09-20 14:15:29.975000,431.0204310957861,999
2024-09-20 14:15:30.128000,431.0820058266182,7
2024-09-20 14:15:30.215000,431.0699420261217,12
2024-09-20 14:15:30.222000,431.05089894678366,101
2024-09-20 14:15:30.486000,431.0699445652695,1002
2024-09-20 14:15:30.545000,431.0653581149877,996
2024-09-20 14:15:31.157000,431.0668729703313,9
2024-09-20 14:15:32.121000,431.03681259738113,1001
2024-09-20 14:15:32.131000,431.0441886582886,99
2024-09-20 14:15:32.249000,431.0499988637515,1001
2024-09-20 14:15:32.315000,431.0801041329335,998
2024-09-20 14:15:32.381000,431.0426674326884,1002
2024-09-20 14:15:32.391000,431.0667165057328,7
2024-09-20 14:15:32.420000,431.0386661668359,998
2024-09-20 14:15:32.443000,431.0224060833766,101
2024-09-20 14:15:32.494000,431.0386498335449,95
2024-09-20 14:15:32.516000,431.02224168274506,10
2024-09-20 14:15:32.517000,431.0459446090175,1000
2024-09-20 14:15:32.590000,431.04217596346126,96
2024-09-20 14:15:32.599000,431.0464741536204,14
2024-09-20 14:15:32.634000,431.0396274731742,97
2024-09-20 14:15:32.645000,431.0548105899057,1005
2024-09-20 14:15:32.650000,431.06532570120487,1003
2024-09-20 14:15:32.677000,431.0516472534649,101
2024-09-20 14:15:32.757000,431.06587835428087,10
2024-09-20 14:15:32.773000,431.05174325351817,998
2024-09-20 14:15:32.885000,431.04495907157576,101
2024-09-20 14:15:32.912000,431.0145078578624,997
2024-09-20 14:15:32.923000,431.0619664598496,8
2024-09-20 14:15:33.002000,431.0375030081603,95
2024-09-20 14:15:33.006000,431.0473758424147,11
2024-09-20 14:15:33.034000,431.0317059707306,6
2024-09-20 14:15:33.173000,431.0417518358896,998
2024-09-20 14:15:33.284000,431.0224463988338,14
2024-09-20 14:15:33.307000,431.02375398713895,12
2024-09-20 14:15:33.312000,431.0378595064488,6
2024-09-20 14:15:33.323000,431.0466663426528,8
2024-09-20 14:15:33.436000,431.05021764338727,1003
2024-09-20 14:15:33.497000,431.0597391367115,95
2024-09-20 14:15:33.661000,431.0373001933602,100
2024-09-20 14:15:33.795000,431.0285524199844,98
2024-09-20 14:15:33.930000,431.0261003215782,996
2024-09-20 14:15:33.993000,431.0066316778242,99
2024-09-20 14:15:34.004000,431.0694856838796,7
2024-09-20 14:15:34.034000,431.01671494702,12
2024-09-20 14:15:34.036000,431.0447130210361,100
2024-09-20 14:15:34.078000,431.0195327061918,103
2024-09-20 14:15:34.259000,431.0621147324037,1002
2024-09-20 14:15:34.311000,431.0713330277343,96
2024-09-20 14:15:34.380000,431.0551507996151,997
2024-09-20 14:15:34.402000,431.0398646911663,8
2024-09-20 14:15:34.423000,431.0656567269172,96
2024-09-20 14:15:34.445000,431.05949570942033,13
2024-09-20 14:15:34.462000,431.002749991698,10
2024-09-20 14:15:34.511000,431.0176144981997,95
2024-09-20 14:15:34.549000,431.0498748381369,1004
2024-09-20 14:15:34.597000,431.05123160972175,10
2024-09-20 14:15:34.629000,431.0323442811639,996
2024-09-20 14:15:34.653000,431.03156375852456,1001
2024-09-20 14:15:34.687000,431.074264233839,996
2024-09-20 14:15:34.693000,431.0255906443243,1000
2024-09-20 14:15:34.696000,430.9974574834606,15
2024-09-20 14:15:34.835000,431.045705938608,9
2024-09-20 14:15:34.877000,431.0511501508034,998
2024-09-20 14:15:34.922000,431.09653678756285,997
2024-09-20 14:15:34.928000,431.0343454196153,14
2024-09-20 14:15:34.931000,431.0394482533752,8
2024-09-20 14:15:34.934000,431.0474901090591,105
2024-09-20 14:15:35.128000,431.00332284185583,101
2024-09-20 14:15:35.177000,431.0003338691815,95
2024-09-20 14:15:35.469000,430.9956664663669,999
2024-09-20 14:15:35.566000,430.9732555719813,13
2024-09-20 14:15:35.614000,430.9812490081706,998
2024-09-20 14:15:35.828000,431.02171063737546,100
2024-09-20 14:15:35.879000,431.0324220600956,99
2024-09-20 14:15:35.922000,431.0126690171778,11
2024-09-20 14:15:35.937000,430.9790957659853,995
2024-09-20 14:15:35.992000,431.0318275641585,995
2024-09-20 14:15:36.050000,431.0152305173495,103
2024-09-20 14:15:36.276000,431.0049832882432,7
2024-09-20 14:15:36.684000,431.0030526640069,10
2024-09-20 14:15:36.904000,430.9939568890548,1003
2024-09-20 14:15:37.204000,431.0289479167926,13
2024-09-20 14:15:37.246000,431.00752587013545,8
2024-09-20 14:15:37.268000,430.9778186296594,998
2024-09-20 14:15:37.362000,431.0075603884077,103
2024-09-20 14:15:37.524000,431.02750860005176,103
2024-09-20 14:15:37.611000,430.98388299402734,13
2024-09-20 14:15:37.727000,430.9938305232147,9
2024-09-20 14:15:37.789000,431.003723178436,14
2024-09-20 14:15:37.937000,431.004058876777,1001
2024-09-20 14:15:38.060000,430.9980722267583,12
2024-09-20 14:15:38.113000,430.9846214606318,11
2024-09-20 14:15:38.144000,431.0136194254078,999
2024-09-20 14:15:38.183000,431.0060416997042,11
2024-09-20 14:15:38.241000,431.0244364360563,10
2024-09-20 14:15:38.250000,430.9841738057494,97
2024-09-20 14:15:38.257000,431.0254708416306,6
2024-09-20 14:15:38.272000,431.0056041593844,100
2024-09-20 14:15:38.329000,431.0251492068908,98
2024-09-20 14:15:38.468000,431.0003444361307,1000
2024-09-20 14:15:38.485000,431.01396331827385,7
2024-09-20 14:15:38.525000,431.012505157694,104
2024-09-20 14:15:38.529000,431.0050639796245,999
2024-09-20 14:15:38.560000,430.9912917826447,998
2024-09-20 14:15:38.563000,430.9941758650149,9
2024-09-20 14:15:38.598000,431.017554529181,9
2024-09-20 14:15:38.643000,431.01925995366304,1004
2024-09-20 14:15:38.656000,430.9861505544988,14
2024-09-20 14:15:38.657000,431.0112568178936,995
2024-09-20 14:15:38.676000,431.0031145834208,1003
2024-09-20 14:15:38.729000,431.007736717877,6
2024-09-20 14:15:38.863000,430.9967050448192,104
2024-09-20 14:15:38.868000,431.0102266439744,15
2024-09-20 14:15:38.873000,431.0122437555884,7
2024-09-20 14:15:38.886000,430.9986834583317,1004
2024-09-20 14:15:38.923000,431.0136722728649,11
2024-09-20 14:15:38.988000,430.9922215174772,6
2024-09-20 14:15:38.998000,431.01516213936713,95
2024-09-20 14:15:39.028000,430.9981110055136,14
2024-09-20 14:15:39.090000,431.02656962932383,1000
2024-09-20 14:15:39.102000,430.9696561868921,9
2024-09-20 14:15:39.116000,431.004903014852,1001
2024-09-20 14:15:39.135000,430.99836108398216,1003
2024-09-20 14:15:39.157000,431.0002005833964,105
2024-09-20 14:15:39.163000,430.9935074401026,98
2024-09-20 14:15:39.301000,430.9964791198848,8
2024-09-20 14:15:39.322000,431.0061162607987,97
2024-09-20 14:15:39.342000,431.0188632912101,996
2024-09-20 14:15:39.376000,430.9863791288659,1000
2024-09-20 14:15:39.483000,431.0219807967968,999
2024-09-20 14:15:39.617000,430.9732903861898,95
2024-09-20 14:15:39.635000,430.99694432479214,1004
2024-09-20 14:15:39.645000,430.9966255498876,998
2024-09-20 14:15:39.771000,430.9902923267987,8
2024-09-20 14:15:39.784000,430.9946432866713,1001
2024-09-20 14:15:39.793000,430.97718440211065,100
2024-09-20 14:15:39.910000,431.0012628051269,1003
2024-09-20 14:15:40.007000,430.9908823689226,1004
2024-09-20 14:15:40.065000,430.9991422002509,99
2024-09-20 14:15:40.131000,430.9999323046719,995
2024-09-20 14:15:40.150000,431.01887607098615,95
2024-09-20 14:15:40.179000,431.0165608279434,8
2024-09-20 14:15:40.202000,431.04181789993737,1004
2024-09-20 14:15:40.256000,431.0008575801717,99
2024-09-20 14:15:40.351000,431.0380053221573,1002
2024-09-20 14:15:40.439000,431.002798676246,95
2024-09-20 14:15:40.471000,430.99003164845846,12
2024-09-20 14:15:40.479000,430.97589122467525,12
2024-09-20 14:15:40.499000,431.0146546773504,999
2024-09-20 14:15:40.668000,431.0215137194231,998
2024-09-20 14:15:40.710000,431.0069258927422,997
2024-09-20 14:15:40.756000,430.9836542158715,103
2024-09-20 14:15:40.786000,430.9718302969893,1000
2024-09-20 14:15:40.862000,431.05233999165966,8
2024-09-20 14:15:40.864000,431.0141562447416,13
2024-09-20 14:15:40.951000,430.99811764819736,102
2024-09-20 14:15:41.035000,431.0162082086355,995
2024-09-20 14:15:41.036000,431.0221738850694,5
2024-09-20 14:15:41.095000,431.00350654199394,6
2024-09-20 14:15:41.288000,431.0003059972012,100
2024-09-20 14:15:41.372000,430.9793142786336,999
2024-09-20 14:15:41.377000,431.0051576871376,8
2024-09-20 14:15:41.401000,431.02039404795954,10
2024-09-20 14:15:41.461000,431.0057360206271,104
2024-09-20 14:15:41.581000,431.01852033338815,104
2024-09-20 14:15:41.585000,431.0026060411109,9
2024-09-20 14:15:41.602000,431.0223382241777,101
2024-09-20 14:15:41.731000,430.9944707506603,1004
2024-09-20 14:15:41.737000,431.0289726466481,999
2024-09-20 14:15:41.739000,430.9893753994389,105
2024-09-20 14:15:41.814000,430.9830667247496,105
2024-09-20 14:15:41.889000,430.9906287109026,97
2024-09-20 14:15:41.994000,431.01741210306034,8
2024-09-20 14:15:42.070000,431.0131708227557,14
2024-09-20 14:15:42.104000,430.9998516422791,6
2024-09-20 14:15:42.134000,430.9598001385043,6
2024-09-20 14:15:42.143000,430.9892961880632,1001
2024-09-20 14:15:42.355000,430.977604263112,104
2024-09-20 14:15:42.387000,430.99448640996377,1002
2024-09-20 14:15:42.412000,430.99140310358473,1004
2024-09-20 14:15:42.638000,431.0139157999005,1004
2024-09-20 14:15:42.749000,430.9924565686008,101
2024-09-20 14:15:42.905000,431.00031118387926,12
2024-09-20 14:15:43.043000,430.9470162652364,1002
2024-09-20 14:15:43.114000,430.9520432294855,995
2024-09-20 14:15:43.127000,430.9507987567112,6
2024-09-20 14:15:43.347000,430.9881119735306,1000
2024-09-20 14:15:43.356000,430.9341597728309,13
2024-09-20 14:15:43.386000,430.9375289826762,97
2024-09-20 14:15:43.496000,430.9652485727536,10
2024-09-20 14:15:43.514000,430.9498174642927,104
2024-09-20 14:15:43.520000,430.9316291902396,11
2024-09-20 14:15:43.524000,430.9938761576781,102
2024-09-20 14:15:43.539000,430.9182930912698,95
2024-09-20 14:15:43.617000,430.9650612499315,14
2024-09-20 14:15:43.633000,430.9709218822397,1005
2024-09-20 14:15:43.640000,430.9602437547795,10
2024-09-20 14:15:43.641000,430.97222682124266,15
2024-09-20 14:15:43.654000,430.965761661826,95
2024-09-20 14:15:43.686000,430.9757891309703,102
2024-09-20 14:15:43.789000,430.9512120368594,999
2024-09-20 14:15:43.824000,430.9676754096596,98
2024-09-20 14:15:43.839000,430.9465653454174,1002
2024-09-20 14:15:43.859000,430.97606678241925,101
2024-09-20 14:15:43.876000,430.96509133613966,1005
2024-09-20 14:15:43.938000,430.9322344146855,97
2024-09-20 14:15:43.980000,430.947510324693,97
2024-09-20 14:15:44.068000,430.8731085733174,995
2024-09-20 14:15:44.139000,430.9236788327519,999
2024-09-20 14:15:44.299000,430.8478076234343,10
2024-09-20 14:15:44.321000,430.8621701726731,97
2024-09-20 14:15:44.353000,430.9413551080495,995
2024-09-20 14:15:44.555000,430.8742205290865,9
2024-09-20 14:15:44.606000,430.8345862305416,98
2024-09-20 14:15:44.634000,430.8844460835409,98
2024-09-20 14:15:44.641000,430.83392508966347,13
2024-09-20 14:15:44.654000,430.8691981483842,13
2024-09-20 14:15:44.764000,430.8487597751842,103
2024-09-20 14:15:44.810000,430.8447674689773,100
2024-09-20 14:15:44.873000,430.8647620441901,101
2024-09-20 14:15:44.939000,430.8640994880744,97
2024-09-20 14:15:44.961000,430.90001136888486,13
2024-09-20 14:15:44.983000,430.8739841739152,10
2024-09-20 14:15:45.048000,430.7874516390843,13
2024-09-20 14:15:45.050000,430.7980947667104,1001
2024-09-20 14:15:45.087000,430.7961176821765,101
2024-09-20 14:15:45.223000,430.83111647489,6
2024-09-20 14:15:45.334000,430.8592174564291,1004
2024-09-20 14:15:45.361000,430.81742622335696,98
2024-09-20 14:15:45.487000,430.8585634888131,10
2024-09-20 14:15:45.526000,430.78413584603067,102
2024-09-20 14:15:45.663000,430.79074303321335,99
2024-09-20 14:15:45.663000,430.7942626093255,105
2024-09-20 14:15:45.666000,430.8466838996114,104
2024-09-20 14:15:45.688000,430.78568372305,103
2024-09-20 14:15:45.777000,430.7978744878712,996
2024-09-20 14:15:45.819000,430.8123975331101,101
2024-09-20 14:15:45.916000,430.78919231118704,95
2024-09-20 14:15:45.955000,430.8515342601876,98
2024-09-20 14:15:46.125000,430.844515209146,995
2024-09-20 14:15:46.784000,430.8509920802708,95
2024-09-20 14:15:46.838000,430.841558869917,10
2024-09-20 14:15:47.052000,430.8612792999066,97
2024-09-20 14:15:47.087000,430.8437054266008,95
2024-09-20 14:15:47.121000,430.8440879009307,12
2024-09-20 14:15:47.130000,430.8226014553055,1000
2024-09-20 14:15:47.154000,430.8426349794768,997
2024-09-20 14:15:47.219000,430.8528037572537,96
2024-09-20 14:15:47.222000,430.84775584725713,995
2024-09-20 14:15:47.290000,430.8515224628102,15
2024-09-20 14:15:47.348000,430.8632913601048,105
2024-09-20 14:15:47.423000,430.8432018509279,15
2024-09-20 14:15:47.541000,430.8440172374735,1005
2024-09-20 14:15:47.569000,430.84373780348494,995
2024-09-20 14:15:47.684000,430.8406514881054,1004
2024-09-20 14:15:47.767000,430.8477146976987,95
2024-09-20 14:15:47.805000,430.8384310076528,1005
2024-09-20 14:15:47.845000,430.85694735056194,100
2024-09-20 14:15:47.898000,430.83852434648776,9
2024-09-20 14:15:47.964000,430.84923278248766,9
2024-09-20 14:15:48.076000,430.812879407866,100
2024-09-20 14:15:48.142000,430.7823010974938,95
2024-09-20 14:15:48.176000,430.8292999334909,995
2024-09-20 14:15:48.226000,430.8033811698571,99
2024-09-20 14:15:48.332000,430.7762890376843,1002
2024-09-20 14:15:48.445000,430.7977991587052,105
2024-09-20 14:15:48.445000,430.77901094621126,105
2024-09-20 14:15:48.517000,430.7923655906383,104
2024-09-20 14:15:48.519000,430.79601933863984,5
2024-09-20 14:15:48.538000,430.79514474248913,99
2024-09-20 14:15:48.557000,430.802193308442,7
2024-09-20 14:15:48.562000,430.8564615949827,15
2024-09-20 14:15:48.574000,430.8223691661821,101
2024-09-20 14:15:48.597000,430.7941799132617,104
2024-09-20 14:15:48.713000,430.7926488300585,1002
2024-09-20 14:15:48.730000,430.82145803851216,97
2024-09-20 14:15:48.740000,430.8032732884071,97
2024-09-20 14:15:48.751000,430.7989939479564,1002
2024-09-20 14:15:48.789000,430.787777028206,15
2024-09-20 14:15:48.821000,430.8481558115134,999
2024-09-20 14:15:48.843000,430.7929512964787,100
2024-09-20 14:15:48.863000,430.80513102702105,12
2024-09-20 14:15:48.940000,430.8491705454436,104
2024-09-20 14:15:49.025000,430.79968729433085,104
2024-09-20 14:15:49.060000,430.8409861715352,105
2024-09-20 14:15:49.102000,430.8307646934639,6
2024-09-20 14:15:49.154000,430.84388979072605,97
2024-09-20 14:15:49.156000,430.8529236479429,1000
2024-09-20 14:15:49.157000,430.8163137388005,99
2024-09-20 14:15:49.163000,430.84824067030377,995
2024-09-20 14:15:49.174000,430.82879820696985,103
2024-09-20 14:15:49.181000,430.8253288076613,6
2024-09-20 14:15:49.198000,430.82826527947606,1005
2024-09-20 14:15:49.222000,430.84131988358666,995
2024-09-20 14:15:49.241000,430.83245298888886,10
2024-09-20 14:15:49.315000,430.8441181761831,995
2024-09-20 14:15:49.318000,430.84550921902417,1002
2024-09-20 14:15:49.374000,430.84427226510206,6
2024-09-20 14:15:49.385000,430.82773694537696,100
2024-09-20 14:15:49.458000,430.8276460029768,96
2024-09-20 14:15:49.549000,430.8355700859087,1003
2024-09-20 14:15:49.560000,430.83101877342784,1003
2024-09-20 14:15:49.569000,430.8191357229125,105
2024-09-20 14:15:49.578000,430.8357549956871,1005
2024-09-20 14:15:49.632000,430.8265062213338,95
2024-09-20 14:15:49.740000,430.834440956117,95
2024-09-20 14:15:49.744000,430.8365353711576,8
2024-09-20 14:15:49.794000,430.8449135451911,9
2024-09-20 14:15:49.924000,430.8205201878074,13
2024-09-20 14:15:49.976000,430.828297348233,102
2024-09-20 14:15:49.998000,430.83910578148055,1003
2024-09-20 14:15:50.085000,430.82781811700096,1003
2024-09-20 14:15:50.091000,430.79182588786006,999
2024-09-20 14:15:50.189000,430.7766700107733,1002
2024-09-20 14:15:50.189000,430.8047557711991,8
2024-09-20 14:15:50.319000,430.7847915299006,15
2024-09-20 14:15:50.328000,430.8279603346064,11
2024-09-20 14:15:50.435000,430.7924607064913,101
2024-09-20 14:15:50.485000,430.81540024034246,1001
2024-09-20 14:15:50.514000,430.8245140731327,10
2024-09-20 14:15:50.529000,430.778569673897,98
2024-09-20 14:15:50.553000,430.8245677552843,105
2024-09-20 14:15:50.564000,430.83086489502966,995
2024-09-20 14:15:50.671000,430.8196165596406,5
2024-09-20 14:15:50.693000,430.7802448663694,1001
2024-09-20 14:15:50.830000,430.80890661123857,102
2024-09-20 14:15:50.839000,430.7659862360581,102
2024-09-20 14:15:50.851000,430.77787018419104,95
2024-09-20 14:15:50.895000,430.80327197674575,5
2024-09-20 14:15:50.960000,430.81900823955766,96
2024-09-20 14:15:50.988000,430.77944896216087,998
2024-09-20 14:15:51.005000,430.8467295619452,12
2024-09-20 14:15:51.032000,430.83738764807146,8
2024-09-20 14:15:51.037000,430.8220623508344,15
2024-09-20 14:15:51.080000,430.81735243908383,999
2024-09-20 14:15:51.135000,430.812458043313,10
2024-09-20 14:15:51.195000,430.82116154473056,103
2024-09-20 14:15:51.234000,430.8238407658213,1005
2024-09-20 14:15:51.252000,430.82466042890377,1003
2024-09-20 14:15:51.267000,430.8269646062837,13
2024-09-20 14:15:51.281000,430.8165505287719,12
2024-09-20 14:15:51.339000,430.816810528795,997
2024-09-20 14:15:51.356000,430.81504185814816,96
2024-09-20 14:15:51.373000,430.818554707148,104
2024-09-20 14:15:51.437000,430.79790886508914,13
2024-09-20 14:15:51.447000,430.8068878606583,103
2024-09-20 14:15:51.459000,430.8146846238623,99
2024-09-20 14:15:51.468000,430.8426348895959,8
2024-09-20 14:15:51.514000,430.8583080159743,1002
2024-09-20 14:15:51.602000,430.8267133377805,5
2024-09-20 14:15:51.629000,430.8232075033176,95
2024-09-20 14:15:51.731000,430.8455925847291,5
2024-09-20 14:15:51.902000,430.7959672951063,13
2024-09-20 14:15:51.973000,430.7990135125491,12
2024-09-20 14:15:51.980000,430.8118971918509,996
2024-09-20 14:15:51.995000,430.8244586130128,5
2024-09-20 14:15:52.049000,430.8809634592633,102
2024-09-20 14:15:52.122000,430.8950185053153,103
2024-09-20 14:15:52.167000,430.8954664236895,102
2024-09-20 14:15:52.279000,430.8574497044349,1001
2024-09-20 14:15:52.279000,430.9090481949779,999
2024-09-20 14:15:52.329000,430.9377964527853,999
2024-09-20 14:15:52.359000,430.906505175012,7
2024-09-20 14:15:52.437000,430.8992658109765,9
2024-09-20 14:15:52.474000,430.9231670384706,95
2024-09-20 14:15:52.574000,430.9318032631832,100
2024-09-20 14:15:52.597000,430.8833577606889,999
2024-09-20 14:15:52.737000,430.8678337574652,7
2024-09-20 14:15:52.876000,430.8773994932664,97
2024-09-20 14:15:52.894000,430.9319022263372,1004
2024-09-20 14:15:52.946000,430.8582343471547,11
2024-09-20 14:15:52.983000,430.8701358502168,13
2024-09-20 14:15:52.983000,430.9250472408783,97
2024-09-20 14:15:53.070000,430.9950606393653,12
2024-09-20 14:15:53.107000,430.95310524523705,15
2024-09-20 14:15:53.110000,430.94834714265073,1001
2024-09-20 14:15:53.161000,431.0086043678285,13
2024-09-20 14:15:53.239000,430.9987581537669,102
2024-09-20 14:15:53.246000,431.04359971671073,102
2024-09-20 14:15:53.266000,430.9984003393161,1002
2024-09-20 14:15:53.364000,431.0316443499772,96
2024-09-20 14:15:53.364000,430.9516832000444,1004
2024-09-20 14:15:53.385000,430.9861998030776,14
2024-09-20 14:15:53.430000,431.0205955186559,15
2024-09-20 14:15:53.498000,430.9973764297258,11
2024-09-20 14:15:53.571000,430.9957305170033,99
2024-09-20 14:15:53.591000,431.0162053248712,96
2024-09-20 14:15:53.639000,430.9842567580869,13
2024-09-20 14:15:53.765000,430.9779812651049,100
2024-09-20 14:15:53.901000,431.0093199566372,1002
2024-09-20 14:15:53.953000,430.9680570114094,99
2024-09-20 14:15:54.022000,430.94351466371774,7
2024-09-20 14:15:54.046000,431.06481767321714,13
2024-09-20 14:15:54.061000,431.0781536279525,6
2024-09-20 14:15:54.088000,430.95258644323087,999
2024-09-20 14:15:54.155000,431.0175491509285,1005
2024-09-20 14:15:54.176000,430.9428554396658,997
2024-09-20 14:15:54.181000,431.0619689265374,997
2024-09-20 14:15:54.267000,431.0159772655701,996
2024-09-20 14:15:54.423000,430.9918987820158,1004
2024-09-20 14:15:54.518000,430.9427540154276,1002
2024-09-20 14:15:54.530000,431.0255372230575,998
2024-09-20 14:15:54.666000,430.9615096662525,99
2024-09-20 14:15:54.677000,431.0462025540255,99
2024-09-20 14:15:54.749000,430.9587220898423,1005
2024-09-20 14:15:54.788000,430.9551180011688,98
2024-09-20 14:15:54.876000,431.05419146870656,101
2024-09-20 14:15:54.938000,430.9390105342095,96
2024-09-20 14:15:54.943000,430.9843044340918,998
2024-09-20 14:15:54.961000,430.96172539673336,7
2024-09-20 14:15:55.083000,430.9079514255281,997
2024-09-20 14:15:55.155000,430.91702661127215,5
2024-09-20 14:15:55.234000,430.9082232830267,9
2024-09-20 14:15:55.241000,430.94658307809976,103
2024-09-20 14:15:55.313000,430.9257231840976,105
2024-09-20 14:15:55.347000,430.9458303462571,1000
2024-09-20 14:15:55.365000,430.9096925190924,102
2024-09-20 14:15:55.366000,430.9066305189771,1004
2024-09-20 14:15:55.688000,430.9457645046031,1000
2024-09-20 14:15:56.019000,430.8664632348082,7
2024-09-20 14:15:56.158000,430.9124410728947,101
2024-09-20 14:15:56.187000,430.8624036507687,1000
2024-09-20 14:15:56.324000,430.879389122236,98
2024-09-20 14:15:56.343000,430.90374708700944,1002
2024-09-20 14:15:56.343000,430.8897103248031,11
2024-09-20 14:15:56.357000,430.8436419524165,101
2024-09-20 14:15:56.367000,430.8545574508609,8
2024-09-20 14:15:56.430000,430.8876186866246,8
2024-09-20 14:15:56.433000,430.8916604970895,105
2024-09-20 14:15:56.470000,430.8895845603553,97
2024-09-20 14:15:56.473000,430.8861270725128,13
2024-09-20 14:15:56.506000,430.903895905592,6
2024-09-20 14:15:56.510000,430.8512912568804,105
2024-09-20 14:15:56.517000,430.86835062022544,5
2024-09-20 14:15:56.525000,430.8992798652513,5
2024-09-20 14:15:56.645000,430.8589966644724,8
2024-09-20 14:15:56.702000,430.8701289915812,998
2024-09-20 14:15:56.712000,430.90093579936,5
2024-09-20 14:15:56.755000,430.8811762144869,1005
2024-09-20 14:15:56.816000,430.90570929161504,96
2024-09-20 14:15:56.842000,430.9025331398368,101
2024-09-20 14:15:56.874000,430.88706820323824,100
2024-09-20 14:15:56.888000,430.8924772017109,13
2024-09-20 14:15:56.911000,430.86483603405287,1000
2024-09-20 14:15:56.923000,430.8701353707676,97
2024-09-20 14:15:56.962000,430.8528790718194,1003
2024-09-20 14:15:57.073000,430.8299105281564,5
2024-09-20 14:15:57.206000,430.8531483469911,103
2024-09-20 14:15:57.222000,430.81775534328034,99
2024-09-20 14:15:57.258000,430.8413931694474,6
2024-09-20 14:15:57.270000,430.81220250377777,100
2024-09-20 14:15:57.285000,430.82484566586135,15
2024-09-20 14:15:57.352000,430.81799939579344,10
2024-09-20 14:15:57.400000,430.8321359378471,97
2024-09-20 14:15:57.554000,430.8138209412776,6
2024-09-20 14:15:57.721000,430.83476361744505,98
2024-09-20 14:15:57.736000,430.8271630964107,996
2024-09-20 14:15:57.934000,430.8287023118174,5
2024-09-20 14:15:57.945000,430.8230102906651,103
2024-09-20 14:15:58.004000,430.78736651395207,8
2024-09-20 14:15:58.056000,430.6904286467045,96
2024-09-20 14:15:58.111000,430.7437959709756,13
2024-09-20 14:15:58.123000,430.7059847881868,995
2024-09-20 14:15:58.173000,430.7356512947288,103
2024-09-20 14:15:58.317000,430.7948646690982,1005
2024-09-20 14:15:58.380000,430.7795300586217,14
2024-09-20 14:15:58.516000,430.7275078916993,103
2024-09-20 14:15:58.563000,430.7443659262455,15
2024-09-20 14:15:58.583000,430.7144948515828,999
2024-09-20 14:15:58.588000,430.68935547417885,5
2024-09-20 14:15:58.631000,430.7850670757144,10
2024-09-20 14:15:58.646000,430.756821123337,105
2024-09-20 14:15:58.726000,430.7864671909529,5
2024-09-20 14:15:58.787000,430.7480753599417,1002
2024-09-20 14:15:58.808000,430.744228805915,999
2024-09-20 14:15:58.827000,430.6990698038933,997
2024-09-20 14:15:58.840000,430.713544974129,100
2024-09-20 14:15:58.965000,430.7024047272813,95
2024-09-20 14:15:59.017000,430.6976772821802,1005
2024-09-20 14:15:59.052000,430.6918083174957,15
2024-09-20 14:15:59.138000,430.7094670375766,996
2024-09-20 14:15:59.164000,430.7070939641971,12
2024-09-20 14:15:59.225000,430.70375979518377,100
2024-09-20 14:15:59.230000,430.7100167891931,996
2024-09-20 14:15:59.258000,430.71266892559953,95
2024-09-20 14:15:59.291000,430.6810954301415,97
2024-09-20 14:15:59.379000,430.7025336403249,99
2024-09-20 14:15:59.395000,430.6892822524375,13
2024-09-20 14:15:59.609000,430.7095847107574,1004
2024-09-20 14:15:59.807000,430.7066515965185,997
