Timestamp,Price,Size
2024-09-20 15:33:00.093000,428.8632742195219,9
2024-09-20 15:33:00.239000,428.8862858689345,102
2024-09-20 15:33:00.254000,428.9172629285294,1004
2024-09-20 15:33:00.286000,428.9092028539498,7
2024-09-20 15:33:00.310000,428.9155801856415,997
2024-09-20 15:33:00.312000,428.9045309755417,999
2024-09-20 15:33:00.449000,428.93117695666143,13
2024-09-20 15:33:00.452000,422.62691733295634,995
2024-09-20 15:33:00.484000,428.9067273482763,11
2024-09-20 15:33:00.514000,428.8964294213334,9
2024-09-20 15:33:00.576000,428.85442524928027,6
2024-09-20 15:33:00.586000,428.8786606317303,9
2024-09-20 15:33:00.677000,428.8912180453426,101
2024-09-20 15:33:00.699000,428.9246256419901,103
2024-09-20 15:33:00.801000,428.892434696259,1004
2024-09-20 15:33:00.808000,428.92387535656616,13
2024-09-20 15:33:00.884000,428.9193210949456,999
2024-09-20 15:33:00.890000,428.86180965616194,1005
2024-09-20 15:33:00.922000,428.92114984208223,997
2024-09-20 15:33:00.927000,428.8614144984635,7
2024-09-20 15:33:00.982000,422.6526086647865,1005
2024-09-20 15:33:01.066000,428.8130398978758,11
2024-09-20 15:33:01.105000,428.8259796199388,12
2024-09-20 15:33:01.121000,428.80730879251865,5
2024-09-20 15:33:01.157000,428.8021218905964,1002
2024-09-20 15:33:01.179000,428.8065346902217,6
2024-09-20 15:33:01.314000,428.8060793283416,995
2024-09-20 15:33:01.387000,428.8209166591679,103
2024-09-20 15:33:01.490000,428.8045073621788,104
2024-09-20 15:33:01.502000,428.79513754328553,99
2024-09-20 15:33:01.596000,428.81812819226514,8
2024-09-20 15:33:01.614000,428.8382503060212,1000
2024-09-20 15:33:01.614000,428.81831943810505,995
2024-09-20 15:33:01.658000,428.8148040549323,1001
2024-09-20 15:33:01.666000,428.81337243500616,12
2024-09-20 15:33:01.777000,428.8268997110213,102
2024-09-20 15:33:01.841000,428.81874866522776,14
2024-09-20 15:33:01.893000,428.822779401342,104
2024-09-20 15:33:01.894000,428.8218326617069,1002
2024-09-20 15:33:01.926000,428.85206297821696,5
2024-09-20 15:33:01.935000,428.7891062996062,99
2024-09-20 15:33:01.936000,428.8668528814477,99
2024-09-20 15:33:01.965000,428.85201781304414,1005
2024-09-20 15:33:01.992000,428.8364579145227,7
2024-09-20 15:33:02.007000,428.8347234862562,102
2024-09-20 15:33:02.014000,428.8288393627543,13
2024-09-20 15:33:02.329000,428.8390553155083,996
2024-09-20 15:33:02.610000,428.8352050056037,9
2024-09-20 15:33:02.706000,428.8335601333153,9
2024-09-20 15:33:02.782000,428.8382380875913,8
2024-09-20 15:33:02.938000,428.8416393533477,1003
2024-09-20 15:33:03.027000,428.9030557034208,100
2024-09-20 15:33:03.106000,428.8807445084521,997
2024-09-20 15:33:03.258000,428.8767677552084,103
2024-09-20 15:33:03.266000,428.90290853650913,10
2024-09-20 15:33:03.269000,428.88868545257344,14
2024-09-20 15:33:03.279000,428.874575619804,1000
2024-09-20 15:33:03.299000,428.8678523287657,5
2024-09-20 15:33:03.316000,428.86072491808926,10
2024-09-20 15:33:03.368000,428.8883423381445,96
2024-09-20 15:33:03.404000,428.8563391986717,103
2024-09-20 15:33:03.425000,428.8418120931385,101
2024-09-20 15:33:03.427000,428.86449491284856,1004
2024-09-20 15:33:03.431000,428.8835422465265,103
2024-09-20 15:33:03.444000,428.9171996001294,8
2024-09-20 15:33:03.453000,428.87479507624806,7
2024-09-20 15:33:03.460000,428.8418075594008,8
2024-09-20 15:33:03.492000,428.8757289901976,15
2024-09-20 15:33:03.575000,428.86776423722256,15
2024-09-20 15:33:03.632000,428.8794340875714,95
2024-09-20 15:33:03.678000,428.851031376178,10
2024-09-20 15:33:03.704000,428.8523000509174,12
2024-09-20 15:33:03.737000,428.8771521797668,1005
2024-09-20 15:33:03.995000,428.8822939053786,999
2024-09-20 15:33:04.099000,428.90514572379885,15
2024-09-20 15:33:04.310000,428.9073183233686,95
2024-09-20 15:33:04.646000,428.8884993193252,101
2024-09-20 15:33:04.735000,428.8891482887823,100
2024-09-20 15:33:04.955000,428.88931600860906,105
2024-09-20 15:33:05.010000,428.8907770372258,997
2024-09-20 15:33:05.053000,428.886444129869,97
2024-09-20 15:33:05.238000,428.8939536422153,1000
2024-09-20 15:33:05.293000,428.8832256996039,996
2024-09-20 15:33:05.387000,428.8832149074991,98
2024-09-20 15:33:05.442000,428.8830197902056,996
2024-09-20 15:33:05.577000,428.88740135999177,95
2024-09-20 15:33:05.842000,428.897944412074,8
2024-09-20 15:33:05.871000,428.88564395107744,1000
2024-09-20 15:33:05.879000,428.875279517889,1003
2024-09-20 15:33:05.986000,428.8906007988958,1000
2024-09-20 15:33:06.217000,428.8852959647545,9
2024-09-20 15:33:06.232000,428.8668233559287,1005
2024-09-20 15:33:06.285000,428.82419170853547,5
2024-09-20 15:33:06.312000,428.8861615771812,99
2024-09-20 15:33:06.389000,428.85517176629656,101
2024-09-20 15:33:06.547000,428.8132985154276,1003
2024-09-20 15:33:06.777000,428.8474574993684,95
2024-09-20 15:33:06.908000,428.8641908952176,102
2024-09-20 15:33:07.011000,428.8291396711929,105
2024-09-20 15:33:07.175000,428.83575451372775,1001
2024-09-20 15:33:07.551000,428.8275321582324,1005
2024-09-20 15:33:08.036000,428.8023952285702,11
2024-09-20 15:33:08.107000,428.814168991374,10
2024-09-20 15:33:08.240000,428.78982636247207,15
2024-09-20 15:33:08.370000,428.8000435265407,98
2024-09-20 15:33:08.984000,428.8068765556847,100
2024-09-20 15:33:09.583000,428.729614577934,5
2024-09-20 15:33:09.790000,428.7663912354645,1003
2024-09-20 15:33:10.041000,428.72919834879553,12
2024-09-20 15:33:11.035000,428.742366216419,998
2024-09-20 15:33:11.037000,428.7282695071547,13
2024-09-20 15:33:11.058000,428.7354958491084,103
2024-09-20 15:33:11.082000,428.700976166286,15
2024-09-20 15:33:11.132000,428.7489994939912,5
2024-09-20 15:33:11.159000,428.7371191202406,95
2024-09-20 15:33:11.197000,428.72265380223246,6
2024-09-20 15:33:11.274000,428.6931660520629,13
2024-09-20 15:33:11.374000,428.7245196469049,11
2024-09-20 15:33:11.564000,428.72025636422194,998
2024-09-20 15:33:11.581000,428.6592273774705,105
2024-09-20 15:33:11.617000,428.6694381679693,9
2024-09-20 15:33:11.672000,428.7175538674998,1001
2024-09-20 15:33:11.693000,428.6676163501126,9
2024-09-20 15:33:11.697000,428.6589146558873,11
2024-09-20 15:33:11.715000,428.7461190042971,105
2024-09-20 15:33:11.747000,428.7265446358594,102
2024-09-20 15:33:11.771000,428.7031796343264,12
2024-09-20 15:33:11.776000,428.6827377040469,105
2024-09-20 15:33:11.848000,428.7324277485563,1004
2024-09-20 15:33:11.889000,428.7261030620522,102
2024-09-20 15:33:11.900000,428.69217558748994,99
2024-09-20 15:33:11.971000,428.68426720155753,102
2024-09-20 15:33:11.994000,428.7262925715131,13
2024-09-20 15:33:12.017000,428.71244913365706,98
2024-09-20 15:33:12.030000,428.68950256088544,1004
2024-09-20 15:33:12.096000,428.7046908607195,5
2024-09-20 15:33:12.186000,428.6973207497817,96
2024-09-20 15:33:12.194000,428.68082384643344,1002
2024-09-20 15:33:12.245000,428.6996328624936,12
2024-09-20 15:33:12.312000,428.67848684869415,1002
2024-09-20 15:33:12.362000,428.6896210726218,1001
2024-09-20 15:33:12.379000,428.7045190228013,100
2024-09-20 15:33:12.409000,428.7054191873896,13
2024-09-20 15:33:12.444000,428.7228084678657,103
2024-09-20 15:33:12.542000,428.6963477269688,997
2024-09-20 15:33:12.545000,428.682062444361,14
2024-09-20 15:33:12.674000,428.6860884239656,13
2024-09-20 15:33:12.702000,428.6965073396181,101
2024-09-20 15:33:12.742000,428.6766772874981,7
2024-09-20 15:33:12.775000,428.6852301909276,105
2024-09-20 15:33:12.781000,428.6913789133864,15
2024-09-20 15:33:12.867000,428.6988460278758,11
2024-09-20 15:33:12.969000,428.68513012701817,1000
2024-09-20 15:33:13.061000,428.6998220227094,100
2024-09-20 15:33:13.100000,428.64606399313095,103
2024-09-20 15:33:13.166000,428.6893195943295,96
2024-09-20 15:33:13.201000,428.61770921851945,1000
2024-09-20 15:33:13.213000,428.6443406711298,999
2024-09-20 15:33:13.219000,428.610153920447,6
2024-09-20 15:33:13.253000,428.7089526219221,7
2024-09-20 15:33:13.310000,428.64051657608974,1001
2024-09-20 15:33:13.331000,428.70047216374,104
2024-09-20 15:33:13.401000,428.66141001284666,1005
2024-09-20 15:33:13.428000,428.66921297164737,1001
2024-09-20 15:33:13.454000,428.6105251538816,996
2024-09-20 15:33:13.470000,428.6054584001616,1001
2024-09-20 15:33:13.546000,428.6846108137524,1005
2024-09-20 15:33:13.677000,428.7083511547404,11
2024-09-20 15:33:13.705000,428.6395224308334,105
2024-09-20 15:33:13.726000,428.7046446213972,7
2024-09-20 15:33:13.798000,428.5922052191237,99
2024-09-20 15:33:13.802000,428.6084857243596,14
2024-09-20 15:33:13.835000,428.6648611852887,1004
2024-09-20 15:33:13.889000,428.64772672609166,95
2024-09-20 15:33:13.903000,428.6611784857284,1001
2024-09-20 15:33:13.911000,428.6570562743857,99
2024-09-20 15:33:13.924000,428.70008735645183,100
2024-09-20 15:33:13.933000,428.7082141820901,95
2024-09-20 15:33:13.945000,428.6095234248146,1003
2024-09-20 15:33:14.006000,428.6364902185932,8
2024-09-20 15:33:14.096000,428.6264603906303,8
2024-09-20 15:33:14.417000,428.6490789864501,7
2024-09-20 15:33:14.434000,428.6357117210701,97
2024-09-20 15:33:14.460000,428.6336235151665,103
2024-09-20 15:33:14.509000,428.6135251891688,1001
2024-09-20 15:33:14.693000,428.6230659616418,104
2024-09-20 15:33:14.717000,428.6199907838986,1003
2024-09-20 15:33:14.719000,428.63767307008254,14
2024-09-20 15:33:14.721000,428.65081324829606,996
2024-09-20 15:33:14.835000,428.6081395747057,101
2024-09-20 15:33:14.847000,428.633928329256,1003
2024-09-20 15:33:14.887000,428.6210346258872,12
2024-09-20 15:33:14.903000,428.63237026800897,98
2024-09-20 15:33:14.946000,428.6456666072596,1004
2024-09-20 15:33:14.949000,428.63196573120297,5
2024-09-20 15:33:15.396000,428.6332198095329,997
2024-09-20 15:33:15.466000,428.6529697029332,98
2024-09-20 15:33:15.651000,428.6409440305058,95
2024-09-20 15:33:15.747000,428.6522845699602,14
2024-09-20 15:33:16.015000,428.6532444776812,11
2024-09-20 15:33:16.032000,428.67475812652674,101
2024-09-20 15:33:16.032000,428.6866069031264,100
2024-09-20 15:33:16.118000,428.7094556427002,1003
2024-09-20 15:33:16.124000,428.6625800424159,103
2024-09-20 15:33:16.148000,428.7102071528559,998
2024-09-20 15:33:16.180000,428.705473121676,101
2024-09-20 15:33:16.202000,428.6771118480325,103
2024-09-20 15:33:16.223000,428.678365554069,1002
2024-09-20 15:33:16.253000,428.71237428373854,11
2024-09-20 15:33:16.292000,428.66591930378166,105
2024-09-20 15:33:16.296000,428.68052754675466,97
2024-09-20 15:33:16.300000,428.699248571596,7
2024-09-20 15:33:16.371000,428.65843197729936,5
2024-09-20 15:33:16.392000,428.64961014594513,6
2024-09-20 15:33:16.460000,428.7104893732961,9
2024-09-20 15:33:16.477000,428.7107667066514,102
2024-09-20 15:33:16.871000,428.6838777020159,1002
2024-09-20 15:33:16.958000,428.64585502696485,8
2024-09-20 15:33:16.966000,428.6634670089339,95
2024-09-20 15:33:16.991000,428.6774036981799,7
2024-09-20 15:33:17.099000,428.6827092798139,1003
2024-09-20 15:33:17.106000,428.6879032587402,995
2024-09-20 15:33:17.236000,428.7096972755094,97
2024-09-20 15:33:17.305000,428.7088669296073,6
2024-09-20 15:33:17.346000,428.7092755980704,101
2024-09-20 15:33:17.391000,428.71713317170514,105
2024-09-20 15:33:17.442000,428.7073330769461,99
2024-09-20 15:33:17.445000,428.672714516588,14
2024-09-20 15:33:17.525000,428.6787509121872,102
2024-09-20 15:33:17.559000,428.6796771229633,95
2024-09-20 15:33:17.570000,428.6966651003851,6
2024-09-20 15:33:17.641000,428.7077182350533,996
2024-09-20 15:33:17.649000,428.6876126249628,11
2024-09-20 15:33:17.652000,428.6845002890537,100
2024-09-20 15:33:17.732000,428.6692653737024,995
2024-09-20 15:33:17.746000,428.7234378427361,7
2024-09-20 15:33:17.759000,428.6923352851964,6
2024-09-20 15:33:17.848000,428.690309465891,105
2024-09-20 15:33:17.869000,428.6953620332003,998
2024-09-20 15:33:17.886000,428.68503254502735,10
2024-09-20 15:33:17.907000,428.7011462643744,14
2024-09-20 15:33:17.960000,428.6659682015897,1004
2024-09-20 15:33:17.985000,428.7178895650061,101
2024-09-20 15:33:18.039000,428.73686577874776,105
2024-09-20 15:33:18.054000,428.6936923922908,100
2024-09-20 15:33:18.067000,428.7265530789076,998
2024-09-20 15:33:18.109000,428.7312740367802,101
2024-09-20 15:33:18.114000,428.74605914483936,5
2024-09-20 15:33:18.149000,428.7264410238408,97
2024-09-20 15:33:18.168000,428.7301339952489,12
2024-09-20 15:33:18.235000,428.7067319287515,9
2024-09-20 15:33:18.268000,428.6793638507149,9
2024-09-20 15:33:18.368000,428.7268368846672,1002
2024-09-20 15:33:18.394000,428.7060937952567,13
2024-09-20 15:33:18.426000,428.76209758497896,15
2024-09-20 15:33:18.434000,428.7024803321901,101
2024-09-20 15:33:18.508000,428.7293755044215,98
2024-09-20 15:33:18.707000,428.7166826929736,998
2024-09-20 15:33:18.779000,428.7379059764573,99
2024-09-20 15:33:18.877000,428.71951346631727,101
2024-09-20 15:33:18.882000,428.7233211246824,1000
2024-09-20 15:33:18.940000,428.7082011946528,1003
2024-09-20 15:33:18.964000,428.7148092949864,96
2024-09-20 15:33:19.018000,428.77013425840505,1000
2024-09-20 15:33:19.068000,428.768483754274,99
2024-09-20 15:33:19.111000,428.7469464729734,999
2024-09-20 15:33:19.138000,428.788335116093,6
2024-09-20 15:33:19.206000,428.76791538790445,1000
2024-09-20 15:33:19.303000,428.75429956706193,10
2024-09-20 15:33:19.312000,428.77124017302407,1005
2024-09-20 15:33:19.320000,428.7730034990667,13
2024-09-20 15:33:19.335000,428.7784481562538,999
2024-09-20 15:33:19.364000,428.7474674838468,102
2024-09-20 15:33:19.377000,428.78076277654816,1001
2024-09-20 15:33:19.384000,428.75738219692016,6
2024-09-20 15:33:19.453000,428.7332463175824,12
2024-09-20 15:33:19.488000,428.7391015799658,99
2024-09-20 15:33:19.491000,428.73822339621177,11
2024-09-20 15:33:19.597000,428.7523166748018,101
2024-09-20 15:33:19.672000,428.7576750417279,995
2024-09-20 15:33:19.683000,428.7647906852678,105
2024-09-20 15:33:19.691000,428.7766474458563,1000
2024-09-20 15:33:19.719000,428.7474007372938,7
2024-09-20 15:33:19.732000,428.74096039350087,8
2024-09-20 15:33:19.750000,428.7980019765358,1004
2024-09-20 15:33:19.773000,428.759983507188,6
2024-09-20 15:33:19.779000,428.7553222951026,8
2024-09-20 15:33:19.782000,428.8041947326183,1003
2024-09-20 15:33:19.821000,428.7351824257112,12
2024-09-20 15:33:19.871000,428.792112459636,998
2024-09-20 15:33:19.919000,428.7362376568301,8
2024-09-20 15:33:19.970000,428.7429267629223,996
2024-09-20 15:33:19.990000,428.7493094696885,1003
2024-09-20 15:33:20.150000,428.8233544159529,1003
2024-09-20 15:33:20.211000,428.8154639966621,13
2024-09-20 15:33:20.459000,428.8035805234368,12
2024-09-20 15:33:20.493000,428.8033552319991,9
2024-09-20 15:33:20.575000,428.8099831512072,104
2024-09-20 15:33:20.673000,428.8361226052877,8
2024-09-20 15:33:20.719000,428.84638398124537,99
2024-09-20 15:33:20.800000,428.81066489132166,996
2024-09-20 15:33:20.861000,428.8082571488759,1003
2024-09-20 15:33:20.870000,428.8145130907687,8
2024-09-20 15:33:20.903000,428.83466298819815,95
2024-09-20 15:33:21.482000,428.8539125233848,997
2024-09-20 15:33:22.034000,428.8508069958231,6
2024-09-20 15:33:22.056000,428.86048200494,997
2024-09-20 15:33:22.296000,428.7963441650834,5
2024-09-20 15:33:22.316000,428.8000957372452,9
2024-09-20 15:33:22.345000,428.7915778582313,11
2024-09-20 15:33:22.371000,428.7797408570352,999
2024-09-20 15:33:22.389000,428.8518898952073,101
2024-09-20 15:33:22.432000,428.865101962893,104
2024-09-20 15:33:22.487000,428.87468964886335,103
2024-09-20 15:33:22.513000,428.8466205880564,996
2024-09-20 15:33:22.517000,428.79858500595753,15
2024-09-20 15:33:22.518000,428.8093220817812,97
2024-09-20 15:33:22.523000,428.7727657697434,99
2024-09-20 15:33:22.539000,428.8495635403437,6
2024-09-20 15:33:22.602000,428.8123620755767,995
2024-09-20 15:33:22.665000,428.8751228171677,1005
2024-09-20 15:33:22.668000,428.8102075676513,103
2024-09-20 15:33:22.688000,428.7636800539696,998
2024-09-20 15:33:22.714000,428.847737558966,105
2024-09-20 15:33:22.721000,428.81895128663217,998
2024-09-20 15:33:22.806000,428.8045363431122,102
2024-09-20 15:33:22.855000,428.8553748535969,999
2024-09-20 15:33:22.886000,428.8454979075897,8
2024-09-20 15:33:22.886000,428.8450724803543,104
2024-09-20 15:33:22.897000,428.7865097609301,10
2024-09-20 15:33:22.985000,428.7914995875893,105
2024-09-20 15:33:22.986000,428.8494279444592,997
2024-09-20 15:33:23.008000,428.8030797173412,995
2024-09-20 15:33:23.023000,428.7960255834113,995
2024-09-20 15:33:23.116000,428.7949291430216,5
2024-09-20 15:33:23.188000,428.7882073100986,101
2024-09-20 15:33:23.276000,428.79297814698566,9
2024-09-20 15:33:23.291000,428.7647930069345,1005
2024-09-20 15:33:23.362000,428.750914391645,97
2024-09-20 15:33:23.410000,428.7942871721824,5
2024-09-20 15:33:23.434000,428.7726801875808,105
2024-09-20 15:33:23.452000,428.7902358861407,998
2024-09-20 15:33:23.463000,428.7747626165967,997
2024-09-20 15:33:23.465000,428.7810001790449,995
2024-09-20 15:33:23.485000,428.7827530720156,1005
2024-09-20 15:33:23.489000,428.77909570043806,5
2024-09-20 15:33:23.513000,428.7689721234584,997
2024-09-20 15:33:23.763000,428.78329712489233,1001
2024-09-20 15:33:23.820000,428.76589217842496,1001
2024-09-20 15:33:23.854000,428.774190016802,102
2024-09-20 15:33:23.861000,428.77853614049445,11
2024-09-20 15:33:23.957000,428.7733005765436,95
2024-09-20 15:33:24.247000,428.7743981167484,98
2024-09-20 15:33:24.335000,428.76753769715606,1004
2024-09-20 15:33:24.469000,428.78180917916046,102
2024-09-20 15:33:24.566000,428.7666470299551,95
2024-09-20 15:33:25.028000,428.7409606250932,6
2024-09-20 15:33:25.035000,428.7511221184283,1003
2024-09-20 15:33:25.051000,428.7421987138521,13
2024-09-20 15:33:25.090000,428.7104857195261,11
2024-09-20 15:33:25.115000,428.71909706682254,9
2024-09-20 15:33:25.157000,428.752964415321,98
2024-09-20 15:33:25.191000,428.7052837830498,102
2024-09-20 15:33:25.227000,428.7472064959936,1004
2024-09-20 15:33:25.359000,422.6356029524071,6
2024-09-20 15:33:25.369000,428.6997600551495,15
2024-09-20 15:33:25.403000,428.7135437444848,97
2024-09-20 15:33:25.484000,428.7353800329947,11
2024-09-20 15:33:25.528000,428.6858309222608,997
2024-09-20 15:33:25.543000,428.7099328292786,998
2024-09-20 15:33:25.610000,428.7024664599498,101
2024-09-20 15:33:25.638000,428.6997240906064,997
2024-09-20 15:33:25.656000,428.7145304429929,10
2024-09-20 15:33:25.667000,428.7276900189422,14
2024-09-20 15:33:25.695000,428.7147177733402,14
2024-09-20 15:33:25.702000,428.7394526264255,14
2024-09-20 15:33:25.736000,428.7570687336076,15
2024-09-20 15:33:25.820000,428.7371995810177,14
2024-09-20 15:33:25.844000,428.7203412530287,105
2024-09-20 15:33:25.855000,428.7086986793353,11
2024-09-20 15:33:25.900000,428.7260238343949,6
2024-09-20 15:33:25.903000,428.731051536307,97
2024-09-20 15:33:25.954000,428.7234661730998,8
2024-09-20 15:33:25.966000,428.7439331219932,9
2024-09-20 15:33:25.970000,428.6953438091029,95
2024-09-20 15:33:26.008000,428.7703829527107,1000
2024-09-20 15:33:26.026000,428.7215531541616,15
2024-09-20 15:33:26.038000,428.6912875176725,1001
2024-09-20 15:33:26.076000,428.7777016460572,996
2024-09-20 15:33:26.132000,428.70654420262593,997
2024-09-20 15:33:26.221000,428.7089282615889,1002
2024-09-20 15:33:26.264000,428.70478251299295,96
2024-09-20 15:33:26.300000,428.7283441786733,14
2024-09-20 15:33:26.313000,428.70989913816976,100
2024-09-20 15:33:26.384000,428.7112463749697,1005
2024-09-20 15:33:26.426000,428.7323931501254,6
2024-09-20 15:33:26.429000,428.7379451044413,998
2024-09-20 15:33:26.502000,428.7733457414637,5
2024-09-20 15:33:26.609000,428.7052696773805,15
2024-09-20 15:33:26.626000,428.7109725887179,97
2024-09-20 15:33:26.644000,428.72030364994686,103
2024-09-20 15:33:26.648000,428.6938063529505,95
2024-09-20 15:33:26.675000,428.71578151570367,11
2024-09-20 15:33:26.714000,428.7030992671745,95
2024-09-20 15:33:26.735000,428.7360707466627,1005
2024-09-20 15:33:26.826000,428.72806075888127,101
2024-09-20 15:33:26.952000,428.6966697304188,102
2024-09-20 15:33:26.972000,428.7557030209033,14
2024-09-20 15:33:27.040000,428.77583593532233,1003
2024-09-20 15:33:27.041000,428.7966003666784,11
2024-09-20 15:33:27.088000,428.8329879067175,97
2024-09-20 15:33:27.172000,428.8165852991272,9
2024-09-20 15:33:27.238000,428.84145404794265,10
2024-09-20 15:33:27.430000,428.7423284515788,5
2024-09-20 15:33:27.472000,428.8425285810275,95
2024-09-20 15:33:27.476000,428.8400182729473,995
2024-09-20 15:33:27.510000,428.83853923247176,1000
2024-09-20 15:33:27.542000,428.75706091038336,1004
2024-09-20 15:33:27.630000,428.8265597231713,98
2024-09-20 15:33:27.685000,428.8345061767439,98
2024-09-20 15:33:27.715000,428.82259869598863,103
2024-09-20 15:33:27.782000,428.83422310964,100
2024-09-20 15:33:27.833000,428.81157622700016,1003
2024-09-20 15:33:27.921000,428.8265160926946,102
2024-09-20 15:33:28.029000,428.796294387425,5
2024-09-20 15:33:28.031000,428.836209615622,998
2024-09-20 15:33:28.042000,428.7766718665204,95
2024-09-20 15:33:28.071000,428.7928543045873,1003
2024-09-20 15:33:28.084000,428.828173818965,7
2024-09-20 15:33:28.180000,428.79454833791874,10
2024-09-20 15:33:28.210000,428.82490416933047,99
2024-09-20 15:33:28.215000,428.8302221211951,15
2024-09-20 15:33:28.222000,428.7992372883591,99
2024-09-20 15:33:28.260000,428.8200075733682,997
2024-09-20 15:33:28.271000,428.8053751534375,13
2024-09-20 15:33:28.412000,428.81340239217207,1000
2024-09-20 15:33:28.444000,428.8221955618516,1000
2024-09-20 15:33:28.478000,428.8370540404111,105
2024-09-20 15:33:28.541000,428.8135183330164,1002
2024-09-20 15:33:28.572000,428.8115326420511,995
2024-09-20 15:33:28.590000,428.7824947903642,1005
2024-09-20 15:33:28.629000,428.8115311949623,7
2024-09-20 15:33:28.636000,428.78441447782734,98
2024-09-20 15:33:28.702000,428.8060396399019,1000
2024-09-20 15:33:28.705000,428.8397918523644,10
2024-09-20 15:33:28.754000,428.8186239311625,13
2024-09-20 15:33:28.910000,428.81339275313377,995
2024-09-20 15:33:28.912000,428.78889002987086,11
2024-09-20 15:33:28.920000,428.8276802161759,95
2024-09-20 15:33:28.933000,428.8039369676567,104
2024-09-20 15:33:28.976000,428.818398924877,105
2024-09-20 15:33:29.152000,428.7828025019416,101
2024-09-20 15:33:29.168000,428.7779605025915,11
2024-09-20 15:33:29.462000,422.629476186242,1005
2024-09-20 15:33:29.655000,428.7831268638069,105
2024-09-20 15:33:29.731000,428.7848450040877,1005
2024-09-20 15:33:29.747000,428.7893285526771,1002
2024-09-20 15:33:29.879000,422.6276719951982,8
2024-09-20 15:33:30.051000,428.7609756126537,15
2024-09-20 15:33:30.139000,428.7723386620047,998
2024-09-20 15:33:30.189000,428.774448686265,105
2024-09-20 15:33:30.443000,428.7792232226634,104
2024-09-20 15:33:30.510000,428.7711496171844,1001
2024-09-20 15:33:30.674000,428.75757106205225,97
2024-09-20 15:33:30.795000,428.76959354331376,97
2024-09-20 15:33:30.832000,428.7772021399635,100
2024-09-20 15:33:30.861000,428.77553528685854,97
2024-09-20 15:33:31.148000,428.7582902405865,5
2024-09-20 15:33:31.582000,428.742145850691,10
2024-09-20 15:33:31.646000,428.7862221386385,6
2024-09-20 15:33:31.788000,428.7738073544877,102
2024-09-20 15:33:31.993000,428.76678676091245,97
2024-09-20 15:33:32.043000,428.7420448711074,1000
2024-09-20 15:33:32.044000,428.7435341156762,11
2024-09-20 15:33:32.048000,428.7431972429592,13
2024-09-20 15:33:32.263000,428.7678238935747,1004
2024-09-20 15:33:32.330000,428.70494872812975,100
2024-09-20 15:33:32.438000,428.71993327963054,999
2024-09-20 15:33:32.445000,428.76285822434807,1003
2024-09-20 15:33:32.461000,428.7469835652229,1000
2024-09-20 15:33:32.481000,428.7070762201132,97
2024-09-20 15:33:32.493000,428.7404170781072,7
2024-09-20 15:33:32.647000,428.7082465696111,105
2024-09-20 15:33:32.743000,428.76561961179925,996
2024-09-20 15:33:32.790000,428.69254848095215,97
2024-09-20 15:33:32.823000,428.7269272852759,11
2024-09-20 15:33:32.870000,428.7563237697756,995
2024-09-20 15:33:33.124000,428.7320572110091,5
2024-09-20 15:33:33.551000,428.7095118689389,999
2024-09-20 15:33:33.594000,428.7277038315491,95
2024-09-20 15:33:33.697000,428.75300422401847,1005
2024-09-20 15:33:33.893000,428.7303549839713,95
2024-09-20 15:33:34.586000,428.73392286169707,104
2024-09-20 15:33:34.793000,428.73440196428425,101
2024-09-20 15:33:35.032000,428.7344516538776,999
2024-09-20 15:33:35.041000,428.73154761647584,997
2024-09-20 15:33:35.147000,428.7236869823876,100
2024-09-20 15:33:35.173000,428.7178576401983,14
2024-09-20 15:33:35.175000,428.72206855321417,999
2024-09-20 15:33:35.220000,428.72741076710383,1003
2024-09-20 15:33:35.244000,428.7228409055258,98
2024-09-20 15:33:35.308000,428.72401097655455,98
2024-09-20 15:33:35.629000,428.7200141243727,995
2024-09-20 15:33:35.946000,428.71790789739646,103
2024-09-20 15:33:36.023000,428.7379673785237,98
2024-09-20 15:33:36.040000,428.7303821704567,5
2024-09-20 15:33:36.070000,428.75803153582194,11
2024-09-20 15:33:36.087000,428.7567227658865,1001
2024-09-20 15:33:36.087000,428.7524964557151,7
2024-09-20 15:33:36.105000,428.78377492226406,10
2024-09-20 15:33:36.252000,428.7455498613997,999
2024-09-20 15:33:36.288000,428.73425573239774,1002
2024-09-20 15:33:36.290000,428.7427136302968,99
2024-09-20 15:33:36.343000,428.74361721779474,1005
2024-09-20 15:33:36.410000,428.7364660253437,11
2024-09-20 15:33:36.502000,428.7308220581561,15
2024-09-20 15:33:36.526000,428.7510136348273,5
2024-09-20 15:33:36.584000,428.7602056300557,1002
2024-09-20 15:33:36.858000,428.7614291967611,9
2024-09-20 15:33:36.877000,428.78130367846734,997
2024-09-20 15:33:36.886000,428.7544558053267,100
2024-09-20 15:33:36.917000,428.75620540353,11
2024-09-20 15:33:36.947000,428.7378036990339,1002
2024-09-20 15:33:37.008000,428.73978849751086,96
2024-09-20 15:33:37.129000,428.7649426022333,100
2024-09-20 15:33:37.142000,428.7689880029079,98
2024-09-20 15:33:37.259000,428.7852562075032,12
2024-09-20 15:33:37.293000,428.7682290967201,1002
2024-09-20 15:33:37.321000,428.7683516409952,10
2024-09-20 15:33:37.328000,428.7733879279141,99
2024-09-20 15:33:37.422000,428.76874959811374,8
2024-09-20 15:33:37.433000,428.7889302719474,1001
2024-09-20 15:33:37.477000,428.7852285650907,1001
2024-09-20 15:33:37.508000,428.76971994120447,996
2024-09-20 15:33:37.524000,428.77502267748247,9
2024-09-20 15:33:37.540000,428.7839770256019,98
2024-09-20 15:33:37.580000,428.7821084786473,97
2024-09-20 15:33:37.639000,428.782414428385,101
2024-09-20 15:33:37.778000,428.7668444084748,12
2024-09-20 15:33:37.803000,428.7452703455937,11
2024-09-20 15:33:37.806000,428.7695454712724,15
2024-09-20 15:33:37.810000,428.7691335217408,11
2024-09-20 15:33:37.829000,428.7693124194166,98
2024-09-20 15:33:37.844000,428.77610610215896,11
2024-09-20 15:33:37.861000,428.7473297958991,104
2024-09-20 15:33:37.907000,428.7636336172433,101
2024-09-20 15:33:37.927000,428.7779745437339,104
2024-09-20 15:33:37.957000,428.7840085939832,11
2024-09-20 15:33:37.971000,428.7920834422638,998
2024-09-20 15:33:37.976000,428.78078384205406,9
2024-09-20 15:33:38.024000,428.6374040326481,6
2024-09-20 15:33:38.128000,428.686113582364,1001
2024-09-20 15:33:38.324000,428.6602058363404,9
2024-09-20 15:33:38.340000,428.6777750202886,998
2024-09-20 15:33:38.350000,428.6681154351806,98
2024-09-20 15:33:38.409000,428.6686968525863,998
2024-09-20 15:33:38.492000,428.7689493480824,997
2024-09-20 15:33:38.554000,428.6942566375829,10
2024-09-20 15:33:38.630000,428.6735224124649,999
2024-09-20 15:33:38.645000,428.7016639376823,1000
2024-09-20 15:33:38.674000,428.63213937732814,98
2024-09-20 15:33:38.680000,428.6301669783071,10
2024-09-20 15:33:38.692000,428.741894749153,100
2024-09-20 15:33:38.788000,428.7096395494067,104
2024-09-20 15:33:38.794000,428.65883110417167,1000
2024-09-20 15:33:38.819000,428.75747261294407,6
2024-09-20 15:33:38.887000,428.655724754281,1003
2024-09-20 15:33:38.944000,428.63480680032353,1002
2024-09-20 15:33:38.945000,428.6933686824845,1000
2024-09-20 15:33:39.003000,428.6476229274838,998
2024-09-20 15:33:39.036000,428.6236076788044,995
2024-09-20 15:33:39.040000,428.6434329006651,1002
2024-09-20 15:33:39.104000,428.6295992243983,105
2024-09-20 15:33:39.107000,428.6047700777972,98
2024-09-20 15:33:39.138000,428.61056030506006,10
2024-09-20 15:33:39.214000,428.6545647888748,1005
2024-09-20 15:33:39.336000,428.6133873094583,14
2024-09-20 15:33:39.378000,428.6274099143723,11
2024-09-20 15:33:39.449000,428.6486935551721,15
2024-09-20 15:33:39.573000,428.6539834605946,101
2024-09-20 15:33:39.658000,428.65928843668746,14
2024-09-20 15:33:39.671000,428.6468635094311,12
2024-09-20 15:33:39.692000,428.6538807889827,7
2024-09-20 15:33:39.794000,428.6265646767296,9
2024-09-20 15:33:39.815000,428.6389692230363,96
2024-09-20 15:33:39.908000,428.61227224572,98
2024-09-20 15:33:40.429000,428.6254502493632,998
2024-09-20 15:33:40.436000,428.6239358886679,1002
2024-09-20 15:33:40.493000,428.6296336581423,1005
2024-09-20 15:33:40.549000,428.6221449171255,101
2024-09-20 15:33:40.564000,428.65203435436587,1000
2024-09-20 15:33:40.756000,428.6339784840375,1002
2024-09-20 15:33:40.872000,428.6266059582897,998
2024-09-20 15:33:40.982000,428.6609096924963,996
2024-09-20 15:33:40.991000,428.6438265918522,96
2024-09-20 15:33:41.080000,428.640806031897,12
2024-09-20 15:33:41.103000,428.6390191302068,99
2024-09-20 15:33:41.203000,428.6381759051123,1001
2024-09-20 15:33:41.228000,428.6529974364752,11
2024-09-20 15:33:41.255000,428.647979497611,999
2024-09-20 15:33:41.264000,428.6437622119721,1005
2024-09-20 15:33:41.302000,428.6591280670189,98
2024-09-20 15:33:41.330000,428.6503256974915,1000
2024-09-20 15:33:41.335000,428.626106607233,995
2024-09-20 15:33:41.530000,428.6497637987876,999
2024-09-20 15:33:41.576000,428.6158414473696,103
2024-09-20 15:33:41.615000,428.6496870384865,96
2024-09-20 15:33:41.640000,428.6515415077914,97
2024-09-20 15:33:41.746000,428.632112271486,104
2024-09-20 15:33:41.792000,428.65480499618286,101
2024-09-20 15:33:41.816000,428.6373958435973,8
2024-09-20 15:33:41.881000,428.65395664815327,99
2024-09-20 15:33:41.890000,428.6443569759181,1002
2024-09-20 15:33:41.918000,428.6376646657852,99
2024-09-20 15:33:41.938000,428.62569309770777,998
2024-09-20 15:33:42.030000,428.67196077766977,996
2024-09-20 15:33:42.161000,428.6672645831822,1005
2024-09-20 15:33:42.267000,428.6829107766037,100
2024-09-20 15:33:42.676000,428.65817594562606,999
2024-09-20 15:33:42.680000,428.6520142900993,8
2024-09-20 15:33:42.836000,428.6739447566208,1004
2024-09-20 15:33:42.924000,428.6744820727386,5
2024-09-20 15:33:42.986000,428.6694818212448,97
2024-09-20 15:33:43.075000,428.6570510346029,1005
2024-09-20 15:33:43.076000,428.64703037006353,998
2024-09-20 15:33:43.173000,428.69745284623184,13
2024-09-20 15:33:43.432000,428.6523100376903,5
2024-09-20 15:33:43.443000,428.6905618369232,6
2024-09-20 15:33:43.508000,428.68880454813126,98
2024-09-20 15:33:43.717000,428.6657790622469,1004
2024-09-20 15:33:43.731000,428.6379386064829,101
2024-09-20 15:33:43.873000,428.6521071353851,11
2024-09-20 15:33:43.936000,428.6569009141728,9
2024-09-20 15:33:43.965000,428.6705085413365,103
2024-09-20 15:33:44.057000,428.6727133212686,104
2024-09-20 15:33:44.089000,428.67624690916665,1000
2024-09-20 15:33:44.145000,428.6868037320919,1002
2024-09-20 15:33:44.223000,428.6798442267037,10
2024-09-20 15:33:44.308000,428.6698930462425,98
2024-09-20 15:33:44.371000,428.69581845969424,103
2024-09-20 15:33:44.430000,428.6913341846165,998
2024-09-20 15:33:44.522000,428.6841157189734,103
2024-09-20 15:33:44.657000,428.693839187108,6
2024-09-20 15:33:44.672000,428.698547240106,97
2024-09-20 15:33:44.699000,428.68523006128055,1001
2024-09-20 15:33:44.729000,428.680881779508,1001
2024-09-20 15:33:44.748000,428.6797486295262,95
2024-09-20 15:33:44.842000,428.6677934704879,13
2024-09-20 15:33:44.997000,428.6875222739317,99
2024-09-20 15:33:45.190000,428.6733441632031,997
2024-09-20 15:33:45.256000,428.6944803194472,103
2024-09-20 15:33:45.796000,428.6768013844971,14
2024-09-20 15:33:45.882000,428.6761602864729,996
2024-09-20 15:33:46.696000,428.6629332928218,103
2024-09-20 15:33:47.020000,428.703204391458,15
2024-09-20 15:33:47.098000,428.7266888126172,96
2024-09-20 15:33:47.374000,428.6747097206494,105
2024-09-20 15:33:47.487000,428.6835898053495,15
2024-09-20 15:33:47.705000,428.7342364180518,1004
2024-09-20 15:33:47.720000,428.6860299270313,6
2024-09-20 15:33:47.745000,428.66208788694775,98
2024-09-20 15:33:47.783000,428.6757517023226,12
2024-09-20 15:33:47.842000,428.7375117547653,1001
2024-09-20 15:33:48.765000,428.7314972692233,104
2024-09-20 15:33:49.046000,428.8327666780986,999
2024-09-20 15:33:49.058000,428.7929061743784,1002
2024-09-20 15:33:49.066000,428.79250709798185,997
2024-09-20 15:33:49.084000,428.7822532398753,95
2024-09-20 15:33:49.141000,428.7760638878399,99
2024-09-20 15:33:49.299000,428.7775780456962,15
2024-09-20 15:33:49.330000,428.7721003930988,1002
2024-09-20 15:33:49.346000,428.8366014432237,98
2024-09-20 15:33:49.368000,428.7503955531531,95
2024-09-20 15:33:49.415000,428.8385102230312,105
2024-09-20 15:33:49.424000,428.7385052265676,95
2024-09-20 15:33:49.425000,428.7538061584865,1000
2024-09-20 15:33:49.470000,428.7921610554629,7
2024-09-20 15:33:49.560000,428.7594857049744,1002
2024-09-20 15:33:49.574000,428.81419233733806,100
2024-09-20 15:33:49.597000,428.8197306680382,996
2024-09-20 15:33:49.619000,428.8195595900351,99
2024-09-20 15:33:49.648000,428.8461930749273,1002
2024-09-20 15:33:49.729000,428.789196385748,95
2024-09-20 15:33:49.738000,428.7965298841569,97
2024-09-20 15:33:49.788000,428.7965513165182,8
2024-09-20 15:33:49.826000,428.770884794468,995
2024-09-20 15:33:49.856000,428.7570567899819,103
2024-09-20 15:33:49.863000,428.75146551455913,103
2024-09-20 15:33:49.895000,428.8446347192387,995
2024-09-20 15:33:49.931000,428.7993576374071,99
2024-09-20 15:33:49.951000,428.8292747982048,104
2024-09-20 15:33:49.985000,428.7606273776671,996
2024-09-20 15:33:49.995000,428.773758408528,101
2024-09-20 15:33:50.042000,428.8479072688288,996
2024-09-20 15:33:50.051000,428.83403718184775,1000
2024-09-20 15:33:50.102000,428.8116790512755,1001
2024-09-20 15:33:50.163000,428.80627951778905,12
2024-09-20 15:33:50.203000,428.81331703053326,5
2024-09-20 15:33:50.251000,428.8075645882181,14
2024-09-20 15:33:50.325000,428.78254503501256,8
2024-09-20 15:33:50.405000,428.8160207103565,1005
2024-09-20 15:33:50.456000,428.8261813230474,100
2024-09-20 15:33:50.457000,428.8189984079617,8
2024-09-20 15:33:50.523000,428.85372685909056,999
2024-09-20 15:33:50.529000,428.8134282684163,1000
2024-09-20 15:33:50.554000,428.8205022846984,15
2024-09-20 15:33:50.576000,428.837715823288,104
2024-09-20 15:33:50.725000,428.80699041212176,12
2024-09-20 15:33:50.748000,428.8150195113449,13
2024-09-20 15:33:50.786000,428.8288589429831,995
2024-09-20 15:33:50.810000,428.806455093116,1001
2024-09-20 15:33:50.816000,428.8283864016103,12
2024-09-20 15:33:50.856000,428.85809385417497,1001
2024-09-20 15:33:50.896000,428.809240836033,105
2024-09-20 15:33:50.949000,428.83783663028544,996
2024-09-20 15:33:50.985000,428.828883600121,1004
2024-09-20 15:33:51.056000,428.6910544058036,95
2024-09-20 15:33:51.090000,428.707353098663,1004
2024-09-20 15:33:51.221000,428.651178652592,999
2024-09-20 15:33:51.222000,428.7205678185681,6
2024-09-20 15:33:51.228000,428.6935445839642,104
2024-09-20 15:33:51.396000,428.6607386148726,101
2024-09-20 15:33:51.398000,428.7133868210024,100
2024-09-20 15:33:51.495000,428.7252474475102,97
2024-09-20 15:33:51.525000,428.6927349363137,1005
2024-09-20 15:33:51.538000,428.7274652495023,1002
2024-09-20 15:33:51.724000,428.6692499332523,11
2024-09-20 15:33:51.728000,428.6514730604442,15
2024-09-20 15:33:51.809000,428.71273389870896,999
2024-09-20 15:33:51.817000,428.708979523283,7
2024-09-20 15:33:51.862000,428.6577082702466,997
2024-09-20 15:33:51.873000,428.77583464417927,97
2024-09-20 15:33:51.877000,428.6605499283621,1005
2024-09-20 15:33:51.902000,428.7235479097275,14
2024-09-20 15:33:51.924000,428.6684676469633,103
2024-09-20 15:33:51.930000,428.7752414597312,6
2024-09-20 15:33:51.992000,428.7462492907848,5
2024-09-20 15:33:52.015000,428.68001329245806,13
2024-09-20 15:33:52.024000,428.6937378147462,104
2024-09-20 15:33:52.025000,428.6821806801799,11
2024-09-20 15:33:52.036000,428.7135954510174,104
2024-09-20 15:33:52.116000,428.7351933783051,97
2024-09-20 15:33:52.241000,428.7241751125159,95
2024-09-20 15:33:52.246000,428.7484949924943,1004
2024-09-20 15:33:52.300000,428.72257667078736,104
2024-09-20 15:33:52.307000,428.74902886810816,99
2024-09-20 15:33:52.341000,428.6835266063624,104
2024-09-20 15:33:52.358000,428.7470933916387,99
2024-09-20 15:33:52.446000,428.687237076437,10
2024-09-20 15:33:52.488000,428.7236637410697,14
2024-09-20 15:33:52.506000,428.7168164455928,101
2024-09-20 15:33:52.568000,428.74639275642033,1001
2024-09-20 15:33:52.587000,428.77391441893775,14
2024-09-20 15:33:52.647000,428.73320702907176,7
2024-09-20 15:33:52.689000,428.7434096390196,101
2024-09-20 15:33:52.710000,428.7581415295836,1005
2024-09-20 15:33:52.729000,428.7300242021539,1004
2024-09-20 15:33:52.732000,428.75306621298944,10
2024-09-20 15:33:52.753000,428.7555639409794,12
2024-09-20 15:33:52.771000,428.6995981802848,97
2024-09-20 15:33:52.882000,428.6911976792775,6
2024-09-20 15:33:52.889000,428.71353928172255,102
2024-09-20 15:33:52.904000,428.68072076074304,12
2024-09-20 15:33:52.908000,428.67309550214105,100
2024-09-20 15:33:52.977000,428.6907564302998,96
2024-09-20 15:33:53.137000,428.71135243512106,1005
2024-09-20 15:33:53.935000,428.712228524634,100
2024-09-20 15:33:53.947000,428.7211569600742,9
2024-09-20 15:33:54.008000,428.73709567207385,10
2024-09-20 15:33:54.037000,428.69085910717536,15
2024-09-20 15:33:54.147000,428.7211629539108,6
2024-09-20 15:33:54.166000,428.6988978922275,100
2024-09-20 15:33:54.197000,428.6902246898083,999
2024-09-20 15:33:54.233000,428.7156276433113,13
2024-09-20 15:33:54.289000,428.7547490486337,5
2024-09-20 15:33:54.333000,428.75946933166097,103
2024-09-20 15:33:54.402000,428.7120185329459,99
2024-09-20 15:33:54.407000,428.7417248746208,1003
2024-09-20 15:33:54.432000,428.738141734822,9
2024-09-20 15:33:54.449000,428.7215763667248,11
2024-09-20 15:33:54.535000,428.7647483201467,10
2024-09-20 15:33:54.543000,428.7059344639282,1005
2024-09-20 15:33:54.637000,428.7198385713926,96
2024-09-20 15:33:54.689000,428.7369094605333,99
2024-09-20 15:33:54.700000,428.7221173054389,14
2024-09-20 15:33:54.703000,428.7121973646908,102
2024-09-20 15:33:54.737000,428.70063801854735,1002
2024-09-20 15:33:54.755000,428.7494919413874,10
2024-09-20 15:33:54.777000,428.6914127777828,15
2024-09-20 15:33:54.792000,428.7226005929129,1000
2024-09-20 15:33:54.984000,428.7152845728942,995
2024-09-20 15:33:54.990000,428.7201177733665,96
2024-09-20 15:33:55.046000,428.6721961063523,8
2024-09-20 15:33:55.088000,428.7208987677331,7
2024-09-20 15:33:55.089000,428.7153218725928,998
2024-09-20 15:33:55.090000,428.7193676014578,102
2024-09-20 15:33:55.102000,428.7193627171664,100
2024-09-20 15:33:55.120000,428.7089813867488,999
2024-09-20 15:33:55.127000,428.74121126189226,1001
2024-09-20 15:33:55.182000,428.7266600812963,104
2024-09-20 15:33:55.323000,428.7101027439566,104
2024-09-20 15:33:55.340000,428.7268311957421,1002
2024-09-20 15:33:55.341000,428.7353451182671,1002
2024-09-20 15:33:55.363000,428.72861117986895,100
2024-09-20 15:33:55.373000,428.7237373007496,1000
2024-09-20 15:33:55.394000,428.6927060043315,100
2024-09-20 15:33:55.463000,428.75505759316746,99
2024-09-20 15:33:55.486000,428.7028521058991,100
2024-09-20 15:33:55.509000,428.7434909899937,995
2024-09-20 15:33:55.512000,428.7254814837928,10
2024-09-20 15:33:55.526000,428.71915355682216,995
2024-09-20 15:33:55.647000,428.7099582720695,6
2024-09-20 15:33:55.671000,428.71936515607234,1002
2024-09-20 15:33:55.674000,428.7381806055525,101
2024-09-20 15:33:55.895000,428.7017744471891,97
2024-09-20 15:33:55.901000,428.7050119703423,95
2024-09-20 15:33:56.007000,428.6634001434504,1004
2024-09-20 15:33:56.029000,428.6675441252207,997
2024-09-20 15:33:56.208000,428.6529182072185,998
2024-09-20 15:33:56.214000,428.6714238403756,96
2024-09-20 15:33:56.229000,428.6601942155625,1003
2024-09-20 15:33:56.239000,428.6463814101643,96
2024-09-20 15:33:56.329000,428.6534389717637,104
2024-09-20 15:33:56.386000,428.6673768196093,104
2024-09-20 15:33:56.391000,428.6681592100145,6
2024-09-20 15:33:56.574000,428.63828480263487,95
2024-09-20 15:33:56.581000,428.6488046292507,14
2024-09-20 15:33:56.592000,428.6648509287904,15
2024-09-20 15:33:56.608000,428.6758064077087,11
2024-09-20 15:33:56.909000,428.678290987595,104
2024-09-20 15:33:56.922000,428.67710666744506,5
2024-09-20 15:33:57.224000,428.6862219534094,95
2024-09-20 15:33:57.232000,428.6718869230038,10
2024-09-20 15:33:57.287000,428.6811136021619,996
2024-09-20 15:33:57.748000,428.6768888299047,5
2024-09-20 15:33:57.998000,428.6652662346027,12
2024-09-20 15:33:58.073000,428.6802774059695,1003
2024-09-20 15:33:58.167000,428.6830333797451,102
2024-09-20 15:33:58.198000,428.6942837498681,1004
2024-09-20 15:33:58.457000,428.69061213994246,1004
2024-09-20 15:33:58.486000,428.703329304166,15
2024-09-20 15:33:58.582000,428.6843086717456,99
2024-09-20 15:33:58.595000,428.68411620628814,997
2024-09-20 15:33:58.835000,428.6823087448588,995
2024-09-20 15:33:58.946000,428.6653495051228,95
2024-09-20 15:33:59.010000,428.6284221161374,15
2024-09-20 15:33:59.020000,428.6959452248282,5
2024-09-20 15:33:59.022000,428.68566370997866,96
2024-09-20 15:33:59.075000,428.6298040128467,8
2024-09-20 15:33:59.110000,428.6323215910549,104
2024-09-20 15:33:59.126000,428.59212457320086,15
2024-09-20 15:33:59.139000,428.70611045177327,102
2024-09-20 15:33:59.150000,428.6376168335235,96
2024-09-20 15:33:59.212000,428.65687343760646,1003
2024-09-20 15:33:59.344000,428.6846267137888,11
2024-09-20 15:33:59.468000,428.6612313030579,101
2024-09-20 15:33:59.474000,428.6643996392539,11
2024-09-20 15:33:59.507000,428.62409523223937,101
2024-09-20 15:33:59.558000,428.6316988021901,997
2024-09-20 15:33:59.569000,428.6146139810921,1003
2024-09-20 15:33:59.610000,428.6382558596254,1005
2024-09-20 15:33:59.618000,428.6507129885188,103
2024-09-20 15:33:59.640000,428.7030872181848,103
2024-09-20 15:33:59.724000,428.6873658109814,101
2024-09-20 15:33:59.736000,428.6766931985697,7
2024-09-20 15:33:59.737000,428.6719355919302,5
2024-09-20 15:33:59.801000,428.6377730978976,9
2024-09-20 15:33:59.817000,428.60715679216366,13
2024-09-20 15:33:59.838000,428.6054162244472,998
2024-09-20 15:33:59.841000,428.6087717482711,95
2024-09-20 15:33:59.858000,428.680081488747,104
2024-09-20 15:33:59.895000,428.6190589899287,998
2024-09-20 15:33:59.974000,428.6405648120996,99
