Timestamp,Price,Size
2024-09-17 09:42:00.070000,415.51812439517215,10
2024-09-17 09:42:00.097000,415.48978228739657,103
2024-09-17 09:42:00.101000,415.50629364343297,15
2024-09-17 09:42:00.225000,415.5173553003529,998
2024-09-17 09:42:00.263000,415.5060627562546,1001
2024-09-17 09:42:00.283000,415.4865089830558,95
2024-09-17 09:42:00.284000,415.5251412360802,14
2024-09-17 09:42:00.413000,415.5055221762424,7
2024-09-17 09:42:00.480000,415.47986357219895,998
2024-09-17 09:42:00.487000,415.5034368856831,97
2024-09-17 09:42:00.634000,415.5008057943699,1003
2024-09-17 09:42:00.695000,415.500193888473,1002
2024-09-17 09:42:00.782000,415.500864582732,103
2024-09-17 09:42:00.865000,415.50070298055823,9
2024-09-17 09:42:00.964000,415.5250737302303,105
2024-09-17 09:42:01.080000,415.5366239763575,97
2024-09-17 09:42:01.195000,415.50435819125096,995
2024-09-17 09:42:01.384000,415.4935819376163,5
2024-09-17 09:42:01.409000,415.5401040138215,5
2024-09-17 09:42:01.810000,415.52880534522666,99
2024-09-17 09:42:01.841000,415.54081941113935,12
2024-09-17 09:42:01.951000,415.50508703404233,998
2024-09-17 09:42:02.001000,415.5524770580192,6
2024-09-17 09:42:02.022000,415.4831419306317,13
2024-09-17 09:42:02.061000,415.5691629687013,5
2024-09-17 09:42:02.110000,415.5534892389751,995
2024-09-17 09:42:02.226000,415.4803425505089,98
2024-09-17 09:42:02.243000,415.5440770908018,15
2024-09-17 09:42:02.267000,415.5024737404124,103
2024-09-17 09:42:02.321000,415.49718499278674,99
2024-09-17 09:42:02.328000,415.5239276342771,1003
2024-09-17 09:42:02.403000,415.5382335643343,14
2024-09-17 09:42:02.527000,415.4760608574053,97
2024-09-17 09:42:02.554000,415.5479753855319,15
2024-09-17 09:42:02.561000,415.4896499299431,5
2024-09-17 09:42:02.602000,415.46664833172576,100
2024-09-17 09:42:02.615000,415.498870024146,95
2024-09-17 09:42:02.670000,415.5479025860028,998
2024-09-17 09:42:02.765000,415.54706041976254,1003
2024-09-17 09:42:02.797000,415.572238632381,105
2024-09-17 09:42:02.824000,415.52712635259286,998
2024-09-17 09:42:02.885000,415.5394926624832,1005
2024-09-17 09:42:02.891000,415.4908639556875,995
2024-09-17 09:42:02.972000,415.5571213236376,1001
2024-09-17 09:42:02.981000,415.53716892761753,97
2024-09-17 09:42:02.991000,415.539335788996,104
2024-09-17 09:42:03.036000,415.5768993065061,9
2024-09-17 09:42:03.062000,415.57665273704055,13
2024-09-17 09:42:03.083000,415.5717581548779,10
2024-09-17 09:42:03.148000,415.583374194215,96
2024-09-17 09:42:03.184000,415.5793570403919,10
2024-09-17 09:42:03.255000,415.5467925556856,998
2024-09-17 09:42:03.259000,415.5698034500612,15
2024-09-17 09:42:03.263000,415.5773743161828,995
2024-09-17 09:42:03.288000,415.54746375826426,999
2024-09-17 09:42:03.316000,415.5657111233673,105
2024-09-17 09:42:03.458000,415.5799975899853,105
2024-09-17 09:42:03.520000,415.5735840045369,996
2024-09-17 09:42:03.560000,415.59788882836176,13
2024-09-17 09:42:03.599000,415.57534891859166,998
2024-09-17 09:42:03.637000,415.5484373180813,12
2024-09-17 09:42:03.654000,415.57043782676016,101
2024-09-17 09:42:03.683000,415.5776526769514,1001
2024-09-17 09:42:03.708000,415.5678991242778,95
2024-09-17 09:42:03.731000,415.54162132430486,1005
2024-09-17 09:42:03.788000,415.57641096387806,996
2024-09-17 09:42:03.862000,415.5444543286295,5
2024-09-17 09:42:03.917000,415.5455467515413,11
2024-09-17 09:42:03.922000,415.5918397405343,95
2024-09-17 09:42:03.937000,415.5813200986354,1002
2024-09-17 09:42:03.962000,415.5728112969888,102
2024-09-17 09:42:03.973000,415.6036795459442,997
2024-09-17 09:42:05.062000,415.5899401092501,995
2024-09-17 09:42:05.106000,415.5476046098228,9
2024-09-17 09:42:05.355000,415.5594357830848,15
2024-09-17 09:42:05.471000,415.5578552952149,95
2024-09-17 09:42:05.490000,415.58146456611314,999
2024-09-17 09:42:05.492000,415.5616458689698,5
2024-09-17 09:42:05.507000,415.6023022195482,1001
2024-09-17 09:42:05.533000,415.5868947048575,996
2024-09-17 09:42:05.600000,415.59326456712745,999
2024-09-17 09:42:05.635000,415.5756932369583,1005
2024-09-17 09:42:05.735000,415.58091724731247,12
2024-09-17 09:42:05.762000,415.56678592779735,95
2024-09-17 09:42:05.857000,415.6016809862326,5
2024-09-17 09:42:05.903000,415.5823807988852,7
2024-09-17 09:42:06.048000,415.6072793502743,104
2024-09-17 09:42:06.177000,415.59184574531696,96
2024-09-17 09:42:06.187000,415.59835116739305,1004
2024-09-17 09:42:06.274000,415.6038989996434,103
2024-09-17 09:42:06.409000,415.5828233992428,9
2024-09-17 09:42:06.531000,415.6051057679416,10
2024-09-17 09:42:06.598000,415.5831314803155,14
2024-09-17 09:42:06.691000,415.6008261127637,103
2024-09-17 09:42:06.724000,415.6119977923747,999
2024-09-17 09:42:06.730000,415.6092623142016,15
2024-09-17 09:42:06.892000,415.5913654332118,996
2024-09-17 09:42:07.207000,415.6171275243081,1005
2024-09-17 09:42:07.417000,415.62035639688975,999
2024-09-17 09:42:07.769000,415.6106841683734,6
2024-09-17 09:42:07.947000,415.5994128626393,5
2024-09-17 09:42:08.031000,415.5750633083272,1004
2024-09-17 09:42:08.033000,415.5900859695401,97
2024-09-17 09:42:08.037000,415.56754814016114,13
2024-09-17 09:42:08.061000,415.5996310089111,7
2024-09-17 09:42:08.153000,415.5754085547647,97
2024-09-17 09:42:08.170000,415.5767728680786,95
2024-09-17 09:42:08.260000,415.59037835296266,1005
2024-09-17 09:42:08.274000,415.5713246034594,1003
2024-09-17 09:42:08.354000,415.5950952633191,7
2024-09-17 09:42:08.380000,415.5633997094516,97
2024-09-17 09:42:08.402000,415.5547339367375,1005
2024-09-17 09:42:08.446000,415.5991291275929,103
2024-09-17 09:42:08.463000,415.56435378066345,99
2024-09-17 09:42:08.485000,415.5934263043026,98
2024-09-17 09:42:08.503000,415.6095821676271,97
2024-09-17 09:42:08.704000,415.57974345974367,1002
2024-09-17 09:42:08.735000,415.5649072162343,995
2024-09-17 09:42:08.770000,415.5777768682352,1001
2024-09-17 09:42:08.919000,415.56298486627566,8
2024-09-17 09:42:08.992000,415.5382486663951,101
2024-09-17 09:42:09.004000,415.63708316597103,5
2024-09-17 09:42:09.023000,415.6306706185912,1004
2024-09-17 09:42:09.066000,415.6131639890403,14
2024-09-17 09:42:09.133000,415.62671950065726,13
2024-09-17 09:42:09.144000,415.6199745929188,104
2024-09-17 09:42:09.201000,415.6234462402453,14
2024-09-17 09:42:09.202000,415.6390097375723,995
2024-09-17 09:42:09.258000,415.6266105654116,14
2024-09-17 09:42:09.290000,415.6188622432476,105
2024-09-17 09:42:09.312000,415.6435923590086,97
2024-09-17 09:42:09.333000,415.6191587639772,14
2024-09-17 09:42:09.345000,415.5616923123952,98
2024-09-17 09:42:09.347000,415.62260947170535,5
2024-09-17 09:42:09.352000,415.6191162742261,1002
2024-09-17 09:42:09.356000,415.6188584191973,14
2024-09-17 09:42:09.378000,415.62283454937455,10
2024-09-17 09:42:09.536000,415.6191816849735,1002
2024-09-17 09:42:09.582000,415.5961169985397,11
2024-09-17 09:42:09.651000,415.63356294140567,9
2024-09-17 09:42:09.654000,415.62241408221394,5
2024-09-17 09:42:09.706000,415.6268612833345,1001
2024-09-17 09:42:09.964000,415.6231544160051,103
2024-09-17 09:42:10.107000,415.6050806317774,1005
2024-09-17 09:42:10.129000,415.63978365862687,97
2024-09-17 09:42:10.174000,415.6295635083477,98
2024-09-17 09:42:10.196000,415.63641563348887,9
2024-09-17 09:42:10.224000,415.6137503870392,95
2024-09-17 09:42:10.251000,415.53523004328224,1002
2024-09-17 09:42:10.339000,415.5491374296135,5
2024-09-17 09:42:10.363000,415.6273634590236,1002
2024-09-17 09:42:10.465000,415.53853199436907,1001
2024-09-17 09:42:10.535000,415.64227748490873,105
2024-09-17 09:42:10.654000,415.6160305253893,95
2024-09-17 09:42:10.759000,415.587148039811,1005
2024-09-17 09:42:10.846000,415.5637350035128,7
2024-09-17 09:42:10.866000,415.6371608021785,8
2024-09-17 09:42:10.906000,415.6231039146303,101
2024-09-17 09:42:10.913000,415.6531754934725,10
2024-09-17 09:42:11.059000,415.7012972342994,13
2024-09-17 09:42:11.061000,415.6360289137505,102
2024-09-17 09:42:11.151000,415.686009156284,5
2024-09-17 09:42:11.159000,415.6145983786696,8
2024-09-17 09:42:11.185000,415.5575445876019,101
2024-09-17 09:42:11.277000,415.70697908795216,1005
2024-09-17 09:42:11.298000,415.6557608460923,1000
2024-09-17 09:42:11.315000,415.6464874445313,6
2024-09-17 09:42:11.403000,415.6979345243631,105
2024-09-17 09:42:11.539000,415.6685908389639,1004
2024-09-17 09:42:11.684000,415.6711442269829,99
2024-09-17 09:42:11.762000,415.5271639245654,996
2024-09-17 09:42:11.769000,415.5797038559517,1001
2024-09-17 09:42:11.808000,415.6185542710933,999
2024-09-17 09:42:11.827000,415.6503134868182,998
2024-09-17 09:42:11.865000,415.6529079121576,5
2024-09-17 09:42:11.906000,415.5395912879348,1000
2024-09-17 09:42:11.930000,415.5579052409464,7
2024-09-17 09:42:11.956000,415.6835648825072,105
2024-09-17 09:42:12.272000,415.6711435280677,1004
2024-09-17 09:42:13.124000,415.6844352407147,103
2024-09-17 09:42:13.690000,415.6900543839928,99
2024-09-17 09:42:13.993000,415.6768849960249,12
2024-09-17 09:42:14.119000,415.695597419291,101
2024-09-17 09:42:14.149000,415.6469270426376,995
2024-09-17 09:42:14.292000,415.6662355652962,10
2024-09-17 09:42:14.296000,415.6409913524445,995
2024-09-17 09:42:14.467000,415.6590366588173,997
2024-09-17 09:42:14.496000,415.6547954588195,8
2024-09-17 09:42:14.504000,415.652235498248,98
2024-09-17 09:42:14.524000,415.6528374796195,1000
2024-09-17 09:42:14.548000,415.6823994213886,96
2024-09-17 09:42:14.586000,415.66454725837167,101
2024-09-17 09:42:14.783000,415.66779428213306,10
2024-09-17 09:42:14.849000,415.6549777588687,100
2024-09-17 09:42:14.890000,415.6460122417191,97
2024-09-17 09:42:15,415.65669473868365,999
2024-09-17 09:42:15.131000,415.6584224748895,104
2024-09-17 09:42:15.363000,415.6708517499191,997
2024-09-17 09:42:15.655000,415.6726109918976,6
2024-09-17 09:42:15.961000,415.66361267797686,11
2024-09-17 09:42:16.008000,415.5686023037836,997
2024-09-17 09:42:16.010000,415.62552484455466,14
2024-09-17 09:42:16.128000,415.6145858913353,101
2024-09-17 09:42:16.171000,415.5835735656237,103
2024-09-17 09:42:16.218000,415.5930123439314,14
2024-09-17 09:42:16.227000,415.5934555775178,9
2024-09-17 09:42:16.313000,415.606219902912,95
2024-09-17 09:42:16.339000,415.64674673270247,999
2024-09-17 09:42:16.340000,415.5906457916144,103
2024-09-17 09:42:16.360000,415.6206766545464,15
2024-09-17 09:42:16.373000,415.6252207082233,15
2024-09-17 09:42:16.438000,415.584156512937,95
2024-09-17 09:42:16.452000,415.5829441520826,995
2024-09-17 09:42:16.495000,415.6071853714134,5
2024-09-17 09:42:16.540000,415.5619844361234,102
2024-09-17 09:42:16.584000,415.6255957912484,997
2024-09-17 09:42:16.636000,415.58612683418863,997
2024-09-17 09:42:16.666000,415.63366606918953,101
2024-09-17 09:42:16.724000,415.6110771720598,997
2024-09-17 09:42:16.782000,415.6090634093379,97
2024-09-17 09:42:16.884000,415.5954248821218,995
2024-09-17 09:42:17.060000,415.5352920628318,14
2024-09-17 09:42:17.117000,415.554187169505,10
2024-09-17 09:42:17.211000,415.5319282549435,14
2024-09-17 09:42:17.370000,415.5719248811816,996
2024-09-17 09:42:17.536000,415.55157602818673,95
2024-09-17 09:42:17.653000,415.5752346729548,1004
2024-09-17 09:42:17.654000,415.53419946268815,14
2024-09-17 09:42:17.774000,415.5314321543461,6
2024-09-17 09:42:17.927000,415.5654245992251,99
2024-09-17 09:42:17.980000,415.57925333084114,105
2024-09-17 09:42:18.020000,415.51021360030114,997
2024-09-17 09:42:18.035000,415.51784604248047,104
2024-09-17 09:42:18.103000,415.4850285026468,9
2024-09-17 09:42:18.116000,415.5116118384344,102
2024-09-17 09:42:18.161000,415.5308693576011,13
2024-09-17 09:42:18.205000,415.5358713971248,100
2024-09-17 09:42:18.207000,415.527352832744,99
2024-09-17 09:42:18.213000,415.4956573111932,13
2024-09-17 09:42:18.215000,415.4481077408896,102
2024-09-17 09:42:18.225000,415.484712815864,15
2024-09-17 09:42:18.260000,415.52278626009104,1000
2024-09-17 09:42:18.323000,415.5280417645986,1005
2024-09-17 09:42:18.328000,415.4976844537953,95
2024-09-17 09:42:18.357000,415.5305842479287,5
2024-09-17 09:42:18.379000,415.5002513401771,105
2024-09-17 09:42:18.384000,415.52663986458026,995
2024-09-17 09:42:18.413000,415.5124139308922,997
2024-09-17 09:42:18.446000,415.4960043371557,997
2024-09-17 09:42:18.450000,415.4794718391428,11
2024-09-17 09:42:18.505000,415.5066701554421,1003
2024-09-17 09:42:18.505000,415.4819620546307,997
2024-09-17 09:42:18.506000,415.470514813177,1000
2024-09-17 09:42:18.542000,415.4915032794852,1001
2024-09-17 09:42:18.646000,415.4922352640165,97
2024-09-17 09:42:18.804000,415.4983649133141,1005
2024-09-17 09:42:18.912000,415.50530622008085,1003
2024-09-17 09:42:18.942000,415.4463634889695,98
2024-09-17 09:42:18.983000,415.4616801582053,10
2024-09-17 09:42:19.014000,415.4692302130405,14
2024-09-17 09:42:19.071000,415.4770549911086,15
2024-09-17 09:42:19.124000,415.5249391122982,9
2024-09-17 09:42:19.211000,415.564438340601,1005
2024-09-17 09:42:19.252000,415.4981852996123,10
2024-09-17 09:42:19.287000,415.5431866082978,995
2024-09-17 09:42:19.313000,415.553972175998,102
2024-09-17 09:42:19.324000,415.4944976243978,101
2024-09-17 09:42:19.395000,415.5390557134082,1000
2024-09-17 09:42:19.490000,415.4815705938018,105
2024-09-17 09:42:19.542000,415.549835276448,5
2024-09-17 09:42:19.749000,415.4766265111746,9
2024-09-17 09:42:19.834000,415.5743552440546,101
2024-09-17 09:42:19.874000,415.4778618098233,9
2024-09-17 09:42:19.910000,415.5951354790345,97
2024-09-17 09:42:20.042000,415.6235706134021,97
2024-09-17 09:42:20.042000,415.5504926270162,15
2024-09-17 09:42:20.052000,415.54548844933487,1003
2024-09-17 09:42:20.083000,415.6492211548096,6
2024-09-17 09:42:20.105000,415.5966159283072,102
2024-09-17 09:42:20.237000,415.62557589715874,10
2024-09-17 09:42:20.284000,415.5846942093234,9
2024-09-17 09:42:20.316000,415.56852828170383,15
2024-09-17 09:42:20.365000,415.6465937567286,15
2024-09-17 09:42:20.373000,415.5734090978575,1005
2024-09-17 09:42:20.434000,415.5817484071256,95
2024-09-17 09:42:20.485000,415.5894480649383,97
2024-09-17 09:42:20.528000,415.5377816739868,101
2024-09-17 09:42:20.575000,415.6590574276119,96
2024-09-17 09:42:20.594000,415.65484664924287,10
2024-09-17 09:42:20.648000,415.5321908566972,105
2024-09-17 09:42:20.654000,415.5848879163378,11
2024-09-17 09:42:20.670000,415.6702293721099,1005
2024-09-17 09:42:20.732000,415.5536999599965,5
2024-09-17 09:42:20.802000,415.59008045103576,99
2024-09-17 09:42:20.832000,415.6648723506965,98
2024-09-17 09:42:20.847000,415.6724251922393,12
2024-09-17 09:42:20.871000,415.5903374128889,104
2024-09-17 09:42:20.915000,415.6497552336761,15
2024-09-17 09:42:20.921000,415.5657412094118,8
2024-09-17 09:42:20.927000,415.5807682002881,1000
2024-09-17 09:42:21.093000,415.6204314531286,15
2024-09-17 09:42:21.100000,415.68212379472914,11
2024-09-17 09:42:21.171000,415.64689960662736,13
2024-09-17 09:42:21.280000,415.6849636089452,11
2024-09-17 09:42:21.297000,415.6643142872293,998
2024-09-17 09:42:21.303000,415.6677019709844,5
2024-09-17 09:42:21.374000,415.6796727466043,1004
2024-09-17 09:42:21.375000,415.6085321537434,11
2024-09-17 09:42:21.397000,415.6746449740528,95
2024-09-17 09:42:21.399000,415.64481455078527,98
2024-09-17 09:42:21.505000,415.6287370358266,9
2024-09-17 09:42:21.593000,415.6705515201002,102
2024-09-17 09:42:21.598000,415.6431780567037,100
2024-09-17 09:42:21.640000,415.6809342881026,6
2024-09-17 09:42:21.745000,415.6215083852205,103
2024-09-17 09:42:21.749000,415.6347570704461,9
2024-09-17 09:42:21.820000,415.6601930582202,10
2024-09-17 09:42:21.891000,415.690606956192,102
2024-09-17 09:42:22.260000,415.6860166613499,1002
2024-09-17 09:42:22.403000,415.7040883868745,15
2024-09-17 09:42:22.907000,415.7049645783957,9
2024-09-17 09:42:23.063000,415.69018519846327,1000
2024-09-17 09:42:23.111000,415.6476735951777,104
2024-09-17 09:42:23.117000,415.7014950150043,14
2024-09-17 09:42:23.126000,415.6515413322721,14
2024-09-17 09:42:23.143000,415.6595722378368,1004
2024-09-17 09:42:23.146000,415.6481577167287,7
2024-09-17 09:42:23.153000,415.64137777834645,1004
2024-09-17 09:42:23.167000,415.7021099077821,97
2024-09-17 09:42:23.185000,415.6968987011991,95
2024-09-17 09:42:23.229000,415.7015522923334,1002
2024-09-17 09:42:23.300000,415.6983634755745,99
2024-09-17 09:42:23.301000,415.7188150771966,105
2024-09-17 09:42:23.365000,415.67416076657327,101
2024-09-17 09:42:23.396000,415.70100085982926,7
2024-09-17 09:42:23.516000,415.7087756579504,997
2024-09-17 09:42:23.562000,415.6456971484725,101
2024-09-17 09:42:23.605000,415.6531931917109,97
2024-09-17 09:42:23.629000,415.64571786113214,8
2024-09-17 09:42:23.670000,415.7001732305824,1002
2024-09-17 09:42:23.676000,415.7016267786724,998
2024-09-17 09:42:23.773000,415.6400203939,99
2024-09-17 09:42:23.783000,415.6931902162989,998
2024-09-17 09:42:23.785000,415.6454906609994,9
2024-09-17 09:42:23.898000,415.6466053444041,998
2024-09-17 09:42:23.914000,415.6734049460634,995
2024-09-17 09:42:23.924000,415.6918713060944,11
2024-09-17 09:42:23.925000,415.666035884128,995
2024-09-17 09:42:23.956000,415.6603453783172,99
2024-09-17 09:42:25.133000,415.6721268282674,99
2024-09-17 09:42:25.189000,415.6414054616294,14
2024-09-17 09:42:25.206000,415.645191946572,95
2024-09-17 09:42:25.208000,415.6258954942789,13
2024-09-17 09:42:25.272000,415.6501519472576,999
2024-09-17 09:42:25.407000,415.6248334158937,104
2024-09-17 09:42:25.409000,415.65493513526303,15
2024-09-17 09:42:25.418000,415.6584796165248,6
2024-09-17 09:42:25.695000,415.63363111518737,102
2024-09-17 09:42:25.726000,415.6521658039969,998
2024-09-17 09:42:25.767000,415.634530681093,14
2024-09-17 09:42:25.825000,415.6196470834908,6
2024-09-17 09:42:25.951000,415.6187644336812,103
2024-09-17 09:42:25.996000,415.6473266220039,97
2024-09-17 09:42:26.032000,415.5975910643658,999
2024-09-17 09:42:26.043000,415.6127540928221,9
2024-09-17 09:42:26.044000,415.6211959419129,101
2024-09-17 09:42:26.159000,415.6195934773633,1000
2024-09-17 09:42:26.172000,415.615441377988,100
2024-09-17 09:42:26.205000,415.6253004997905,998
2024-09-17 09:42:26.215000,415.62343486727326,1003
2024-09-17 09:42:26.332000,415.6136892645968,95
2024-09-17 09:42:26.333000,415.6251295431034,13
2024-09-17 09:42:26.343000,415.6259817078036,104
2024-09-17 09:42:26.476000,415.5915563723263,97
2024-09-17 09:42:26.511000,415.5965416008446,13
2024-09-17 09:42:26.596000,415.5986479049005,98
2024-09-17 09:42:26.617000,415.6130980567319,1004
2024-09-17 09:42:26.623000,415.59794644419566,12
2024-09-17 09:42:26.690000,415.61070254606005,97
2024-09-17 09:42:26.708000,415.610167349722,997
2024-09-17 09:42:26.730000,415.6044682025182,14
2024-09-17 09:42:26.752000,415.5864935916677,1005
2024-09-17 09:42:26.760000,415.6355270128265,103
2024-09-17 09:42:26.776000,415.5833643316017,105
2024-09-17 09:42:26.827000,415.6281215554688,999
2024-09-17 09:42:26.884000,415.6313940991515,5
2024-09-17 09:42:26.910000,415.613801376874,8
2024-09-17 09:42:26.914000,415.5849086796177,998
2024-09-17 09:42:26.939000,415.62219010833087,105
2024-09-17 09:42:26.944000,415.60058284043424,6
2024-09-17 09:42:26.956000,415.6084968426292,10
2024-09-17 09:42:27.036000,415.6130765032134,97
2024-09-17 09:42:27.050000,415.54391896167033,100
2024-09-17 09:42:27.053000,415.5454068190411,999
2024-09-17 09:42:27.079000,415.5897835643368,12
2024-09-17 09:42:27.253000,415.58173815995457,1002
2024-09-17 09:42:27.262000,415.5406394478238,996
2024-09-17 09:42:27.343000,415.5378095463131,99
2024-09-17 09:42:27.364000,415.5540586798072,1001
2024-09-17 09:42:27.476000,415.5544026527836,8
2024-09-17 09:42:27.501000,415.537648813373,1005
2024-09-17 09:42:27.549000,415.58158649091246,1003
2024-09-17 09:42:27.596000,415.5376528359542,8
2024-09-17 09:42:27.598000,415.5796016102383,1002
2024-09-17 09:42:27.801000,415.55368078303,1004
2024-09-17 09:42:27.885000,415.5535280902413,11
2024-09-17 09:42:27.932000,415.5699259472784,10
2024-09-17 09:42:27.997000,415.55337533272063,11
2024-09-17 09:42:28.013000,415.5726877752195,1003
2024-09-17 09:42:28.105000,415.579694568392,100
2024-09-17 09:42:28.264000,415.54361544012926,96
2024-09-17 09:42:28.374000,415.5201751393485,1004
2024-09-17 09:42:28.380000,415.5598859531796,999
2024-09-17 09:42:28.390000,415.551121509413,10
2024-09-17 09:42:28.442000,415.5372260220816,10
2024-09-17 09:42:28.685000,415.5538023417925,102
2024-09-17 09:42:28.698000,415.5713235211097,96
2024-09-17 09:42:28.725000,415.5875142627809,12
2024-09-17 09:42:28.751000,415.5362074272987,14
2024-09-17 09:42:28.886000,415.5831954252911,1004
2024-09-17 09:42:29.341000,415.5253086378575,105
2024-09-17 09:42:29.731000,415.5281465440613,995
2024-09-17 09:42:30.003000,415.5352132388318,7
2024-09-17 09:42:30.045000,415.5246872045101,101
2024-09-17 09:42:30.072000,415.5409477467837,6
2024-09-17 09:42:30.158000,415.5714186513741,97
2024-09-17 09:42:30.160000,415.55045489067567,13
2024-09-17 09:42:30.221000,415.5257016618582,1002
2024-09-17 09:42:30.240000,415.5514136627881,995
2024-09-17 09:42:30.266000,415.58252571001935,996
2024-09-17 09:42:30.324000,415.5593407020434,1003
2024-09-17 09:42:30.381000,415.5421219603725,105
2024-09-17 09:42:30.397000,415.4978403839481,98
2024-09-17 09:42:30.406000,415.5511281749162,6
2024-09-17 09:42:30.434000,415.5044754578659,13
2024-09-17 09:42:30.473000,415.5112599197362,13
2024-09-17 09:42:30.509000,415.544644130936,13
2024-09-17 09:42:30.511000,415.5137063606177,98
2024-09-17 09:42:30.511000,415.5832926396354,5
2024-09-17 09:42:30.565000,415.5633995357401,1000
2024-09-17 09:42:30.603000,415.52147867665656,8
2024-09-17 09:42:30.612000,415.51257286701,999
2024-09-17 09:42:30.644000,415.54320117401807,102
2024-09-17 09:42:30.671000,415.5496138519292,1002
2024-09-17 09:42:30.722000,415.5201711668356,10
2024-09-17 09:42:30.806000,415.5200799423614,96
2024-09-17 09:42:30.840000,415.5435213335191,997
2024-09-17 09:42:30.855000,415.5519233635816,1000
2024-09-17 09:42:30.886000,415.5437265129027,6
2024-09-17 09:42:30.920000,415.5442291544853,100
2024-09-17 09:42:31.186000,415.52300224933794,13
2024-09-17 09:42:31.268000,415.4808007227821,1005
2024-09-17 09:42:31.282000,415.4934496735461,5
2024-09-17 09:42:31.385000,415.4941741584738,100
2024-09-17 09:42:31.475000,415.49970924747566,95
2024-09-17 09:42:31.590000,415.4998179930489,11
2024-09-17 09:42:31.670000,415.49370381520384,997
2024-09-17 09:42:31.745000,415.4844575778377,10
2024-09-17 09:42:31.772000,415.5121427286933,1005
2024-09-17 09:42:31.779000,415.5158201181771,7
2024-09-17 09:42:31.958000,415.55270978779146,103
2024-09-17 09:42:31.960000,415.5485029646968,11
2024-09-17 09:42:31.974000,415.5429403891027,1003
2024-09-17 09:42:32.005000,415.49798455076046,97
2024-09-17 09:42:32.037000,415.4781655342555,103
2024-09-17 09:42:32.122000,415.53818867174186,95
2024-09-17 09:42:32.145000,415.5541193259792,15
2024-09-17 09:42:32.181000,415.5804697978724,12
2024-09-17 09:42:32.240000,415.49257635025873,13
2024-09-17 09:42:32.295000,415.5007875917332,6
2024-09-17 09:42:32.308000,415.4912944063095,998
2024-09-17 09:42:32.454000,415.4896982263469,13
2024-09-17 09:42:32.464000,415.55533350277193,105
2024-09-17 09:42:32.482000,415.5539695468916,97
2024-09-17 09:42:32.485000,415.4860287742083,1001
2024-09-17 09:42:32.580000,415.5150250170335,100
2024-09-17 09:42:32.655000,415.5458362785909,9
2024-09-17 09:42:32.695000,415.4992364724951,101
2024-09-17 09:42:32.725000,415.5580080255957,13
2024-09-17 09:42:32.726000,415.4895365624192,9
2024-09-17 09:42:32.755000,415.521833675732,15
2024-09-17 09:42:32.845000,415.5695798123501,1005
2024-09-17 09:42:32.850000,415.55138915559365,101
2024-09-17 09:42:32.851000,415.4748049759604,101
2024-09-17 09:42:32.868000,415.5531440189566,14
2024-09-17 09:42:32.922000,415.5395634896152,14
2024-09-17 09:42:32.945000,415.5376421902613,14
2024-09-17 09:42:33.079000,415.5490205654065,1000
2024-09-17 09:42:33.164000,415.5371570669677,1001
2024-09-17 09:42:33.945000,415.5697292411266,996
2024-09-17 09:42:33.970000,415.54006937869696,102
2024-09-17 09:42:34.045000,415.5622902896881,15
2024-09-17 09:42:34.110000,415.5437574324422,96
2024-09-17 09:42:34.164000,415.5406182290999,5
2024-09-17 09:42:34.272000,415.5469065154018,5
2024-09-17 09:42:34.327000,415.52028550840834,1001
2024-09-17 09:42:34.368000,415.55081622518026,97
2024-09-17 09:42:34.470000,415.5416184899045,98
2024-09-17 09:42:34.490000,415.5174211394336,997
2024-09-17 09:42:34.493000,415.5518003328056,95
2024-09-17 09:42:34.495000,415.5563316188705,1005
2024-09-17 09:42:34.511000,415.56383611977145,96
2024-09-17 09:42:34.538000,415.5404560670568,12
2024-09-17 09:42:34.550000,415.56771555021817,101
2024-09-17 09:42:34.584000,415.550255483473,9
2024-09-17 09:42:34.648000,415.5916895285292,97
2024-09-17 09:42:34.661000,415.5143140632548,5
2024-09-17 09:42:34.681000,415.5659685086141,11
2024-09-17 09:42:34.715000,415.5435919026935,101
2024-09-17 09:42:34.719000,415.5580645807304,1002
2024-09-17 09:42:34.735000,415.5487360509469,102
2024-09-17 09:42:34.759000,415.539006245134,1005
2024-09-17 09:42:34.867000,415.5654485148629,996
2024-09-17 09:42:34.888000,415.5339547437038,1000
2024-09-17 09:42:34.915000,415.5560628072972,11
2024-09-17 09:42:34.977000,415.5604038177098,101
2024-09-17 09:42:35.060000,415.5386637599286,7
2024-09-17 09:42:35.073000,415.5349829446088,105
2024-09-17 09:42:35.099000,415.53994168477016,997
2024-09-17 09:42:35.100000,415.5449994967112,8
2024-09-17 09:42:35.114000,415.55464206279385,100
2024-09-17 09:42:35.121000,415.5387469848994,1000
2024-09-17 09:42:35.128000,415.5605322058113,14
2024-09-17 09:42:35.208000,415.58603931987096,7
2024-09-17 09:42:35.239000,415.55130229884463,997
2024-09-17 09:42:35.348000,415.5647358171026,1000
2024-09-17 09:42:35.397000,415.5369241750433,1000
2024-09-17 09:42:35.417000,415.5500606875728,98
2024-09-17 09:42:35.421000,415.5702756234084,5
2024-09-17 09:42:35.546000,415.5426360869972,104
2024-09-17 09:42:35.560000,415.5538933661621,101
2024-09-17 09:42:35.699000,415.5530375533804,15
2024-09-17 09:42:35.704000,415.5689219556772,100
2024-09-17 09:42:35.732000,415.5369784253534,1004
2024-09-17 09:42:35.747000,415.5466659084488,15
2024-09-17 09:42:35.772000,415.5362267810846,997
2024-09-17 09:42:35.796000,415.54506929067855,997
2024-09-17 09:42:35.800000,415.5444073745335,14
2024-09-17 09:42:36.113000,415.7263036454596,1002
2024-09-17 09:42:36.124000,415.737530746186,6
2024-09-17 09:42:36.149000,415.7461341558095,95
2024-09-17 09:42:36.155000,415.67666924546,12
2024-09-17 09:42:36.261000,415.5977583560099,100
2024-09-17 09:42:36.291000,415.78548471362245,6
2024-09-17 09:42:36.295000,415.6195140631178,995
2024-09-17 09:42:36.336000,415.6860530489821,102
2024-09-17 09:42:36.354000,415.733036933981,96
2024-09-17 09:42:36.373000,415.66884437497936,9
2024-09-17 09:42:36.387000,415.573172161227,996
2024-09-17 09:42:36.389000,415.78059836343976,9
2024-09-17 09:42:36.415000,415.7563432218853,103
2024-09-17 09:42:36.478000,415.74159325713737,1000
2024-09-17 09:42:36.525000,415.58458070379214,100
2024-09-17 09:42:36.557000,415.74685939345335,103
2024-09-17 09:42:36.601000,415.7759707191756,98
2024-09-17 09:42:36.602000,415.67945255724135,97
2024-09-17 09:42:36.703000,415.6248674486694,101
2024-09-17 09:42:36.737000,415.73414678094025,98
2024-09-17 09:42:36.749000,415.7828616989807,103
2024-09-17 09:42:36.773000,415.75661523011246,11
2024-09-17 09:42:36.776000,415.7318590400625,96
2024-09-17 09:42:36.785000,415.7063673919741,99
2024-09-17 09:42:36.792000,415.6093634985775,11
2024-09-17 09:42:36.835000,415.6927527371666,8
2024-09-17 09:42:36.869000,415.6296827633683,15
2024-09-17 09:42:36.885000,415.7488891829439,96
2024-09-17 09:42:36.939000,415.7639790930984,8
2024-09-17 09:42:37.127000,415.8002028109625,6
2024-09-17 09:42:37.349000,415.7862667181501,1005
2024-09-17 09:42:37.370000,415.79185518106806,997
2024-09-17 09:42:37.374000,415.7343058281439,996
2024-09-17 09:42:37.387000,415.7785696346794,15
2024-09-17 09:42:37.414000,415.8319947157914,1000
2024-09-17 09:42:37.447000,415.79116388803936,11
2024-09-17 09:42:37.549000,415.8115930966844,101
2024-09-17 09:42:37.553000,415.7374137083698,95
2024-09-17 09:42:37.615000,415.78612131307904,1000
2024-09-17 09:42:37.634000,415.8248657333126,96
2024-09-17 09:42:37.676000,415.7977875718005,104
2024-09-17 09:42:37.692000,415.8007831069656,5
2024-09-17 09:42:37.702000,415.80165251269153,1001
2024-09-17 09:42:37.732000,415.8079832032507,102
2024-09-17 09:42:37.761000,415.7617189543048,1001
2024-09-17 09:42:37.802000,415.81222008839,1005
2024-09-17 09:42:37.930000,415.80612533630665,105
2024-09-17 09:42:37.935000,415.7515366876271,12
2024-09-17 09:42:37.939000,415.7897060847433,8
2024-09-17 09:42:37.958000,415.77360129915246,104
2024-09-17 09:42:38.056000,415.8113185866926,99
2024-09-17 09:42:38.481000,415.8197764752321,995
2024-09-17 09:42:39.079000,415.68680648660336,104
2024-09-17 09:42:39.120000,415.7314885290573,1000
2024-09-17 09:42:39.149000,415.6815575736853,10
2024-09-17 09:42:39.194000,415.68653484968246,97
2024-09-17 09:42:39.237000,415.7682743111777,95
2024-09-17 09:42:39.244000,415.70924962832765,998
2024-09-17 09:42:39.249000,415.7705463370476,1004
2024-09-17 09:42:39.269000,415.7639642641131,1004
2024-09-17 09:42:39.333000,415.7441363530825,1000
2024-09-17 09:42:39.429000,415.78950863119474,98
2024-09-17 09:42:39.510000,415.7820516772067,97
2024-09-17 09:42:39.531000,415.7092892856812,996
2024-09-17 09:42:39.618000,415.7118835451458,7
2024-09-17 09:42:39.620000,415.6880716607988,1000
2024-09-17 09:42:39.635000,415.7318336545229,999
2024-09-17 09:42:39.659000,415.6865507052747,997
2024-09-17 09:42:39.747000,415.7048916524709,5
2024-09-17 09:42:39.772000,415.7368511291341,995
2024-09-17 09:42:39.839000,415.77035373100415,101
2024-09-17 09:42:39.896000,415.7041424826056,100
2024-09-17 09:42:39.927000,415.753969120407,1001
2024-09-17 09:42:40.249000,415.6746560733012,10
2024-09-17 09:42:40.484000,415.7239458563104,100
2024-09-17 09:42:40.512000,415.6916926446433,14
2024-09-17 09:42:40.577000,415.71819311939646,997
2024-09-17 09:42:40.753000,415.6827293745812,13
2024-09-17 09:42:40.774000,415.7195950758754,1001
2024-09-17 09:42:41.359000,415.679326629512,999
2024-09-17 09:42:41.359000,415.6842964785871,997
2024-09-17 09:42:41.396000,415.6799212339728,11
2024-09-17 09:42:41.626000,415.6891000090877,1005
2024-09-17 09:42:41.730000,415.70098292056696,98
2024-09-17 09:42:42.137000,415.7386301160586,11
2024-09-17 09:42:42.147000,415.7053595725569,97
2024-09-17 09:42:42.252000,415.68389473009927,1003
2024-09-17 09:42:42.270000,415.72653414913856,12
2024-09-17 09:42:42.295000,415.6833159391591,9
2024-09-17 09:42:42.312000,415.66831447543314,12
2024-09-17 09:42:42.319000,415.72453889732753,14
2024-09-17 09:42:42.369000,415.7029337355649,1001
2024-09-17 09:42:42.433000,415.6984377804849,12
2024-09-17 09:42:42.439000,415.7068353467393,11
2024-09-17 09:42:42.518000,415.7068703208273,11
2024-09-17 09:42:42.562000,415.662949182753,1002
2024-09-17 09:42:42.601000,415.6957063548068,10
2024-09-17 09:42:42.612000,415.6986744774936,999
2024-09-17 09:42:42.625000,415.7077952560215,14
2024-09-17 09:42:42.626000,415.7175958790694,14
2024-09-17 09:42:42.646000,415.7225410614272,11
2024-09-17 09:42:42.653000,415.69973395597606,95
2024-09-17 09:42:42.736000,415.69910092142914,999
2024-09-17 09:42:42.736000,415.7272363873557,13
2024-09-17 09:42:42.799000,415.7144147458415,12
2024-09-17 09:42:42.837000,415.7367813551735,10
2024-09-17 09:42:42.937000,415.73907629640064,101
2024-09-17 09:42:42.955000,415.7193344264564,99
2024-09-17 09:42:43.073000,415.69253961205504,997
2024-09-17 09:42:43.088000,415.6877344738478,8
2024-09-17 09:42:43.094000,415.6858391378446,1004
2024-09-17 09:42:43.123000,415.7241920028881,996
2024-09-17 09:42:43.144000,415.6578748471033,1002
2024-09-17 09:42:43.150000,415.7178047615714,997
2024-09-17 09:42:43.170000,415.6782708853292,103
2024-09-17 09:42:43.195000,415.66443503030416,9
2024-09-17 09:42:43.279000,415.6599580952659,96
2024-09-17 09:42:43.368000,415.65662769312553,13
2024-09-17 09:42:43.454000,415.6640122432958,100
2024-09-17 09:42:43.557000,415.6658824440187,10
2024-09-17 09:42:43.559000,415.6925332302368,97
2024-09-17 09:42:43.649000,415.712776523805,99
2024-09-17 09:42:43.722000,415.7091823719464,1000
2024-09-17 09:42:43.758000,415.6643693269032,102
2024-09-17 09:42:43.768000,415.6774347159712,995
2024-09-17 09:42:43.821000,415.68789623937874,96
2024-09-17 09:42:43.911000,415.677409338466,1004
2024-09-17 09:42:43.947000,415.6858702471137,102
2024-09-17 09:42:45.002000,415.72251780174514,105
2024-09-17 09:42:45.162000,415.76084055700505,995
2024-09-17 09:42:45.194000,415.7418444702466,102
2024-09-17 09:42:45.257000,415.7041610843533,12
2024-09-17 09:42:45.310000,415.72693410898535,11
2024-09-17 09:42:45.345000,415.70446130617023,15
2024-09-17 09:42:45.349000,415.75842636612,8
2024-09-17 09:42:45.463000,415.74401700739895,99
2024-09-17 09:42:45.495000,415.718257514411,12
2024-09-17 09:42:45.500000,415.7118842548948,6
2024-09-17 09:42:45.603000,415.7583690232362,1001
2024-09-17 09:42:45.650000,415.747561635557,15
2024-09-17 09:42:45.684000,415.7185210155592,99
2024-09-17 09:42:45.770000,415.7116952797263,1005
2024-09-17 09:42:45.797000,415.71701979033696,10
2024-09-17 09:42:45.836000,415.7144235824885,5
2024-09-17 09:42:45.862000,415.7203155576704,15
2024-09-17 09:42:45.947000,415.7136477842918,995
2024-09-17 09:42:46.138000,415.6507243831963,1004
2024-09-17 09:42:46.174000,415.6950383782855,103
2024-09-17 09:42:46.398000,415.6600120912959,6
2024-09-17 09:42:46.416000,415.6922607889271,1004
2024-09-17 09:42:46.526000,415.7151574323695,11
2024-09-17 09:42:46.735000,415.6898349883646,995
2024-09-17 09:42:47.572000,415.6348830678403,1001
2024-09-17 09:42:47.709000,415.6287926254768,995
2024-09-17 09:42:48.190000,415.6350276422156,99
2024-09-17 09:42:48.280000,415.6431089727923,996
2024-09-17 09:42:48.331000,415.6441184817674,8
2024-09-17 09:42:48.396000,415.6386577301828,1002
2024-09-17 09:42:48.400000,415.62021429685166,1000
2024-09-17 09:42:48.491000,415.645475959802,105
2024-09-17 09:42:48.502000,415.6389139183049,103
2024-09-17 09:42:48.623000,415.6405930841402,998
2024-09-17 09:42:48.656000,415.6277883974876,14
2024-09-17 09:42:48.671000,415.6462585584607,105
2024-09-17 09:42:48.997000,415.62454162116165,102
2024-09-17 09:42:49.036000,415.6325696711705,1004
2024-09-17 09:42:49.085000,415.6467920154553,11
2024-09-17 09:42:49.117000,415.6282886094701,105
2024-09-17 09:42:49.138000,415.6345459941395,1001
2024-09-17 09:42:49.194000,415.6403942064615,98
2024-09-17 09:42:49.242000,415.62187765943247,1003
2024-09-17 09:42:49.246000,415.6350284168852,5
2024-09-17 09:42:49.296000,415.6506535338118,101
2024-09-17 09:42:49.308000,415.6551758532286,1001
2024-09-17 09:42:49.334000,415.6467967636496,996
2024-09-17 09:42:49.375000,415.6232697963677,95
2024-09-17 09:42:49.403000,415.6220478524758,9
2024-09-17 09:42:49.428000,415.6475731490317,1005
2024-09-17 09:42:49.452000,415.6433687789916,101
2024-09-17 09:42:49.805000,415.6251759380864,7
2024-09-17 09:42:49.825000,415.6118410898213,97
2024-09-17 09:42:49.866000,415.6097908274094,96
2024-09-17 09:42:49.975000,415.6452973627833,998
2024-09-17 09:42:49.985000,415.6525631161259,14
2024-09-17 09:42:50.134000,415.60773331989486,15
2024-09-17 09:42:50.149000,415.6269360800599,14
2024-09-17 09:42:50.152000,415.6524640351048,999
2024-09-17 09:42:50.184000,415.67033646074975,103
2024-09-17 09:42:50.195000,415.6489034907849,15
2024-09-17 09:42:50.223000,415.6467298805872,101
2024-09-17 09:42:50.240000,415.67036100452106,14
2024-09-17 09:42:50.259000,415.661055407901,14
2024-09-17 09:42:50.377000,415.64309880806167,98
2024-09-17 09:42:50.396000,415.6258007243548,8
2024-09-17 09:42:50.404000,415.622408048692,1001
2024-09-17 09:42:50.426000,415.6287300380805,102
2024-09-17 09:42:50.493000,415.645950447071,96
2024-09-17 09:42:50.576000,415.65102050324015,1004
2024-09-17 09:42:50.577000,415.6627160543526,102
2024-09-17 09:42:50.691000,415.65169896825535,11
2024-09-17 09:42:50.770000,415.65327935342447,5
2024-09-17 09:42:50.828000,415.6363182571909,1004
2024-09-17 09:42:50.894000,415.6349019493992,1002
2024-09-17 09:42:50.901000,415.6517379078848,96
2024-09-17 09:42:50.963000,415.64428935127074,15
2024-09-17 09:42:51.007000,415.6000867823742,1000
2024-09-17 09:42:51.013000,415.5465108736323,1000
2024-09-17 09:42:51.030000,415.5610159935407,999
2024-09-17 09:42:51.102000,415.619423291109,97
2024-09-17 09:42:51.208000,415.56071859567817,12
2024-09-17 09:42:51.212000,415.5616197084743,9
2024-09-17 09:42:51.237000,415.5407243375929,1002
2024-09-17 09:42:51.318000,415.5837520911494,11
2024-09-17 09:42:51.326000,415.5890694904871,97
2024-09-17 09:42:51.385000,415.5397299794788,1001
2024-09-17 09:42:51.398000,415.5141912459635,14
2024-09-17 09:42:51.454000,415.4974045011902,1005
2024-09-17 09:42:51.525000,415.52757607947103,1001
2024-09-17 09:42:51.593000,415.5452317505676,8
2024-09-17 09:42:51.653000,415.5117993804034,103
2024-09-17 09:42:51.690000,415.5066813408145,14
2024-09-17 09:42:51.720000,415.5695832820709,1004
2024-09-17 09:42:51.747000,415.5726300357922,15
2024-09-17 09:42:51.775000,415.4915290221079,998
2024-09-17 09:42:51.788000,415.4770040612726,1005
2024-09-17 09:42:51.813000,415.4872812085473,6
2024-09-17 09:42:51.866000,415.5859193259829,96
2024-09-17 09:42:51.988000,415.46204098981934,996
2024-09-17 09:42:51.989000,415.4741540597056,11
2024-09-17 09:42:52,415.45759374943736,1001
2024-09-17 09:42:52.040000,415.46040061494506,1002
2024-09-17 09:42:52.134000,415.46016074955065,100
2024-09-17 09:42:52.145000,415.4568261647208,997
2024-09-17 09:42:52.156000,415.4005065806837,100
2024-09-17 09:42:52.316000,415.40924131823385,1000
2024-09-17 09:42:52.340000,415.4647348857025,103
2024-09-17 09:42:52.378000,415.45211281518846,98
2024-09-17 09:42:52.404000,415.4782130767176,1005
2024-09-17 09:42:52.412000,415.4184493931913,1002
2024-09-17 09:42:52.521000,415.4630173945717,104
2024-09-17 09:42:52.569000,415.4629702169495,1004
2024-09-17 09:42:52.581000,415.4604157313559,103
2024-09-17 09:42:52.630000,415.4666390830531,96
2024-09-17 09:42:52.707000,415.4383349186101,6
2024-09-17 09:42:52.713000,415.3810195261652,104
2024-09-17 09:42:52.742000,415.4034075654597,15
2024-09-17 09:42:52.745000,415.4122038429243,7
2024-09-17 09:42:52.748000,415.3954300346187,996
2024-09-17 09:42:52.751000,415.4539418424735,995
2024-09-17 09:42:52.783000,415.4050448863457,7
2024-09-17 09:42:52.808000,415.4530343679865,15
2024-09-17 09:42:52.875000,415.4649937214836,6
2024-09-17 09:42:52.896000,415.4104442875425,103
2024-09-17 09:42:52.914000,415.445606073202,12
2024-09-17 09:42:52.922000,415.445006194156,9
2024-09-17 09:42:52.930000,415.4452253440463,95
2024-09-17 09:42:52.958000,415.39647831828125,104
2024-09-17 09:42:53.010000,415.4373115731177,13
2024-09-17 09:42:53.029000,415.3829480396501,8
2024-09-17 09:42:53.047000,415.3933154111468,1005
2024-09-17 09:42:53.064000,415.3928415171693,100
2024-09-17 09:42:53.145000,415.3881334429232,102
2024-09-17 09:42:53.164000,415.42108334366566,15
2024-09-17 09:42:53.177000,415.42858880765226,14
2024-09-17 09:42:53.184000,415.399103338851,95
2024-09-17 09:42:53.204000,415.3930801825426,997
2024-09-17 09:42:53.275000,415.42951251125584,13
2024-09-17 09:42:53.299000,415.3976147472064,1005
2024-09-17 09:42:53.399000,415.4041458836343,1004
2024-09-17 09:42:53.461000,415.3946784673292,11
2024-09-17 09:42:53.462000,415.3836038888816,6
2024-09-17 09:42:53.497000,415.4389485279343,996
2024-09-17 09:42:53.551000,415.4173747797593,97
2024-09-17 09:42:53.600000,415.4037995226824,102
2024-09-17 09:42:53.635000,415.39979078884016,6
2024-09-17 09:42:53.647000,415.42308904381554,1000
2024-09-17 09:42:53.755000,415.4108255568546,11
2024-09-17 09:42:53.764000,415.4130450180012,995
2024-09-17 09:42:53.795000,415.41582067603,98
2024-09-17 09:42:53.812000,415.41665575522046,95
2024-09-17 09:42:53.844000,415.3960674399708,96
2024-09-17 09:42:53.874000,415.3853001469992,98
2024-09-17 09:42:54.046000,415.34863252572177,5
2024-09-17 09:42:54.161000,415.32430510585743,1001
2024-09-17 09:42:54.258000,415.3491232573709,99
2024-09-17 09:42:54.264000,415.3998797021167,997
2024-09-17 09:42:54.285000,415.3656674408951,996
2024-09-17 09:42:54.293000,415.3482631122201,96
2024-09-17 09:42:54.298000,415.3269920993484,101
2024-09-17 09:42:54.334000,415.3791476579001,14
2024-09-17 09:42:54.335000,415.322560979346,15
2024-09-17 09:42:54.487000,415.417455731322,997
2024-09-17 09:42:54.492000,415.3245337076046,5
2024-09-17 09:42:54.505000,415.3164807240559,999
2024-09-17 09:42:54.514000,415.3524525783336,96
2024-09-17 09:42:54.522000,415.308481364748,1002
2024-09-17 09:42:54.562000,415.3713936906,95
2024-09-17 09:42:54.578000,415.40766513788463,999
2024-09-17 09:42:54.639000,415.4160513073396,7
2024-09-17 09:42:54.643000,415.33355940390487,102
2024-09-17 09:42:54.667000,415.39264407044175,11
2024-09-17 09:42:54.683000,415.3339922381317,1000
2024-09-17 09:42:54.697000,415.33215285094064,997
2024-09-17 09:42:54.725000,415.3378414518813,99
2024-09-17 09:42:54.729000,415.3307342067814,1003
2024-09-17 09:42:54.760000,415.39002716839184,1004
2024-09-17 09:42:54.777000,415.3924282001397,101
2024-09-17 09:42:54.808000,415.3668886493508,8
2024-09-17 09:42:54.886000,415.3708236579113,997
2024-09-17 09:42:55.041000,415.3939205159343,1001
2024-09-17 09:42:55.082000,415.36841024062,103
2024-09-17 09:42:55.082000,415.3687311996261,11
2024-09-17 09:42:55.092000,415.3868021698893,10
2024-09-17 09:42:55.119000,415.40866690404863,1005
2024-09-17 09:42:55.199000,415.3557153382901,102
2024-09-17 09:42:55.218000,415.43105499644656,8
2024-09-17 09:42:55.278000,415.4476717605063,102
2024-09-17 09:42:55.324000,415.4313370288953,7
2024-09-17 09:42:55.324000,415.46086687983205,14
2024-09-17 09:42:55.367000,415.419624040688,96
2024-09-17 09:42:55.395000,415.3642228922163,98
2024-09-17 09:42:55.423000,415.3637952497061,1004
2024-09-17 09:42:55.485000,415.37247376878696,14
2024-09-17 09:42:55.527000,415.43513533184273,12
2024-09-17 09:42:55.576000,415.4273134752548,100
2024-09-17 09:42:55.623000,415.4055121235429,104
2024-09-17 09:42:55.693000,415.3635899173577,1000
2024-09-17 09:42:55.719000,415.3642288494148,997
2024-09-17 09:42:55.724000,415.3773558099616,11
2024-09-17 09:42:55.779000,415.3653539611485,102
2024-09-17 09:42:55.794000,415.3636181379357,99
2024-09-17 09:42:55.816000,415.3728016591968,5
2024-09-17 09:42:55.882000,415.3557205928461,1003
2024-09-17 09:42:55.899000,415.3828080864696,6
2024-09-17 09:42:55.900000,415.4285362086305,996
2024-09-17 09:42:55.900000,415.3650886077128,1000
2024-09-17 09:42:56.010000,415.4489963825314,1002
2024-09-17 09:42:56.069000,415.4159036717575,13
2024-09-17 09:42:56.092000,415.3761504114248,13
2024-09-17 09:42:56.116000,415.4504508363184,1001
2024-09-17 09:42:56.195000,415.4157856124668,14
2024-09-17 09:42:56.201000,415.4160064566733,95
2024-09-17 09:42:56.213000,415.42384860424,6
2024-09-17 09:42:56.248000,415.4528588210686,12
2024-09-17 09:42:56.327000,415.39482784479566,1001
2024-09-17 09:42:56.341000,415.4686908168072,996
2024-09-17 09:42:56.394000,415.4181907984419,996
2024-09-17 09:42:56.397000,415.42574669098536,11
2024-09-17 09:42:56.419000,415.42421406295983,995
2024-09-17 09:42:56.437000,415.4509889622941,98
2024-09-17 09:42:56.459000,415.4544815611828,995
2024-09-17 09:42:56.465000,415.4272196316529,105
2024-09-17 09:42:56.479000,415.43631219163,101
2024-09-17 09:42:56.500000,415.4646348077338,13
2024-09-17 09:42:56.509000,415.45961210056737,7
2024-09-17 09:42:56.516000,415.4827848804037,1003
2024-09-17 09:42:56.559000,415.3866032973984,1005
2024-09-17 09:42:56.668000,415.3858361274274,97
2024-09-17 09:42:56.704000,415.3917707073068,100
2024-09-17 09:42:56.705000,415.432892150792,997
2024-09-17 09:42:56.736000,415.4163162439212,105
2024-09-17 09:42:56.780000,415.37143580687695,1003
2024-09-17 09:42:56.794000,415.371440457547,10
2024-09-17 09:42:56.843000,415.4705290449869,15
2024-09-17 09:42:56.901000,415.4759725015932,15
2024-09-17 09:42:56.933000,415.4211058910069,998
2024-09-17 09:42:57.100000,415.4852307091805,1002
2024-09-17 09:42:57.257000,415.4791810554044,10
2024-09-17 09:42:57.268000,415.4713986633671,96
2024-09-17 09:42:57.417000,415.4788982546773,12
2024-09-17 09:42:57.606000,415.4999222092154,104
2024-09-17 09:42:57.613000,415.4741710632954,995
2024-09-17 09:42:57.634000,415.47778208540615,13
2024-09-17 09:42:57.704000,415.4908548065989,96
2024-09-17 09:42:57.800000,415.4803357057791,996
2024-09-17 09:42:57.845000,415.4775212555155,8
2024-09-17 09:42:57.848000,415.446449922748,97
2024-09-17 09:42:57.896000,415.4613225314055,104
2024-09-17 09:42:57.915000,415.439856482017,101
2024-09-17 09:42:57.922000,415.4531563737704,95
2024-09-17 09:42:57.954000,415.4471963687525,13
2024-09-17 09:42:57.958000,415.495387656204,9
2024-09-17 09:42:57.971000,415.46624137058296,999
2024-09-17 09:42:58.041000,415.4668428382391,104
2024-09-17 09:42:58.047000,415.483083874686,10
2024-09-17 09:42:58.166000,415.465732287479,102
2024-09-17 09:42:58.252000,415.4287073102725,5
2024-09-17 09:42:58.254000,415.4491351368693,104
2024-09-17 09:42:58.655000,415.4760961260868,95
2024-09-17 09:42:58.836000,415.4882037433297,998
2024-09-17 09:42:58.903000,415.4838779947922,10
2024-09-17 09:42:59.006000,415.3758166206918,1004
2024-09-17 09:42:59.210000,415.343651741532,7
2024-09-17 09:42:59.216000,415.414838231093,6
2024-09-17 09:42:59.225000,415.3766721816503,101
2024-09-17 09:42:59.250000,415.4229723695236,104
2024-09-17 09:42:59.258000,415.3960538615237,99
2024-09-17 09:42:59.314000,415.3696974061698,98
2024-09-17 09:42:59.489000,415.3320111824885,99
2024-09-17 09:42:59.565000,415.3634234074346,995
2024-09-17 09:42:59.646000,415.4144024538846,6
2024-09-17 09:42:59.646000,415.3591741088301,11
2024-09-17 09:42:59.719000,415.3609960198687,105
2024-09-17 09:42:59.865000,415.3380274737287,13
2024-09-17 09:42:59.886000,415.3376944886857,105
2024-09-17 09:42:59.900000,415.37095930387807,97
2024-09-17 09:42:59.925000,415.3617833621871,1004
2024-09-17 09:42:59.928000,415.36651389241393,7
2024-09-17 09:42:59.947000,415.4326291832587,9
