Timestamp,Price,Size
2024-09-17 11:47:00.001000,413.9269003024489,104
2024-09-17 11:47:00.031000,413.9208794962651,1000
2024-09-17 11:47:00.046000,413.931771508041,12
2024-09-17 11:47:00.047000,413.91907903735216,1004
2024-09-17 11:47:00.073000,413.95159070797393,102
2024-09-17 11:47:00.090000,413.93965084675807,998
2024-09-17 11:47:00.126000,413.9396285718434,5
2024-09-17 11:47:00.163000,413.9407014933283,995
2024-09-17 11:47:00.307000,413.94316341399895,8
2024-09-17 11:47:00.307000,413.9620909994677,99
2024-09-17 11:47:00.335000,413.94495638174186,13
2024-09-17 11:47:00.341000,413.9347501552097,102
2024-09-17 11:47:00.412000,413.9237981774814,1000
2024-09-17 11:47:00.451000,413.91634500579846,11
2024-09-17 11:47:00.457000,413.9466030805059,96
2024-09-17 11:47:00.481000,413.9180686400999,6
2024-09-17 11:47:00.493000,413.9265005502604,102
2024-09-17 11:47:00.572000,413.9349290349426,1004
2024-09-17 11:47:00.575000,413.95944448598834,103
2024-09-17 11:47:00.632000,413.92269680002295,13
2024-09-17 11:47:00.644000,413.9310182522997,14
2024-09-17 11:47:00.673000,413.93672650976606,5
2024-09-17 11:47:00.681000,413.9578596202224,13
2024-09-17 11:47:00.980000,413.95846208526433,12
2024-09-17 11:47:01.096000,413.9201281048105,1002
2024-09-17 11:47:01.145000,413.9339941761698,103
2024-09-17 11:47:01.200000,413.9408422722864,6
2024-09-17 11:47:01.200000,413.9084230637688,10
2024-09-17 11:47:01.327000,413.9521458104742,1003
2024-09-17 11:47:01.418000,413.94321758376753,5
2024-09-17 11:47:01.419000,413.9226101850754,11
2024-09-17 11:47:01.494000,413.9429767502457,1001
2024-09-17 11:47:01.497000,413.93579717218887,100
2024-09-17 11:47:01.524000,413.8989300930885,104
2024-09-17 11:47:01.622000,413.89626153206046,102
2024-09-17 11:47:01.640000,413.9368933708055,105
2024-09-17 11:47:01.743000,413.9403070326711,1001
2024-09-17 11:47:01.750000,413.956296106024,102
2024-09-17 11:47:01.850000,413.8983743982348,998
2024-09-17 11:47:02.055000,413.92672785893495,103
2024-09-17 11:47:02.255000,413.9254479552933,101
2024-09-17 11:47:02.350000,413.934798529922,6
2024-09-17 11:47:02.786000,413.922003457876,998
2024-09-17 11:47:02.836000,413.96122712942486,100
2024-09-17 11:47:02.863000,413.9298161732859,97
2024-09-17 11:47:03.042000,413.94658586600974,10
2024-09-17 11:47:03.054000,413.9706191202097,97
2024-09-17 11:47:03.130000,413.9627941440582,98
2024-09-17 11:47:03.206000,413.9861766335582,998
2024-09-17 11:47:03.245000,413.9486752951253,103
2024-09-17 11:47:03.326000,413.970889191218,103
2024-09-17 11:47:03.413000,413.9729280373184,5
2024-09-17 11:47:03.446000,413.9791287484961,98
2024-09-17 11:47:03.516000,413.9473093643305,97
2024-09-17 11:47:03.596000,413.9430103693609,1003
2024-09-17 11:47:03.613000,413.9890370603946,996
2024-09-17 11:47:03.640000,414.0411576019221,95
2024-09-17 11:47:03.644000,413.9553148504269,1000
2024-09-17 11:47:03.659000,413.95883059883937,997
2024-09-17 11:47:03.671000,414.0057803943021,14
2024-09-17 11:47:03.687000,413.9466879084604,101
2024-09-17 11:47:03.710000,414.0377443217888,15
2024-09-17 11:47:03.860000,414.0392662793322,96
2024-09-17 11:47:03.879000,414.0292149200783,96
2024-09-17 11:47:03.898000,413.98247355426525,999
2024-09-17 11:47:03.929000,413.99946552657485,1002
2024-09-17 11:47:03.997000,413.9782222220561,98
2024-09-17 11:47:04.036000,413.9943064224747,97
2024-09-17 11:47:04.080000,413.9965444272099,15
2024-09-17 11:47:04.148000,413.9960113744824,1000
2024-09-17 11:47:04.152000,413.9891912815464,102
2024-09-17 11:47:04.193000,414.0198910318264,1003
2024-09-17 11:47:04.330000,414.0192991465276,1000
2024-09-17 11:47:04.338000,414.0061396742983,998
2024-09-17 11:47:04.450000,414.0275486948149,104
2024-09-17 11:47:04.457000,414.002104156977,996
2024-09-17 11:47:04.506000,414.0077163509995,997
2024-09-17 11:47:04.516000,413.99084096035153,96
2024-09-17 11:47:04.529000,413.9863982354954,1004
2024-09-17 11:47:04.529000,414.0056678367296,103
2024-09-17 11:47:04.533000,413.9892595136895,1002
2024-09-17 11:47:04.533000,413.9899140723952,998
2024-09-17 11:47:04.575000,413.9924052005255,6
2024-09-17 11:47:04.578000,413.9892948380953,101
2024-09-17 11:47:04.603000,413.9846222180816,105
2024-09-17 11:47:04.630000,413.9913760093691,1005
2024-09-17 11:47:04.691000,414.0265940318112,997
2024-09-17 11:47:04.809000,413.99981549083697,1005
2024-09-17 11:47:04.942000,413.9791556801176,101
2024-09-17 11:47:05.364000,414.0477826625452,999
2024-09-17 11:47:05.400000,414.0116671751081,1000
2024-09-17 11:47:05.595000,414.0445217857297,12
2024-09-17 11:47:05.939000,414.0390181451658,10
2024-09-17 11:47:06.011000,413.98399885749626,1004
2024-09-17 11:47:06.121000,413.9937881351522,102
2024-09-17 11:47:06.128000,414.0164471317103,9
2024-09-17 11:47:06.137000,414.0040723226122,98
2024-09-17 11:47:06.206000,413.9784185220976,11
2024-09-17 11:47:06.214000,413.9909452236635,997
2024-09-17 11:47:06.242000,413.9831802157788,1004
2024-09-17 11:47:06.247000,414.0187810092913,1003
2024-09-17 11:47:06.253000,414.0097634471758,103
2024-09-17 11:47:06.289000,413.97009809076576,1005
2024-09-17 11:47:06.290000,413.9829109205888,9
2024-09-17 11:47:06.320000,414.0148742802506,15
2024-09-17 11:47:06.530000,414.0244223936587,14
2024-09-17 11:47:06.636000,413.9897360396368,14
2024-09-17 11:47:06.666000,413.9832198808704,995
2024-09-17 11:47:06.672000,413.9932622914176,1003
2024-09-17 11:47:06.676000,414.00259525101154,5
2024-09-17 11:47:06.681000,414.0047902818348,1005
2024-09-17 11:47:06.696000,414.0133403240157,95
2024-09-17 11:47:06.712000,413.9978880183489,996
2024-09-17 11:47:06.811000,413.9841404848573,999
2024-09-17 11:47:06.817000,414.00110540785926,995
2024-09-17 11:47:06.818000,414.0073689408847,102
2024-09-17 11:47:06.918000,413.9954387338806,100
2024-09-17 11:47:07.026000,413.98280122382977,104
2024-09-17 11:47:07.039000,413.9593159005572,5
2024-09-17 11:47:07.039000,414.01806210862605,100
2024-09-17 11:47:07.055000,413.9737534432396,1003
2024-09-17 11:47:07.056000,413.9694730834845,1002
2024-09-17 11:47:07.058000,413.9838393441459,5
2024-09-17 11:47:07.074000,413.9516783902542,10
2024-09-17 11:47:07.169000,414.01386603483655,995
2024-09-17 11:47:07.206000,414.00322770410463,1004
2024-09-17 11:47:07.229000,414.00482395130143,105
2024-09-17 11:47:07.347000,413.9682244867985,1002
2024-09-17 11:47:07.396000,413.9809741222743,101
2024-09-17 11:47:07.423000,413.9598164781861,104
2024-09-17 11:47:07.565000,413.9706030547059,7
2024-09-17 11:47:07.670000,414.0172632316266,102
2024-09-17 11:47:07.853000,413.9748091007348,104
2024-09-17 11:47:07.898000,413.9658545019129,996
2024-09-17 11:47:07.914000,414.0188430402058,10
2024-09-17 11:47:07.917000,413.93580690891264,13
2024-09-17 11:47:07.936000,414.01936668089456,11
2024-09-17 11:47:07.982000,413.9844031122928,996
2024-09-17 11:47:07.993000,413.9835407133189,1004
2024-09-17 11:47:08.212000,413.9338317834331,1004
2024-09-17 11:47:08.380000,413.95488520512384,7
2024-09-17 11:47:08.471000,413.9273946374461,8
2024-09-17 11:47:08.554000,413.95047429960266,997
2024-09-17 11:47:08.707000,413.958732857959,1001
2024-09-17 11:47:08.998000,413.9517551183944,995
2024-09-17 11:47:09.006000,413.9317873732055,99
2024-09-17 11:47:09.178000,413.9669866410821,105
2024-09-17 11:47:09.202000,413.9277315829745,998
2024-09-17 11:47:09.228000,413.9321073070556,95
2024-09-17 11:47:09.252000,413.90416752840025,96
2024-09-17 11:47:09.296000,413.93507440542334,13
2024-09-17 11:47:09.315000,413.92082338950433,8
2024-09-17 11:47:09.328000,413.908625825907,1002
2024-09-17 11:47:09.367000,413.9055421614983,15
2024-09-17 11:47:09.408000,413.9283030112381,98
2024-09-17 11:47:09.412000,413.9231543229553,8
2024-09-17 11:47:09.447000,413.94090674423416,1003
2024-09-17 11:47:09.469000,413.92214644263566,5
2024-09-17 11:47:09.487000,413.9602654444049,11
2024-09-17 11:47:09.499000,413.9216107372404,1004
2024-09-17 11:47:09.511000,413.8972596364589,105
2024-09-17 11:47:09.514000,413.91690332552014,7
2024-09-17 11:47:09.531000,413.89291147099794,12
2024-09-17 11:47:09.544000,413.9139167717841,1002
2024-09-17 11:47:09.558000,413.9397042042278,14
2024-09-17 11:47:09.615000,413.8957146951421,15
2024-09-17 11:47:09.635000,413.9330462796802,1003
2024-09-17 11:47:09.649000,413.940019798168,98
2024-09-17 11:47:09.848000,413.917333225,5
2024-09-17 11:47:09.947000,413.946055897018,1005
2024-09-17 11:47:10.014000,414.00064136914136,13
2024-09-17 11:47:10.045000,413.9209151638886,95
2024-09-17 11:47:10.069000,413.99204333310007,999
2024-09-17 11:47:10.070000,414.0536387694966,105
2024-09-17 11:47:10.071000,413.9651869752293,998
2024-09-17 11:47:10.200000,413.9755356956365,12
2024-09-17 11:47:10.241000,413.9906677171662,104
2024-09-17 11:47:10.248000,413.9086376508708,13
2024-09-17 11:47:10.285000,413.9741387984705,15
2024-09-17 11:47:10.314000,413.9518739199759,995
2024-09-17 11:47:10.327000,414.04494868157474,13
2024-09-17 11:47:10.399000,413.9638847123848,1000
2024-09-17 11:47:10.402000,414.0654526668191,997
2024-09-17 11:47:10.421000,414.04184148335,998
2024-09-17 11:47:10.455000,414.0213725201298,7
2024-09-17 11:47:10.500000,414.0412884272987,7
2024-09-17 11:47:10.529000,413.9325821459459,15
2024-09-17 11:47:10.573000,414.0525779411003,105
2024-09-17 11:47:10.585000,413.91924245025126,1005
2024-09-17 11:47:10.654000,414.02806356147687,101
2024-09-17 11:47:10.661000,414.0396346800067,96
2024-09-17 11:47:10.694000,413.9489005545412,1005
2024-09-17 11:47:10.715000,414.0268343810049,1000
2024-09-17 11:47:10.719000,413.9657694026925,12
2024-09-17 11:47:10.871000,413.96843389132505,996
2024-09-17 11:47:10.872000,414.0233213999721,6
2024-09-17 11:47:10.898000,413.9398522110661,8
2024-09-17 11:47:10.902000,414.0371018601524,9
2024-09-17 11:47:10.913000,414.06794630025473,8
2024-09-17 11:47:11.087000,414.0323490917769,6
2024-09-17 11:47:11.139000,414.0305915965772,10
2024-09-17 11:47:11.187000,414.0295378021891,8
2024-09-17 11:47:11.250000,414.01870311716056,9
2024-09-17 11:47:11.294000,414.01831781585946,9
2024-09-17 11:47:11.411000,414.0023984355232,996
2024-09-17 11:47:11.477000,414.0070397785899,12
2024-09-17 11:47:11.478000,414.04726275220696,999
2024-09-17 11:47:11.594000,414.031922594902,100
2024-09-17 11:47:11.635000,414.0373922712565,997
2024-09-17 11:47:11.654000,414.00884814561454,997
2024-09-17 11:47:11.776000,414.0223001658937,15
2024-09-17 11:47:11.787000,414.0374211455695,101
2024-09-17 11:47:11.829000,414.0301524414356,5
2024-09-17 11:47:11.841000,414.0144692744244,997
2024-09-17 11:47:11.855000,414.04718982789217,97
2024-09-17 11:47:11.887000,414.0155967114299,996
2024-09-17 11:47:11.917000,414.02231045387896,13
2024-09-17 11:47:12.131000,414.02312885234346,100
2024-09-17 11:47:12.241000,414.007645421173,96
2024-09-17 11:47:12.243000,414.03324055798777,103
2024-09-17 11:47:12.340000,414.01892176069856,11
2024-09-17 11:47:12.345000,414.0118189012256,15
2024-09-17 11:47:12.357000,414.01191869889374,102
2024-09-17 11:47:12.546000,414.00679420832654,99
2024-09-17 11:47:12.617000,413.99376250371967,102
2024-09-17 11:47:12.636000,414.0357288178475,1000
2024-09-17 11:47:12.662000,414.00406033482574,101
2024-09-17 11:47:12.798000,414.0124784706878,10
2024-09-17 11:47:12.827000,414.0140520894689,10
2024-09-17 11:47:12.847000,414.0185734363175,102
2024-09-17 11:47:12.909000,414.012913407246,5
2024-09-17 11:47:12.924000,413.9977903261996,8
2024-09-17 11:47:12.935000,413.9980804071533,1005
2024-09-17 11:47:13.260000,414.0492041530944,10
2024-09-17 11:47:13.319000,414.0413337649973,996
2024-09-17 11:47:13.342000,414.0433433970884,99
2024-09-17 11:47:13.489000,414.0178170679633,103
2024-09-17 11:47:13.518000,414.0433068193736,1000
2024-09-17 11:47:13.542000,414.02330949364097,996
2024-09-17 11:47:13.612000,414.0473197219119,96
2024-09-17 11:47:13.618000,414.0305761224748,995
2024-09-17 11:47:13.659000,414.00727500378287,1003
2024-09-17 11:47:13.700000,414.0162159727199,96
2024-09-17 11:47:13.708000,414.0533116845048,997
2024-09-17 11:47:13.732000,414.073325029321,996
2024-09-17 11:47:13.866000,414.00931207865307,6
2024-09-17 11:47:13.896000,414.0580707986111,14
2024-09-17 11:47:13.965000,414.0205587195418,998
2024-09-17 11:47:14.055000,414.1176740213917,13
2024-09-17 11:47:14.177000,414.14348027317766,97
2024-09-17 11:47:14.198000,414.1224757422819,1000
2024-09-17 11:47:14.260000,414.1050410862762,7
2024-09-17 11:47:14.270000,414.07230396288514,6
2024-09-17 11:47:14.272000,414.0795397042829,12
2024-09-17 11:47:14.281000,414.1010964322376,10
2024-09-17 11:47:14.382000,414.1128373326102,999
2024-09-17 11:47:14.438000,414.0882440264015,96
2024-09-17 11:47:14.454000,414.0670646303863,1002
2024-09-17 11:47:14.477000,414.089592765319,12
2024-09-17 11:47:14.479000,414.0669767184825,97
2024-09-17 11:47:14.495000,414.0534345259489,97
2024-09-17 11:47:14.507000,414.1168666858389,100
2024-09-17 11:47:14.531000,414.1073303050726,12
2024-09-17 11:47:14.598000,414.1467594101168,9
2024-09-17 11:47:14.688000,414.06666231467534,100
2024-09-17 11:47:14.705000,414.0758519768985,14
2024-09-17 11:47:14.722000,414.0536385361319,998
2024-09-17 11:47:14.735000,414.113479392058,97
2024-09-17 11:47:14.790000,414.0456781160907,103
2024-09-17 11:47:14.874000,414.1293003057452,13
2024-09-17 11:47:14.900000,414.1519015671087,96
2024-09-17 11:47:14.952000,414.067843043145,15
2024-09-17 11:47:14.977000,414.10166877360473,100
2024-09-17 11:47:14.978000,414.1115172750902,998
2024-09-17 11:47:14.985000,414.09117740345073,995
2024-09-17 11:47:15.011000,414.0907288398119,8
2024-09-17 11:47:15.076000,414.1076886679886,97
2024-09-17 11:47:15.077000,414.0968123003905,10
2024-09-17 11:47:15.331000,414.115974792795,99
2024-09-17 11:47:15.370000,414.10748706652953,5
2024-09-17 11:47:15.372000,414.10787248781816,103
2024-09-17 11:47:15.402000,414.065415239208,1000
2024-09-17 11:47:15.461000,414.0940518839109,1001
2024-09-17 11:47:15.462000,414.0916035471817,104
2024-09-17 11:47:15.468000,414.09086679220167,7
2024-09-17 11:47:15.481000,414.1007937963139,98
2024-09-17 11:47:15.484000,414.11023252356455,9
2024-09-17 11:47:15.525000,414.0872866399957,98
2024-09-17 11:47:15.543000,414.08750777299207,13
2024-09-17 11:47:15.563000,414.1082658623709,1001
2024-09-17 11:47:15.631000,414.1440231193058,997
2024-09-17 11:47:15.645000,414.1558001677169,1000
2024-09-17 11:47:15.666000,414.089704756189,8
2024-09-17 11:47:15.702000,414.0748146226933,1005
2024-09-17 11:47:15.736000,414.1071663603438,1002
2024-09-17 11:47:15.760000,414.1050225679837,103
2024-09-17 11:47:15.768000,414.1592774955394,15
2024-09-17 11:47:15.796000,414.109896355473,1001
2024-09-17 11:47:15.822000,414.1109454795728,8
2024-09-17 11:47:15.864000,414.1358479278194,6
2024-09-17 11:47:15.866000,414.08477874318623,102
2024-09-17 11:47:15.935000,414.0891816042528,14
2024-09-17 11:47:15.940000,414.1092919330946,12
2024-09-17 11:47:15.976000,414.10541632502526,102
2024-09-17 11:47:16.196000,414.0909603350114,1001
2024-09-17 11:47:16.232000,414.11852748068566,99
2024-09-17 11:47:16.270000,414.1262657102056,1004
2024-09-17 11:47:16.397000,414.1002505217781,1001
2024-09-17 11:47:16.465000,414.0453507769925,95
2024-09-17 11:47:16.468000,414.0506773909392,100
2024-09-17 11:47:16.573000,414.0802101100813,96
2024-09-17 11:47:16.588000,414.0911442901376,1000
2024-09-17 11:47:16.594000,414.0989166828295,99
2024-09-17 11:47:16.602000,414.0756007437713,12
2024-09-17 11:47:16.661000,414.0731857699416,99
2024-09-17 11:47:16.695000,414.0932057710096,15
2024-09-17 11:47:16.727000,414.119744560053,1001
2024-09-17 11:47:16.799000,414.1211040262595,104
2024-09-17 11:47:16.823000,414.1071177675303,1005
2024-09-17 11:47:16.835000,414.0305183284401,15
2024-09-17 11:47:16.849000,414.0928440952079,1002
2024-09-17 11:47:16.896000,414.1231495040504,97
2024-09-17 11:47:16.902000,414.1097776243389,100
2024-09-17 11:47:17.056000,414.0382693879523,1000
2024-09-17 11:47:17.085000,414.1258276358621,102
2024-09-17 11:47:17.111000,414.064880343826,6
2024-09-17 11:47:17.130000,414.0251165657917,1004
2024-09-17 11:47:17.227000,414.07146074107527,104
2024-09-17 11:47:17.235000,414.0945661781437,10
2024-09-17 11:47:17.397000,414.1057974830405,104
2024-09-17 11:47:17.428000,414.0437303402484,104
2024-09-17 11:47:17.599000,414.1014843626684,97
2024-09-17 11:47:17.611000,414.1027079190751,5
2024-09-17 11:47:17.626000,414.1012727792601,103
2024-09-17 11:47:17.656000,414.1323097231475,95
2024-09-17 11:47:17.742000,414.08389776370313,996
2024-09-17 11:47:17.768000,414.0564498058308,9
2024-09-17 11:47:17.772000,414.1030910859181,13
2024-09-17 11:47:17.801000,414.1222377084546,96
2024-09-17 11:47:17.814000,414.13931795381865,998
2024-09-17 11:47:17.823000,414.1031647801738,1001
2024-09-17 11:47:17.848000,414.1147701324126,6
2024-09-17 11:47:17.936000,414.0360022047705,96
2024-09-17 11:47:18.008000,414.0385326924154,103
2024-09-17 11:47:18.035000,414.08176428823,6
2024-09-17 11:47:18.069000,414.0876123173777,997
2024-09-17 11:47:18.090000,414.0486295311983,998
2024-09-17 11:47:18.111000,414.0853549057816,100
2024-09-17 11:47:18.122000,414.0656273618168,995
2024-09-17 11:47:18.241000,414.07931775801205,8
2024-09-17 11:47:18.264000,414.0859818066126,1003
2024-09-17 11:47:18.351000,414.0981279412218,997
2024-09-17 11:47:18.384000,414.07544308905966,99
2024-09-17 11:47:18.405000,414.0743373200525,999
2024-09-17 11:47:18.422000,414.0621522942607,998
2024-09-17 11:47:18.563000,414.071281814586,95
2024-09-17 11:47:18.625000,414.0976014628818,997
2024-09-17 11:47:18.670000,414.0785274000664,6
2024-09-17 11:47:18.673000,414.0802534302493,8
2024-09-17 11:47:18.711000,414.0802620945004,99
2024-09-17 11:47:18.734000,414.0825580524845,9
2024-09-17 11:47:18.852000,414.0733474842181,104
2024-09-17 11:47:18.900000,414.0721450508285,101
2024-09-17 11:47:19.034000,414.0226124805996,997
2024-09-17 11:47:19.037000,414.0199106687253,12
2024-09-17 11:47:19.075000,413.9977965367929,102
2024-09-17 11:47:19.085000,414.0535962839726,10
2024-09-17 11:47:19.169000,414.0275565819058,13
2024-09-17 11:47:19.223000,414.0447744860956,105
2024-09-17 11:47:19.403000,414.0501957911404,102
2024-09-17 11:47:19.428000,414.0437185775014,97
2024-09-17 11:47:19.441000,413.9900662180328,8
2024-09-17 11:47:19.469000,414.0560600824986,12
2024-09-17 11:47:19.470000,414.0265139309036,1004
2024-09-17 11:47:19.562000,413.9802362113637,98
2024-09-17 11:47:19.567000,414.0442399849268,1005
2024-09-17 11:47:19.579000,414.0464423055515,100
2024-09-17 11:47:19.595000,414.02637565801,998
2024-09-17 11:47:19.600000,414.0212025076058,5
2024-09-17 11:47:19.675000,414.0582976076984,12
2024-09-17 11:47:19.679000,414.0105130079235,1002
2024-09-17 11:47:19.720000,414.0398616838461,7
2024-09-17 11:47:19.809000,414.05188211689085,1002
2024-09-17 11:47:19.841000,414.0332998063935,9
2024-09-17 11:47:19.856000,414.0365962365675,997
2024-09-17 11:47:19.917000,414.0661496899552,995
2024-09-17 11:47:19.940000,414.0583317072596,998
2024-09-17 11:47:19.989000,414.0134726059843,996
2024-09-17 11:47:20.009000,413.9586506479817,999
2024-09-17 11:47:20.022000,413.9831206887889,14
2024-09-17 11:47:20.149000,413.9376583152464,98
2024-09-17 11:47:20.154000,413.9494098947604,997
2024-09-17 11:47:20.169000,413.94618550373656,98
2024-09-17 11:47:20.238000,413.9565696220328,13
2024-09-17 11:47:20.242000,413.9706477953844,97
2024-09-17 11:47:20.268000,413.93505491788136,15
2024-09-17 11:47:20.409000,413.9758572460634,9
2024-09-17 11:47:20.449000,413.9787832804551,1002
2024-09-17 11:47:20.523000,413.95866425184494,15
2024-09-17 11:47:20.542000,413.96560213362665,99
2024-09-17 11:47:20.588000,413.9595713423199,1004
2024-09-17 11:47:20.597000,413.9263668947361,101
2024-09-17 11:47:20.617000,413.95860573722223,998
2024-09-17 11:47:20.982000,413.9854932359238,105
2024-09-17 11:47:20.986000,413.98057414003017,103
2024-09-17 11:47:21.033000,414.0210064119644,99
2024-09-17 11:47:21.050000,414.01938542472647,1000
2024-09-17 11:47:21.083000,413.9916242887328,103
2024-09-17 11:47:21.087000,414.0137961225459,101
2024-09-17 11:47:21.147000,413.9962439043202,15
2024-09-17 11:47:21.217000,414.034007775724,995
2024-09-17 11:47:21.257000,413.9842386072603,1002
2024-09-17 11:47:21.268000,414.00450004930224,102
2024-09-17 11:47:21.280000,414.0416946255327,12
2024-09-17 11:47:21.322000,414.0108351151198,15
2024-09-17 11:47:21.341000,413.9975796629225,1005
2024-09-17 11:47:21.365000,413.9834524730391,97
2024-09-17 11:47:21.371000,414.0055742705158,14
2024-09-17 11:47:21.455000,414.023924734976,999
2024-09-17 11:47:21.494000,414.01353882793234,96
2024-09-17 11:47:21.588000,414.0126653435898,1001
2024-09-17 11:47:21.598000,414.0260907169582,1004
2024-09-17 11:47:21.613000,414.0223892782424,102
2024-09-17 11:47:21.613000,414.0058179373144,996
2024-09-17 11:47:21.688000,413.989734434428,995
2024-09-17 11:47:21.696000,414.0432739040149,9
2024-09-17 11:47:21.705000,414.0213604766623,15
2024-09-17 11:47:21.769000,414.0317322857025,96
2024-09-17 11:47:21.934000,414.0255772480424,101
2024-09-17 11:47:22.037000,413.8508917894938,1002
2024-09-17 11:47:22.159000,413.8935322842479,5
2024-09-17 11:47:22.235000,413.8548885700205,7
2024-09-17 11:47:22.261000,413.928412249418,9
2024-09-17 11:47:22.501000,413.88630926268,98
2024-09-17 11:47:22.551000,413.9747957867444,101
2024-09-17 11:47:22.612000,413.8748879241319,95
2024-09-17 11:47:22.612000,413.86454809155055,102
2024-09-17 11:47:22.735000,413.864721274766,998
2024-09-17 11:47:22.784000,413.8692023685073,997
2024-09-17 11:47:22.815000,413.8718656713793,100
2024-09-17 11:47:22.818000,413.8428061115188,101
2024-09-17 11:47:22.821000,413.9515263769105,101
2024-09-17 11:47:22.919000,413.84218831633297,10
2024-09-17 11:47:22.970000,413.8396778991584,13
2024-09-17 11:47:22.979000,413.8456469848071,6
2024-09-17 11:47:22.979000,413.8606475532852,1004
2024-09-17 11:47:23.014000,413.8635819246005,104
2024-09-17 11:47:23.046000,413.8793533566869,11
2024-09-17 11:47:23.087000,413.8753976014497,97
2024-09-17 11:47:23.125000,413.83842767293993,98
2024-09-17 11:47:23.169000,413.7953124709832,97
2024-09-17 11:47:23.183000,413.7881735168948,99
2024-09-17 11:47:23.186000,413.8622370465808,1005
2024-09-17 11:47:23.230000,413.79062593617226,102
2024-09-17 11:47:23.235000,413.8434697161848,98
2024-09-17 11:47:23.245000,413.8395698224417,1005
2024-09-17 11:47:23.282000,413.7985828697472,13
2024-09-17 11:47:23.362000,413.7974114348504,998
2024-09-17 11:47:23.380000,413.782942262161,11
2024-09-17 11:47:23.407000,413.8346431491804,14
2024-09-17 11:47:23.453000,413.8628859934673,101
2024-09-17 11:47:23.468000,413.8603433983305,99
2024-09-17 11:47:23.470000,413.8401019505597,999
2024-09-17 11:47:23.540000,413.7909053971391,96
2024-09-17 11:47:23.570000,413.7811358661312,99
2024-09-17 11:47:23.571000,413.83374360839525,1004
2024-09-17 11:47:23.579000,413.8704945437596,14
2024-09-17 11:47:23.613000,413.8598231011489,102
2024-09-17 11:47:23.642000,413.8507838162876,99
2024-09-17 11:47:23.698000,413.8413903362216,997
2024-09-17 11:47:23.749000,413.8188164535077,13
2024-09-17 11:47:23.939000,413.8535615262624,1003
2024-09-17 11:47:23.961000,413.831316807935,998
2024-09-17 11:47:23.992000,413.8412545307897,1002
2024-09-17 11:47:24.095000,413.7428533584151,95
2024-09-17 11:47:24.109000,413.7436016851625,1003
2024-09-17 11:47:24.131000,413.7763226740209,13
2024-09-17 11:47:24.135000,413.7852163146699,1003
2024-09-17 11:47:24.147000,413.7565664571456,98
2024-09-17 11:47:24.407000,413.809278339068,1005
2024-09-17 11:47:24.426000,413.7900479138168,105
2024-09-17 11:47:24.439000,413.783805153039,7
2024-09-17 11:47:24.485000,413.7905742710206,8
2024-09-17 11:47:24.503000,413.766400357982,95
2024-09-17 11:47:24.512000,413.754904067381,103
2024-09-17 11:47:24.714000,413.78988255284463,11
2024-09-17 11:47:24.764000,413.7896149412983,104
2024-09-17 11:47:24.816000,413.7484632658622,999
2024-09-17 11:47:24.897000,413.74679609849153,998
2024-09-17 11:47:24.958000,413.7579956398592,97
2024-09-17 11:47:24.993000,413.7974770338905,10
2024-09-17 11:47:25.116000,413.7376599610781,995
2024-09-17 11:47:25.142000,413.7298608864585,10
2024-09-17 11:47:25.214000,413.7384253759385,101
2024-09-17 11:47:25.254000,413.7230014892147,996
2024-09-17 11:47:25.255000,413.7052678862139,8
2024-09-17 11:47:25.260000,413.7075077965098,6
2024-09-17 11:47:25.278000,413.69040411449095,103
2024-09-17 11:47:25.285000,413.6729540097259,103
2024-09-17 11:47:25.313000,413.7185439482131,12
2024-09-17 11:47:25.326000,413.71535054975385,102
2024-09-17 11:47:25.395000,413.726620589936,101
2024-09-17 11:47:25.411000,413.7658719609645,96
2024-09-17 11:47:25.435000,413.7306221101856,1001
2024-09-17 11:47:25.592000,413.7398200462652,6
2024-09-17 11:47:25.638000,413.7595973676269,14
2024-09-17 11:47:25.677000,413.76555541571497,1003
2024-09-17 11:47:25.718000,413.7039847521729,97
2024-09-17 11:47:25.737000,413.69413361678056,6
2024-09-17 11:47:25.754000,413.7449150414593,1002
2024-09-17 11:47:25.770000,413.77149039156967,96
2024-09-17 11:47:25.795000,413.74249546483424,102
2024-09-17 11:47:25.798000,413.6838102828033,12
2024-09-17 11:47:25.807000,413.73670254523495,1000
2024-09-17 11:47:25.854000,413.68281603122927,15
2024-09-17 11:47:25.923000,413.76044638127695,97
2024-09-17 11:47:25.986000,413.6956393479834,101
2024-09-17 11:47:25.987000,413.7201399007333,999
2024-09-17 11:47:26.372000,413.7405412169829,1004
2024-09-17 11:47:26.499000,413.7437979413551,97
2024-09-17 11:47:26.579000,413.7644973656861,12
2024-09-17 11:47:27.040000,413.81362500788777,8
2024-09-17 11:47:27.139000,413.774324422366,997
2024-09-17 11:47:27.158000,413.8222477285574,997
2024-09-17 11:47:27.169000,413.8697681281628,105
2024-09-17 11:47:27.187000,413.8144965092821,5
2024-09-17 11:47:27.242000,413.77692077642,1002
2024-09-17 11:47:27.258000,413.7575661886007,98
2024-09-17 11:47:27.340000,413.8533043334984,8
2024-09-17 11:47:27.423000,413.84846712450593,1005
2024-09-17 11:47:27.541000,413.7550302555192,102
2024-09-17 11:47:27.568000,413.8591290534816,1002
2024-09-17 11:47:27.590000,413.8574580287996,995
2024-09-17 11:47:27.609000,413.8573508014279,98
2024-09-17 11:47:27.655000,413.8261042741235,11
2024-09-17 11:47:27.771000,413.86237572575504,14
2024-09-17 11:47:27.780000,413.8402931123224,95
2024-09-17 11:47:27.791000,413.7880359057094,10
2024-09-17 11:47:27.800000,413.7827747762574,996
2024-09-17 11:47:27.813000,413.7815875079669,104
2024-09-17 11:47:27.837000,413.7978611325484,103
2024-09-17 11:47:27.859000,413.7981748125525,95
2024-09-17 11:47:27.935000,413.83696277692167,100
2024-09-17 11:47:27.952000,413.7700022833668,15
2024-09-17 11:47:29.025000,413.8228400986949,1001
2024-09-17 11:47:29.044000,413.8682778840706,95
2024-09-17 11:47:29.073000,413.7925373127679,1002
2024-09-17 11:47:29.123000,413.79316476160034,14
2024-09-17 11:47:29.154000,413.7990910077704,104
2024-09-17 11:47:29.155000,413.7985507070405,9
2024-09-17 11:47:29.199000,413.8186790281002,1003
2024-09-17 11:47:29.258000,413.790720425493,995
2024-09-17 11:47:29.286000,413.8184131146175,100
2024-09-17 11:47:29.326000,413.8333940194989,999
2024-09-17 11:47:29.364000,413.8161587661501,104
2024-09-17 11:47:29.400000,413.8376591183878,104
2024-09-17 11:47:29.409000,413.81304694981065,15
2024-09-17 11:47:29.414000,413.8415543152872,95
2024-09-17 11:47:29.427000,413.86607048781184,97
2024-09-17 11:47:29.497000,413.8495324070061,7
2024-09-17 11:47:29.540000,413.8185736885037,105
2024-09-17 11:47:29.616000,413.8673490537151,1001
2024-09-17 11:47:29.628000,413.7838660704404,97
2024-09-17 11:47:29.670000,413.8530838239657,95
2024-09-17 11:47:29.728000,413.8198208890325,103
2024-09-17 11:47:29.778000,413.81930756119215,14
2024-09-17 11:47:29.927000,413.83857966674793,8
2024-09-17 11:47:29.940000,413.79741153260994,1003
2024-09-17 11:47:29.960000,413.8083406563427,99
2024-09-17 11:47:29.988000,413.8469066991317,11
2024-09-17 11:47:30.293000,413.7700740295423,1000
2024-09-17 11:47:30.511000,413.7612622190547,6
2024-09-17 11:47:30.842000,413.76412104125376,105
2024-09-17 11:47:31.103000,413.7817850634585,104
2024-09-17 11:47:31.372000,413.7613441575843,14
2024-09-17 11:47:31.875000,413.7544379089978,11
2024-09-17 11:47:32.027000,413.819643103591,8
2024-09-17 11:47:32.129000,413.8093356610423,998
2024-09-17 11:47:32.352000,413.8181988096008,101
2024-09-17 11:47:32.448000,413.7836555866065,12
2024-09-17 11:47:32.469000,413.7703862377995,13
2024-09-17 11:47:32.589000,413.7983627259249,98
2024-09-17 11:47:32.752000,413.80724782463466,12
2024-09-17 11:47:32.942000,413.794102126477,8
2024-09-17 11:47:33.304000,413.8258212474496,1000
2024-09-17 11:47:33.373000,413.80596406057913,101
2024-09-17 11:47:33.613000,413.81326602918233,11
2024-09-17 11:47:33.663000,413.8041003183239,15
2024-09-17 11:47:33.723000,413.8100477429305,999
2024-09-17 11:47:33.765000,413.8181292857219,995
2024-09-17 11:47:33.919000,413.8159553684384,12
2024-09-17 11:47:34.511000,413.78289115267154,14
2024-09-17 11:47:35.018000,413.7629492964579,1001
2024-09-17 11:47:35.020000,413.7665104194212,7
2024-09-17 11:47:35.058000,413.8218647885736,6
2024-09-17 11:47:35.072000,413.7869974130488,97
2024-09-17 11:47:35.129000,413.7600256685519,1004
2024-09-17 11:47:35.209000,413.82372690351167,998
2024-09-17 11:47:35.247000,413.8184836211289,12
2024-09-17 11:47:35.261000,413.831886938676,1003
2024-09-17 11:47:35.305000,413.7789244732549,102
2024-09-17 11:47:35.499000,413.7658015035768,1000
2024-09-17 11:47:35.566000,413.7721741273349,10
2024-09-17 11:47:35.635000,413.84042313666254,5
2024-09-17 11:47:35.649000,413.7795154801567,996
2024-09-17 11:47:35.690000,413.84714448649606,14
2024-09-17 11:47:35.704000,413.7782576695972,10
2024-09-17 11:47:35.721000,413.8224946029179,12
2024-09-17 11:47:35.727000,413.8634453537297,15
2024-09-17 11:47:35.768000,413.7888271732306,98
2024-09-17 11:47:35.781000,413.7852363110895,99
2024-09-17 11:47:35.845000,413.8443056399875,1002
2024-09-17 11:47:35.859000,413.8621294400566,1002
2024-09-17 11:47:35.866000,413.7770084816115,10
2024-09-17 11:47:35.902000,413.7471214057724,99
2024-09-17 11:47:35.908000,413.763873743191,14
2024-09-17 11:47:35.951000,413.7811892078428,96
2024-09-17 11:47:35.969000,413.75418321208736,999
2024-09-17 11:47:35.985000,413.7621149795997,1005
2024-09-17 11:47:36.173000,413.8977310460701,8
2024-09-17 11:47:36.184000,413.8672709995252,1001
2024-09-17 11:47:36.231000,413.897068049029,101
2024-09-17 11:47:36.342000,413.8682022776636,1002
2024-09-17 11:47:36.397000,413.8789900920509,996
2024-09-17 11:47:36.440000,413.8686917966951,11
2024-09-17 11:47:36.440000,413.8666197466885,13
2024-09-17 11:47:36.449000,413.86138351767454,95
2024-09-17 11:47:36.473000,413.85081626060185,105
2024-09-17 11:47:36.478000,413.8658809007943,9
2024-09-17 11:47:36.530000,413.8655683630837,15
2024-09-17 11:47:36.578000,413.8631059868521,103
2024-09-17 11:47:36.669000,413.8597182042332,995
2024-09-17 11:47:36.700000,413.86085207706617,100
2024-09-17 11:47:36.800000,413.85015788002346,104
2024-09-17 11:47:36.811000,413.8842420040618,102
2024-09-17 11:47:36.849000,413.8399099424056,98
2024-09-17 11:47:36.892000,413.8697233632433,1003
2024-09-17 11:47:36.932000,413.8707393480136,5
2024-09-17 11:47:36.934000,413.8471180692189,1004
2024-09-17 11:47:36.944000,413.84924453146994,104
2024-09-17 11:47:36.975000,413.8617971774803,997
2024-09-17 11:47:37.149000,413.9364871862973,997
2024-09-17 11:47:37.151000,413.8979465232966,5
2024-09-17 11:47:37.223000,413.9226255832581,997
2024-09-17 11:47:37.530000,413.9274360725773,1000
2024-09-17 11:47:37.891000,413.91019831835774,103
2024-09-17 11:47:38.039000,413.9469885451069,13
2024-09-17 11:47:38.093000,413.9225864751783,98
2024-09-17 11:47:38.148000,413.9405406286952,996
2024-09-17 11:47:38.164000,413.94120788841263,98
2024-09-17 11:47:38.204000,413.96320899807546,999
2024-09-17 11:47:38.249000,413.9293669768255,999
2024-09-17 11:47:38.286000,413.942711807034,1002
2024-09-17 11:47:38.327000,413.947825030028,12
2024-09-17 11:47:38.364000,413.96087082020944,14
2024-09-17 11:47:38.366000,413.9423662118789,1005
2024-09-17 11:47:38.385000,413.9815902796815,12
2024-09-17 11:47:38.435000,413.9342605789278,999
2024-09-17 11:47:38.462000,413.9373423517696,1003
2024-09-17 11:47:38.519000,413.9410483934013,1000
2024-09-17 11:47:38.624000,413.9349843843663,6
2024-09-17 11:47:38.633000,413.94632175026805,104
2024-09-17 11:47:38.663000,413.9420014643863,1004
2024-09-17 11:47:38.864000,413.9385619147472,5
2024-09-17 11:47:38.895000,413.9708413164481,997
2024-09-17 11:47:38.918000,413.9131303691778,13
2024-09-17 11:47:38.966000,413.9178808683809,8
2024-09-17 11:47:39.029000,413.9268979350557,14
2024-09-17 11:47:39.176000,413.9815096640708,1002
2024-09-17 11:47:39.191000,413.9994350624256,1005
2024-09-17 11:47:39.229000,413.9420863647769,997
2024-09-17 11:47:39.384000,413.927204878974,8
2024-09-17 11:47:39.408000,413.9765772611964,105
2024-09-17 11:47:39.578000,413.98291858971487,1004
2024-09-17 11:47:39.671000,413.929327297277,8
2024-09-17 11:47:39.734000,413.9727457256193,12
2024-09-17 11:47:40.142000,413.9769370248358,996
2024-09-17 11:47:40.422000,413.9732895585588,997
2024-09-17 11:47:40.761000,413.9936229540294,1002
2024-09-17 11:47:41.004000,414.0890331434088,998
2024-09-17 11:47:41.015000,414.0970512315855,95
2024-09-17 11:47:41.066000,414.0939457593914,5
2024-09-17 11:47:41.066000,414.0479537942349,8
2024-09-17 11:47:41.067000,414.01510524828825,8
2024-09-17 11:47:41.112000,414.0626332283728,12
2024-09-17 11:47:41.151000,413.9905799888435,102
2024-09-17 11:47:41.167000,414.0818163974262,99
2024-09-17 11:47:41.171000,414.09335944529386,103
2024-09-17 11:47:41.233000,414.05618332917874,13
2024-09-17 11:47:41.241000,414.0828563664496,97
2024-09-17 11:47:41.249000,414.0950501022553,1003
2024-09-17 11:47:41.294000,414.0422599842991,999
2024-09-17 11:47:41.357000,414.0110646745852,10
2024-09-17 11:47:41.423000,414.0261812009417,996
2024-09-17 11:47:41.485000,414.0704365898905,998
2024-09-17 11:47:41.485000,414.0613869135675,1004
2024-09-17 11:47:41.503000,414.017793208086,1005
2024-09-17 11:47:41.514000,414.0323646947808,11
2024-09-17 11:47:41.553000,414.0298383828028,102
2024-09-17 11:47:41.553000,414.0529929977798,13
2024-09-17 11:47:41.563000,414.0320467903851,14
2024-09-17 11:47:41.608000,414.0192452219231,103
2024-09-17 11:47:41.691000,414.0584802408218,10
2024-09-17 11:47:41.694000,414.0710900339442,100
2024-09-17 11:47:41.815000,414.0463452189399,99
2024-09-17 11:47:41.837000,414.0413982750784,1004
2024-09-17 11:47:41.890000,414.0348258890448,12
2024-09-17 11:47:41.893000,414.0832380401362,102
2024-09-17 11:47:42.206000,414.1116778533807,15
2024-09-17 11:47:42.431000,414.07106682119104,105
2024-09-17 11:47:42.514000,414.1085273028251,103
2024-09-17 11:47:42.532000,414.1322113329898,96
2024-09-17 11:47:42.685000,414.0741288047796,14
2024-09-17 11:47:42.691000,414.06413840149656,997
2024-09-17 11:47:42.693000,414.0914181809751,11
2024-09-17 11:47:42.706000,414.0945851355767,96
2024-09-17 11:47:42.733000,414.0837544219857,97
2024-09-17 11:47:42.739000,414.10413525625256,999
2024-09-17 11:47:42.757000,414.0799163291268,7
2024-09-17 11:47:42.761000,414.1252412395023,998
2024-09-17 11:47:42.902000,414.0808140631143,11
2024-09-17 11:47:43.004000,414.08254417366055,99
2024-09-17 11:47:43.070000,414.0408452789695,1002
2024-09-17 11:47:43.086000,414.0511148145632,97
2024-09-17 11:47:43.122000,414.0812901713076,995
2024-09-17 11:47:43.132000,414.0464876047449,105
2024-09-17 11:47:43.184000,414.0401954162094,10
2024-09-17 11:47:43.284000,414.0788130546847,97
2024-09-17 11:47:43.290000,414.0382685606993,1000
2024-09-17 11:47:43.294000,414.0840354189789,10
2024-09-17 11:47:43.385000,414.0816610863637,104
2024-09-17 11:47:43.412000,414.0335711964909,103
2024-09-17 11:47:43.445000,414.0663932492583,98
2024-09-17 11:47:43.472000,414.01719949266726,95
2024-09-17 11:47:43.587000,414.0274665126731,11
2024-09-17 11:47:43.623000,414.0809110465924,12
2024-09-17 11:47:43.717000,414.0783194601199,98
2024-09-17 11:47:43.735000,414.086036008302,98
2024-09-17 11:47:43.902000,414.0662394227934,1002
2024-09-17 11:47:43.910000,414.04402531973005,1000
2024-09-17 11:47:43.966000,414.0502745597398,101
2024-09-17 11:47:44.070000,414.0563945189641,10
2024-09-17 11:47:44.113000,414.0413838538401,1003
2024-09-17 11:47:44.152000,414.0135440334657,100
2024-09-17 11:47:44.246000,414.0546155617772,1001
2024-09-17 11:47:44.266000,414.00689843074935,8
2024-09-17 11:47:44.275000,414.0416025500875,995
2024-09-17 11:47:44.296000,414.02386267366376,95
2024-09-17 11:47:44.368000,414.02688708562937,14
2024-09-17 11:47:44.410000,414.0357292354748,105
2024-09-17 11:47:44.412000,414.032788355187,101
2024-09-17 11:47:44.443000,414.03216564966783,1003
2024-09-17 11:47:44.459000,414.0108046492657,998
2024-09-17 11:47:44.470000,414.0298086701498,100
2024-09-17 11:47:44.534000,414.0140871652154,99
2024-09-17 11:47:44.590000,414.0265564004383,11
2024-09-17 11:47:44.603000,414.0222768615648,104
2024-09-17 11:47:44.709000,414.0112236187173,103
2024-09-17 11:47:44.773000,414.0160589694331,7
2024-09-17 11:47:44.819000,414.055965086916,1001
2024-09-17 11:47:44.832000,414.00901648507954,14
2024-09-17 11:47:44.845000,414.0157289184894,997
2024-09-17 11:47:45.026000,413.9931606086285,7
2024-09-17 11:47:45.147000,413.9541621916683,11
2024-09-17 11:47:45.208000,413.98562884339145,10
2024-09-17 11:47:45.291000,413.9626848903292,7
2024-09-17 11:47:45.578000,413.9687959248972,1004
2024-09-17 11:47:45.839000,413.94371462146216,11
2024-09-17 11:47:45.964000,413.97617339756624,102
2024-09-17 11:47:47.039000,413.98713417828327,98
2024-09-17 11:47:47.055000,413.98376283625566,96
2024-09-17 11:47:47.091000,414.0120946547905,105
2024-09-17 11:47:47.123000,414.0587307004544,999
2024-09-17 11:47:47.187000,414.0027326549268,996
2024-09-17 11:47:47.219000,413.9879348293389,96
2024-09-17 11:47:47.254000,413.99512995073616,8
2024-09-17 11:47:47.296000,414.000146470033,103
2024-09-17 11:47:47.386000,414.0367910412808,995
2024-09-17 11:47:47.392000,413.9951396712599,103
2024-09-17 11:47:47.482000,414.011401108365,96
2024-09-17 11:47:47.485000,414.0142063434511,12
2024-09-17 11:47:47.555000,413.9890872890588,100
2024-09-17 11:47:47.632000,414.0176890841644,9
2024-09-17 11:47:47.638000,413.97487153659534,5
2024-09-17 11:47:47.681000,414.01045521759977,100
2024-09-17 11:47:47.691000,413.98993575901824,1005
2024-09-17 11:47:47.706000,414.0013721574889,8
2024-09-17 11:47:47.792000,413.9918940173228,13
2024-09-17 11:47:47.806000,414.06087143721305,97
2024-09-17 11:47:47.830000,414.0295146114807,5
2024-09-17 11:47:47.903000,414.01663290167096,11
2024-09-17 11:47:47.923000,414.0559384927866,1004
2024-09-17 11:47:47.931000,413.9880521829624,96
2024-09-17 11:47:47.950000,414.0128457512986,1001
2024-09-17 11:47:47.981000,414.0167003814056,97
2024-09-17 11:47:48.018000,414.0353261271258,97
2024-09-17 11:47:48.020000,414.0078303369612,995
2024-09-17 11:47:48.031000,414.0291289109821,97
2024-09-17 11:47:48.067000,414.0206244576922,100
2024-09-17 11:47:48.091000,414.01484899354807,12
2024-09-17 11:47:48.115000,414.0135078218556,8
2024-09-17 11:47:48.286000,414.005998070537,103
2024-09-17 11:47:48.297000,414.0506275337679,996
2024-09-17 11:47:48.329000,414.04063955966166,7
2024-09-17 11:47:48.362000,414.0000185457215,105
2024-09-17 11:47:48.401000,413.9924703579421,1004
2024-09-17 11:47:48.429000,414.0086742736556,1003
2024-09-17 11:47:48.515000,414.05177312435296,13
2024-09-17 11:47:48.654000,414.00037458283873,8
2024-09-17 11:47:48.662000,413.9946085106348,7
2024-09-17 11:47:48.758000,413.9873796590642,5
2024-09-17 11:47:48.758000,413.9986667947522,15
2024-09-17 11:47:48.835000,414.0334330500881,995
2024-09-17 11:47:48.838000,413.989958915917,10
2024-09-17 11:47:48.848000,413.993026361252,1004
2024-09-17 11:47:48.865000,414.0047799583213,995
2024-09-17 11:47:48.870000,414.0290871959276,103
2024-09-17 11:47:48.899000,414.01096899088486,9
2024-09-17 11:47:49.163000,414.0969241326901,96
2024-09-17 11:47:49.227000,414.1368159453467,103
2024-09-17 11:47:49.265000,414.1154203040388,5
2024-09-17 11:47:49.338000,414.09097059138026,104
2024-09-17 11:47:49.365000,414.1212685256879,101
2024-09-17 11:47:49.379000,414.0486087560455,98
2024-09-17 11:47:49.405000,414.1120891940936,997
2024-09-17 11:47:49.488000,414.12280034189655,8
2024-09-17 11:47:49.540000,414.119329365922,1002
2024-09-17 11:47:49.564000,414.1008684374666,8
2024-09-17 11:47:49.656000,414.1131111864202,99
2024-09-17 11:47:49.663000,414.1047022072605,998
2024-09-17 11:47:49.706000,414.0858906432945,1002
2024-09-17 11:47:49.714000,414.10721227797774,10
2024-09-17 11:47:49.728000,414.10259743631536,999
2024-09-17 11:47:49.731000,414.1133587264381,1002
2024-09-17 11:47:49.770000,414.1083646837647,103
2024-09-17 11:47:49.771000,414.1086838703653,102
2024-09-17 11:47:49.776000,414.1205307458209,97
2024-09-17 11:47:49.789000,414.0391338895001,105
2024-09-17 11:47:49.830000,414.1104032566489,7
2024-09-17 11:47:49.844000,414.0984704621239,97
2024-09-17 11:47:49.876000,414.0826733421461,15
2024-09-17 11:47:49.879000,414.1105289873155,997
2024-09-17 11:47:49.951000,414.10547955578033,996
2024-09-17 11:47:51.174000,414.0945029763196,5
2024-09-17 11:47:51.252000,414.11786924368926,95
2024-09-17 11:47:51.955000,414.1341653841406,12
2024-09-17 11:47:52.321000,414.1313641019245,12
2024-09-17 11:47:52.420000,414.1485290517781,105
2024-09-17 11:47:52.444000,414.1400580962344,5
2024-09-17 11:47:52.529000,414.12159825242975,1004
2024-09-17 11:47:52.573000,414.1357000179564,14
2024-09-17 11:47:52.650000,414.1430970673503,995
2024-09-17 11:47:52.696000,414.1332925665848,1000
2024-09-17 11:47:52.754000,414.11058560806,97
2024-09-17 11:47:52.770000,414.1308059941017,5
2024-09-17 11:47:52.808000,414.1244353483852,14
2024-09-17 11:47:52.899000,414.1324748824734,12
2024-09-17 11:47:53.380000,414.1267055502442,99
2024-09-17 11:47:53.589000,414.1496598274019,103
2024-09-17 11:47:53.612000,414.1352551422607,97
2024-09-17 11:47:53.926000,414.1406696059544,12
2024-09-17 11:47:54.429000,414.1473239784435,12
2024-09-17 11:47:54.532000,414.1258622275073,9
2024-09-17 11:47:54.563000,414.1574697864196,100
2024-09-17 11:47:54.656000,414.1424379936333,102
2024-09-17 11:47:54.684000,414.1317532300156,97
2024-09-17 11:47:54.718000,414.1384172557956,97
2024-09-17 11:47:54.940000,414.1340485609544,998
2024-09-17 11:47:54.997000,414.1244629662455,10
2024-09-17 11:47:55.018000,414.15283778219225,11
2024-09-17 11:47:55.134000,414.1811316408938,13
2024-09-17 11:47:55.145000,414.1778451578393,1001
2024-09-17 11:47:55.164000,414.2022712837388,8
2024-09-17 11:47:55.198000,414.1715652858256,101
2024-09-17 11:47:55.212000,414.1875774802268,105
2024-09-17 11:47:55.251000,414.17670160160753,98
2024-09-17 11:47:55.255000,414.14625619326864,6
2024-09-17 11:47:55.298000,414.1730395986592,96
2024-09-17 11:47:55.300000,414.1748198139844,13
2024-09-17 11:47:55.315000,414.2001889663253,97
2024-09-17 11:47:55.316000,414.1655209386689,95
2024-09-17 11:47:55.352000,414.224998971621,996
2024-09-17 11:47:55.357000,414.1854452446475,1004
2024-09-17 11:47:55.363000,414.18224771238965,5
2024-09-17 11:47:55.481000,414.1703734332556,95
2024-09-17 11:47:55.506000,414.207038216026,9
2024-09-17 11:47:55.529000,414.1794791819317,8
2024-09-17 11:47:55.568000,414.1757945636378,102
2024-09-17 11:47:55.706000,414.16214296898727,105
2024-09-17 11:47:55.787000,414.1465738870039,14
2024-09-17 11:47:55.804000,414.16165378217937,9
2024-09-17 11:47:55.826000,414.21706503723067,9
2024-09-17 11:47:55.829000,414.1663076626916,1000
2024-09-17 11:47:55.831000,414.2193556918048,99
2024-09-17 11:47:55.861000,414.1826262384518,1005
2024-09-17 11:47:55.933000,414.2009243193239,998
2024-09-17 11:47:55.936000,414.2101852870933,7
2024-09-17 11:47:55.998000,414.1523403295755,12
2024-09-17 11:47:56.082000,414.2598586476736,15
2024-09-17 11:47:56.151000,414.30059672131966,1004
2024-09-17 11:47:56.156000,414.2366588005886,95
2024-09-17 11:47:56.178000,414.2494312875215,14
2024-09-17 11:47:56.338000,414.2853217564981,102
2024-09-17 11:47:56.345000,414.2983929982877,1004
2024-09-17 11:47:56.352000,414.2884696996503,10
2024-09-17 11:47:56.356000,414.2934542643997,1003
2024-09-17 11:47:56.413000,414.260991792627,99
2024-09-17 11:47:56.553000,414.2530806853952,11
2024-09-17 11:47:56.575000,414.2472848633634,999
2024-09-17 11:47:56.602000,414.2565445594588,14
2024-09-17 11:47:56.647000,414.30742993204376,99
2024-09-17 11:47:56.765000,414.241433896461,95
2024-09-17 11:47:56.789000,414.27702298826136,1003
2024-09-17 11:47:56.804000,414.24923233814974,996
2024-09-17 11:47:56.805000,414.2903590247734,1000
2024-09-17 11:47:56.827000,414.278847369155,100
2024-09-17 11:47:56.835000,414.27429644308233,1005
2024-09-17 11:47:56.961000,414.3008541385069,1003
2024-09-17 11:47:57.166000,414.321003812219,9
2024-09-17 11:47:57.264000,414.3104555781166,96
2024-09-17 11:47:57.509000,414.334104361826,95
2024-09-17 11:47:58.007000,414.3732626408149,13
2024-09-17 11:47:58.126000,414.3549933357325,1000
2024-09-17 11:47:58.127000,414.29694173507295,11
2024-09-17 11:47:58.174000,414.3073711806989,103
2024-09-17 11:47:58.215000,414.3580610560262,95
2024-09-17 11:47:58.294000,414.28523949255,13
2024-09-17 11:47:58.486000,414.36331050857615,1002
2024-09-17 11:47:58.506000,414.28852162001687,12
2024-09-17 11:47:58.748000,414.350033562212,15
2024-09-17 11:47:58.810000,414.2838716104495,11
2024-09-17 11:47:58.818000,414.32798301022905,10
2024-09-17 11:47:58.833000,414.352466158365,1000
2024-09-17 11:47:58.919000,414.3766722908569,6
2024-09-17 11:47:58.921000,414.305742649145,97
2024-09-17 11:47:58.973000,414.3568501487799,100
2024-09-17 11:47:59.854000,414.37250351950536,998
