Timestamp,Price,Size
2024-09-16 10:16:00.039000,418.65098748345576,103
2024-09-16 10:16:00.044000,418.668066592478,9
2024-09-16 10:16:00.057000,418.67814237227753,5
2024-09-16 10:16:00.132000,418.6773208902974,100
2024-09-16 10:16:00.149000,418.681944836696,99
2024-09-16 10:16:00.222000,418.6645548378034,1000
2024-09-16 10:16:00.246000,418.6791923614899,99
2024-09-16 10:16:00.304000,418.6733356946704,998
2024-09-16 10:16:00.322000,418.7009624150273,6
2024-09-16 10:16:00.333000,418.6883192863807,101
2024-09-16 10:16:00.377000,418.6696876084305,98
2024-09-16 10:16:00.396000,418.6905220342648,10
2024-09-16 10:16:00.458000,418.6885168438717,998
2024-09-16 10:16:00.475000,418.6609765005077,8
2024-09-16 10:16:00.485000,418.66445322459657,98
2024-09-16 10:16:00.499000,418.67896758207183,97
2024-09-16 10:16:00.559000,418.6639094285616,1002
2024-09-16 10:16:00.581000,418.6709258325838,98
2024-09-16 10:16:00.645000,418.68534725613904,96
2024-09-16 10:16:00.714000,418.70132546245895,997
2024-09-16 10:16:00.754000,418.6796256898588,1005
2024-09-16 10:16:00.788000,418.6904868477486,95
2024-09-16 10:16:00.790000,418.66834584060166,11
2024-09-16 10:16:00.799000,418.69825693058914,14
2024-09-16 10:16:00.869000,418.6651472506032,1000
2024-09-16 10:16:00.884000,418.6831336948423,1004
2024-09-16 10:16:00.934000,418.6702520453406,9
2024-09-16 10:16:00.955000,418.6930986600444,97
2024-09-16 10:16:01.545000,418.6714610289754,104
2024-09-16 10:16:02.021000,418.7085795311765,103
2024-09-16 10:16:02.194000,418.6822221148219,995
2024-09-16 10:16:02.195000,418.6780477014613,96
2024-09-16 10:16:02.198000,418.7158607850768,1001
2024-09-16 10:16:02.229000,418.6917183915983,1003
2024-09-16 10:16:02.231000,418.688383415452,1004
2024-09-16 10:16:02.251000,418.5789666141824,995
2024-09-16 10:16:02.351000,418.7096441484117,999
2024-09-16 10:16:02.365000,418.5753479959024,995
2024-09-16 10:16:02.381000,418.6397095091797,12
2024-09-16 10:16:02.440000,418.5718110014967,101
2024-09-16 10:16:02.449000,418.56718447140616,11
2024-09-16 10:16:02.485000,418.6773678489125,103
2024-09-16 10:16:02.508000,418.6596247872243,14
2024-09-16 10:16:02.512000,418.7139525162252,1005
2024-09-16 10:16:02.535000,418.55316301798257,1003
2024-09-16 10:16:02.561000,418.5417494381225,102
2024-09-16 10:16:02.638000,418.6507974917154,6
2024-09-16 10:16:02.709000,418.5829498516057,15
2024-09-16 10:16:02.720000,418.6429241783368,995
2024-09-16 10:16:02.726000,418.60405554064965,1000
2024-09-16 10:16:02.732000,418.5916807603785,13
2024-09-16 10:16:02.738000,418.6363939034105,1002
2024-09-16 10:16:02.758000,418.57318147489934,1002
2024-09-16 10:16:03.003000,418.4767915051723,105
2024-09-16 10:16:03.065000,418.5323451546739,9
2024-09-16 10:16:03.085000,418.49425690262046,101
2024-09-16 10:16:03.184000,418.5088920039945,99
2024-09-16 10:16:03.341000,418.490364208844,6
2024-09-16 10:16:03.364000,418.482448205068,995
2024-09-16 10:16:03.388000,418.5143329245702,995
2024-09-16 10:16:03.395000,418.51924762426586,10
2024-09-16 10:16:03.521000,418.53192664244864,101
2024-09-16 10:16:03.533000,418.5161649048804,12
2024-09-16 10:16:03.577000,418.4770901569071,996
2024-09-16 10:16:03.590000,418.5276231051682,5
2024-09-16 10:16:03.633000,418.51881847284,105
2024-09-16 10:16:03.716000,418.53849120819865,1003
2024-09-16 10:16:03.732000,418.50851387936535,9
2024-09-16 10:16:03.752000,418.49743212215554,1002
2024-09-16 10:16:03.902000,418.4921577461225,6
2024-09-16 10:16:04.021000,418.52441597850014,99
2024-09-16 10:16:04.021000,418.5288993769455,999
2024-09-16 10:16:04.032000,418.5944244409896,995
2024-09-16 10:16:04.077000,418.6232022165668,100
2024-09-16 10:16:04.087000,418.5259088856759,9
2024-09-16 10:16:04.088000,418.5409162471937,1004
2024-09-16 10:16:04.201000,418.5195369332232,6
2024-09-16 10:16:04.234000,418.60010083550856,5
2024-09-16 10:16:04.440000,418.5946766710341,99
2024-09-16 10:16:04.490000,418.6259271142633,1001
2024-09-16 10:16:04.512000,418.5445649244787,998
2024-09-16 10:16:04.526000,418.5527696194376,101
2024-09-16 10:16:04.533000,418.5374631299737,100
2024-09-16 10:16:04.538000,418.5364937793358,997
2024-09-16 10:16:04.545000,418.61926853656286,5
2024-09-16 10:16:04.573000,418.5219522259539,997
2024-09-16 10:16:04.641000,418.53511894585137,6
2024-09-16 10:16:04.664000,418.6028215857768,1000
2024-09-16 10:16:04.670000,418.54341121320704,14
2024-09-16 10:16:04.680000,418.52456457432487,13
2024-09-16 10:16:04.684000,418.5496646654659,9
2024-09-16 10:16:04.780000,418.5862587973577,996
2024-09-16 10:16:04.786000,418.4990124271672,996
2024-09-16 10:16:04.788000,418.5516759303175,8
2024-09-16 10:16:04.793000,418.5287719891979,100
2024-09-16 10:16:04.904000,418.5318887199792,96
2024-09-16 10:16:04.964000,418.5367265994623,101
2024-09-16 10:16:05.018000,418.6173967600922,1001
2024-09-16 10:16:05.068000,418.6495478333157,1002
2024-09-16 10:16:05.084000,418.6193841857413,5
2024-09-16 10:16:05.109000,418.6113815620172,999
2024-09-16 10:16:05.141000,418.57758622598215,15
2024-09-16 10:16:05.217000,418.630047907088,96
2024-09-16 10:16:05.223000,418.6449136704546,6
2024-09-16 10:16:05.225000,418.5856108307928,99
2024-09-16 10:16:05.368000,418.59570748660906,12
2024-09-16 10:16:05.409000,418.64601286791975,101
2024-09-16 10:16:05.462000,418.6044387135384,1005
2024-09-16 10:16:05.604000,418.6410002313808,102
2024-09-16 10:16:05.605000,418.60064669692514,1001
2024-09-16 10:16:05.629000,418.62662585286427,103
2024-09-16 10:16:05.646000,418.6032875821399,102
2024-09-16 10:16:05.666000,418.6601140674229,102
2024-09-16 10:16:05.696000,418.6250241157611,996
2024-09-16 10:16:05.777000,418.6407244355263,99
2024-09-16 10:16:05.789000,418.6072560708388,11
2024-09-16 10:16:05.802000,418.5966921554035,1004
2024-09-16 10:16:05.854000,418.5817643601909,995
2024-09-16 10:16:05.957000,418.6352005107656,14
2024-09-16 10:16:05.969000,418.61904816220544,999
2024-09-16 10:16:06.045000,418.6042731426144,11
2024-09-16 10:16:06.047000,418.62810459441386,995
2024-09-16 10:16:06.086000,418.5916254247903,9
2024-09-16 10:16:06.349000,418.6027172301688,7
2024-09-16 10:16:06.507000,418.648410714812,9
2024-09-16 10:16:06.621000,418.5852095947795,104
2024-09-16 10:16:07.002000,418.5860589671299,100
2024-09-16 10:16:07.028000,418.6026329523632,996
2024-09-16 10:16:07.035000,418.54442935263336,999
2024-09-16 10:16:07.142000,418.5903350237234,9
2024-09-16 10:16:07.210000,418.50590800005256,1005
2024-09-16 10:16:07.238000,418.59782729222655,999
2024-09-16 10:16:07.243000,418.5048877451537,96
2024-09-16 10:16:07.281000,418.5961500250215,11
2024-09-16 10:16:07.281000,418.55201654809656,1002
2024-09-16 10:16:07.284000,418.5066959056711,1005
2024-09-16 10:16:07.358000,418.4907897757761,997
2024-09-16 10:16:07.388000,418.5957607292517,96
2024-09-16 10:16:07.475000,418.4859716083704,1004
2024-09-16 10:16:07.506000,418.5473999601545,104
2024-09-16 10:16:07.515000,418.5497599874696,97
2024-09-16 10:16:07.533000,418.50139413508754,99
2024-09-16 10:16:07.585000,418.5927322400761,14
2024-09-16 10:16:07.601000,418.5687089731133,98
2024-09-16 10:16:07.616000,418.5812284125603,1000
2024-09-16 10:16:07.701000,418.5150770905731,15
2024-09-16 10:16:07.713000,418.6021595335205,95
2024-09-16 10:16:07.753000,418.5275666394477,998
2024-09-16 10:16:07.757000,418.6121895877948,999
2024-09-16 10:16:07.813000,418.4921300244744,103
2024-09-16 10:16:07.836000,418.5882549437105,995
2024-09-16 10:16:07.857000,418.5359673698194,14
2024-09-16 10:16:07.913000,418.6019429752754,1004
2024-09-16 10:16:07.934000,418.5276474162909,10
2024-09-16 10:16:07.960000,418.4944441875768,12
2024-09-16 10:16:07.960000,418.59657863101137,105
2024-09-16 10:16:08.123000,418.5175812186444,6
2024-09-16 10:16:08.128000,418.5117613915335,11
2024-09-16 10:16:08.134000,418.5361734378116,11
2024-09-16 10:16:08.138000,418.4572850727354,14
2024-09-16 10:16:08.233000,418.4859042622578,995
2024-09-16 10:16:08.254000,418.4966891735824,95
2024-09-16 10:16:08.311000,418.51307600707423,1000
2024-09-16 10:16:08.389000,418.4811524509829,5
2024-09-16 10:16:08.417000,418.53266238560434,99
2024-09-16 10:16:08.426000,418.5019667633104,12
2024-09-16 10:16:08.482000,418.4539782466088,12
2024-09-16 10:16:08.510000,418.5312975814695,96
2024-09-16 10:16:08.576000,418.4762916450663,97
2024-09-16 10:16:08.587000,418.5245514436135,96
2024-09-16 10:16:08.616000,418.5235312386284,11
2024-09-16 10:16:08.630000,418.4866430144753,97
2024-09-16 10:16:08.670000,418.5214029117087,101
2024-09-16 10:16:08.693000,418.496338266141,1004
2024-09-16 10:16:08.763000,418.4895363638761,96
2024-09-16 10:16:08.768000,418.466818095662,8
2024-09-16 10:16:08.809000,418.50363320715184,9
2024-09-16 10:16:08.860000,418.5100955342722,96
2024-09-16 10:16:08.902000,418.4830190045079,1001
2024-09-16 10:16:09.003000,418.5665726598527,5
2024-09-16 10:16:09.036000,418.54381698587446,1005
2024-09-16 10:16:09.113000,418.5399925352683,13
2024-09-16 10:16:09.284000,418.5298354876939,1003
2024-09-16 10:16:09.356000,418.5254237252156,10
2024-09-16 10:16:09.493000,418.55099059080095,11
2024-09-16 10:16:09.638000,418.6012441711569,105
2024-09-16 10:16:09.674000,418.5427814272397,999
2024-09-16 10:16:09.708000,418.5545319680626,15
2024-09-16 10:16:09.710000,418.5812492120418,100
2024-09-16 10:16:09.757000,418.5925477663591,999
2024-09-16 10:16:09.989000,418.55341242836647,1005
2024-09-16 10:16:10.141000,418.5550662612442,104
2024-09-16 10:16:10.176000,418.5787635287164,1003
2024-09-16 10:16:10.444000,418.586097255165,1001
2024-09-16 10:16:10.467000,418.571399230952,14
2024-09-16 10:16:10.626000,418.5957812643237,998
2024-09-16 10:16:10.646000,418.58853741145214,5
2024-09-16 10:16:10.700000,418.5552949615776,99
2024-09-16 10:16:10.859000,418.56401040885066,1000
2024-09-16 10:16:10.970000,418.5929474651251,95
2024-09-16 10:16:11.030000,418.5613183972882,13
2024-09-16 10:16:11.087000,418.6054898720419,999
2024-09-16 10:16:11.090000,418.5934077921857,104
2024-09-16 10:16:11.115000,418.5421269636327,14
2024-09-16 10:16:11.129000,418.58422509340375,999
2024-09-16 10:16:11.170000,418.5936257843112,97
2024-09-16 10:16:11.252000,418.6006823259888,101
2024-09-16 10:16:11.453000,418.5719244813766,1002
2024-09-16 10:16:11.501000,418.5271366733938,100
2024-09-16 10:16:11.527000,418.5450583945986,11
2024-09-16 10:16:11.562000,418.5166369482426,1002
2024-09-16 10:16:11.663000,418.51319992966376,997
2024-09-16 10:16:11.688000,418.5625689267417,97
2024-09-16 10:16:11.690000,418.5947410222932,96
2024-09-16 10:16:11.762000,418.576696435075,13
2024-09-16 10:16:11.778000,418.5645933026517,1001
2024-09-16 10:16:11.967000,418.583706361096,998
2024-09-16 10:16:12.010000,418.5136564762038,1005
2024-09-16 10:16:12.060000,418.48438261187727,6
2024-09-16 10:16:12.162000,418.48149008443664,6
2024-09-16 10:16:12.168000,418.5361206610541,98
2024-09-16 10:16:12.210000,418.4948529478942,999
2024-09-16 10:16:12.227000,418.5271913778724,105
2024-09-16 10:16:12.333000,418.4802113824717,101
2024-09-16 10:16:12.414000,418.52810460722526,102
2024-09-16 10:16:12.428000,418.5193154220202,98
2024-09-16 10:16:12.462000,418.4879839955675,96
2024-09-16 10:16:12.465000,418.4943271670601,999
2024-09-16 10:16:12.519000,418.48505406002016,6
2024-09-16 10:16:12.652000,418.4819593006119,7
2024-09-16 10:16:12.694000,418.4598504594013,14
2024-09-16 10:16:12.710000,418.5184902012475,1004
2024-09-16 10:16:12.732000,418.5475039219337,99
2024-09-16 10:16:12.761000,418.4878112702602,14
2024-09-16 10:16:12.779000,418.48636947968,5
2024-09-16 10:16:12.855000,418.47943541039615,995
2024-09-16 10:16:12.933000,418.4796730188493,10
2024-09-16 10:16:13.019000,418.4869009536505,1002
2024-09-16 10:16:13.066000,418.5347061165948,12
2024-09-16 10:16:13.317000,418.4683886140457,999
2024-09-16 10:16:13.381000,418.5388016571046,10
2024-09-16 10:16:13.565000,418.50496807907535,9
2024-09-16 10:16:13.702000,418.5412756737705,103
2024-09-16 10:16:13.732000,418.4769413546956,15
2024-09-16 10:16:13.862000,418.5214440700133,95
2024-09-16 10:16:13.865000,418.5175548442279,11
2024-09-16 10:16:13.871000,418.5455829807031,14
2024-09-16 10:16:13.994000,418.5117609798933,995
2024-09-16 10:16:14.582000,418.543919164749,104
2024-09-16 10:16:14.629000,418.56066113465454,8
2024-09-16 10:16:14.631000,418.54368752602267,996
2024-09-16 10:16:14.700000,418.55174800695335,9
2024-09-16 10:16:14.776000,418.5654149413691,997
2024-09-16 10:16:15.050000,418.5142373941029,6
2024-09-16 10:16:15.084000,418.5249187921368,100
2024-09-16 10:16:15.175000,418.5449071896875,996
2024-09-16 10:16:15.186000,418.523982465599,13
2024-09-16 10:16:15.198000,418.5336987649637,997
2024-09-16 10:16:15.216000,418.5459702578233,5
2024-09-16 10:16:15.305000,418.54138919985,12
2024-09-16 10:16:15.333000,418.5445822099081,6
2024-09-16 10:16:15.449000,418.4936435538059,98
2024-09-16 10:16:15.528000,418.5598336204661,995
2024-09-16 10:16:15.580000,418.5241297209066,996
2024-09-16 10:16:15.599000,418.5336358059839,95
2024-09-16 10:16:15.612000,418.532726963915,999
2024-09-16 10:16:15.641000,418.5329881996216,11
2024-09-16 10:16:15.696000,418.5102191102124,103
2024-09-16 10:16:15.718000,418.5165275682892,998
2024-09-16 10:16:15.819000,418.5362160105273,11
2024-09-16 10:16:15.910000,418.5277719089589,100
2024-09-16 10:16:16.018000,418.5653662783043,6
2024-09-16 10:16:16.051000,418.5254562093331,10
2024-09-16 10:16:16.073000,418.5484904250801,997
2024-09-16 10:16:16.146000,418.5218213248756,1003
2024-09-16 10:16:16.157000,418.57055270277976,8
2024-09-16 10:16:16.270000,418.5051205717264,996
2024-09-16 10:16:16.274000,418.5386986508652,99
2024-09-16 10:16:16.424000,418.5236709438942,102
2024-09-16 10:16:16.429000,418.5589552927522,11
2024-09-16 10:16:16.484000,418.5138194795903,96
2024-09-16 10:16:16.496000,418.5692201128722,8
2024-09-16 10:16:16.562000,418.54290241344586,1002
2024-09-16 10:16:16.617000,418.56957781476046,103
2024-09-16 10:16:16.628000,418.525650745284,95
2024-09-16 10:16:16.652000,418.5404187930381,8
2024-09-16 10:16:16.677000,418.5490230597171,1004
2024-09-16 10:16:16.844000,418.5399553743461,12
2024-09-16 10:16:16.884000,418.5559423626812,97
2024-09-16 10:16:16.922000,418.5557189596182,10
2024-09-16 10:16:16.923000,418.5106480650496,102
2024-09-16 10:16:16.990000,418.54084671998754,996
2024-09-16 10:16:17.035000,418.5543276899432,105
2024-09-16 10:16:17.040000,418.6028602097075,999
2024-09-16 10:16:17.054000,418.51402681000536,7
2024-09-16 10:16:17.120000,418.5283074412093,995
2024-09-16 10:16:17.153000,418.53785380435,12
2024-09-16 10:16:17.170000,418.5266616227776,99
2024-09-16 10:16:17.197000,418.5444582303058,1003
2024-09-16 10:16:17.278000,418.5588794896016,99
2024-09-16 10:16:17.320000,418.5430173872863,1005
2024-09-16 10:16:17.341000,418.53447988362495,1005
2024-09-16 10:16:17.352000,418.5943106620568,12
2024-09-16 10:16:17.354000,418.5566030168511,996
2024-09-16 10:16:17.355000,418.49809840357807,103
2024-09-16 10:16:17.382000,418.5880611223861,98
2024-09-16 10:16:17.490000,418.51223748219104,13
2024-09-16 10:16:17.561000,418.5028941525544,105
2024-09-16 10:16:17.571000,418.55706856684645,9
2024-09-16 10:16:17.572000,418.536554920263,105
2024-09-16 10:16:17.580000,418.54055159368073,996
2024-09-16 10:16:17.619000,418.4968192690664,999
2024-09-16 10:16:17.641000,418.5333216788113,9
2024-09-16 10:16:17.780000,418.5590778452217,1002
2024-09-16 10:16:17.793000,418.5862160717679,105
2024-09-16 10:16:17.795000,418.4979439037506,97
2024-09-16 10:16:17.800000,418.5201399478375,7
2024-09-16 10:16:17.811000,418.51115554508726,13
2024-09-16 10:16:17.901000,418.53581616076144,15
2024-09-16 10:16:17.904000,418.5462519821444,1005
2024-09-16 10:16:17.984000,418.5689457514545,101
2024-09-16 10:16:18.028000,418.5650241284496,1001
2024-09-16 10:16:18.080000,418.5672664900724,998
2024-09-16 10:16:18.126000,418.5536899253482,99
2024-09-16 10:16:18.129000,418.5589596088438,102
2024-09-16 10:16:18.150000,418.530615861788,1004
2024-09-16 10:16:18.157000,418.5580678217916,12
2024-09-16 10:16:18.204000,418.5385825249138,999
2024-09-16 10:16:18.299000,418.5525463418746,15
2024-09-16 10:16:18.399000,418.5568017077274,100
2024-09-16 10:16:18.464000,418.51373798034206,101
2024-09-16 10:16:18.549000,418.5115248140856,101
2024-09-16 10:16:18.835000,418.5456208867598,103
2024-09-16 10:16:19.056000,418.56239542865546,103
2024-09-16 10:16:19.200000,418.5501954694096,98
2024-09-16 10:16:19.220000,418.5606271735876,15
2024-09-16 10:16:19.353000,418.55581837517553,1003
2024-09-16 10:16:19.484000,418.5333768982762,105
2024-09-16 10:16:19.495000,418.5761764183905,997
2024-09-16 10:16:19.589000,418.5520988994013,996
2024-09-16 10:16:19.601000,418.5612568868332,998
2024-09-16 10:16:19.718000,418.5539491448255,1002
2024-09-16 10:16:19.737000,418.5468245283535,1005
2024-09-16 10:16:19.782000,418.5699066098771,1002
2024-09-16 10:16:19.806000,418.5048155526953,98
2024-09-16 10:16:19.824000,418.5510801505514,97
2024-09-16 10:16:19.828000,418.52831834130063,95
2024-09-16 10:16:19.833000,418.55812786367386,998
2024-09-16 10:16:19.848000,418.5476944847745,5
2024-09-16 10:16:19.913000,418.5138728461008,1000
2024-09-16 10:16:19.962000,418.5397880750808,1004
2024-09-16 10:16:19.995000,418.5376133050004,1005
2024-09-16 10:16:20.086000,418.5176317368176,15
2024-09-16 10:16:20.100000,418.5141570302595,103
2024-09-16 10:16:20.115000,418.5089053123846,995
2024-09-16 10:16:20.211000,418.4993185169459,1005
2024-09-16 10:16:20.215000,418.4629133487355,1001
2024-09-16 10:16:20.379000,418.5159676928733,98
2024-09-16 10:16:20.407000,418.5017641265011,98
2024-09-16 10:16:20.420000,418.4866841659298,6
2024-09-16 10:16:20.508000,418.44500237907937,12
2024-09-16 10:16:20.738000,418.447129974456,6
2024-09-16 10:16:20.793000,418.52507027462354,98
2024-09-16 10:16:20.846000,418.5048120826267,98
2024-09-16 10:16:20.863000,418.45709393786666,105
2024-09-16 10:16:20.973000,418.4446034028273,97
2024-09-16 10:16:21.204000,418.4582362345407,96
2024-09-16 10:16:21.304000,418.49401444908153,6
2024-09-16 10:16:21.332000,418.4648023127428,99
2024-09-16 10:16:21.385000,418.4799195955411,999
2024-09-16 10:16:21.395000,418.47644249027695,103
2024-09-16 10:16:21.586000,418.454447664841,95
2024-09-16 10:16:21.593000,418.48681101802,99
2024-09-16 10:16:21.669000,418.4519607476538,104
2024-09-16 10:16:21.763000,418.465636317388,12
2024-09-16 10:16:21.777000,418.43836190901385,8
2024-09-16 10:16:21.790000,418.4544709724904,97
2024-09-16 10:16:21.901000,418.4634057379864,15
2024-09-16 10:16:21.928000,418.4744876926897,1004
2024-09-16 10:16:21.956000,418.45586639813257,6
2024-09-16 10:16:21.993000,418.4660288628051,1003
2024-09-16 10:16:21.996000,418.4479783058972,103
2024-09-16 10:16:22.433000,418.4031846850044,10
2024-09-16 10:16:22.515000,418.3647403800249,100
2024-09-16 10:16:22.676000,418.3334461109116,14
2024-09-16 10:16:22.745000,418.3410578612096,14
2024-09-16 10:16:22.872000,418.355190776342,104
2024-09-16 10:16:22.899000,418.354818223727,15
2024-09-16 10:16:22.956000,418.4333234897361,100
2024-09-16 10:16:22.958000,418.4011717624413,105
2024-09-16 10:16:22.992000,418.4314654715591,1003
2024-09-16 10:16:23.149000,418.2915283063472,99
2024-09-16 10:16:23.203000,418.33462498297416,99
2024-09-16 10:16:23.213000,418.2551482390568,14
2024-09-16 10:16:23.239000,418.3199592447119,97
2024-09-16 10:16:23.307000,418.3137261574472,11
2024-09-16 10:16:23.331000,418.2971414030221,1002
2024-09-16 10:16:23.352000,418.2359478255035,1005
2024-09-16 10:16:23.446000,418.2941501954588,100
2024-09-16 10:16:23.459000,418.3200536920419,105
2024-09-16 10:16:23.461000,418.2994745717544,12
2024-09-16 10:16:23.486000,418.3104130683717,104
2024-09-16 10:16:23.544000,418.3184876481244,1005
2024-09-16 10:16:23.590000,418.2957761837592,996
2024-09-16 10:16:23.723000,418.3116438780711,996
2024-09-16 10:16:23.727000,418.3016347755983,1004
2024-09-16 10:16:23.728000,418.30561829579824,1005
2024-09-16 10:16:23.728000,418.32104201374096,9
2024-09-16 10:16:23.881000,418.2333555571715,13
2024-09-16 10:16:23.883000,418.3284565842226,9
2024-09-16 10:16:23.950000,418.3037598480498,6
2024-09-16 10:16:23.951000,418.2875594344091,996
2024-09-16 10:16:23.964000,418.32042652866727,9
2024-09-16 10:16:23.970000,418.2885527121112,98
2024-09-16 10:16:23.973000,418.2357614581002,1002
2024-09-16 10:16:23.979000,418.3100859386884,105
2024-09-16 10:16:23.987000,418.3093428733365,1001
2024-09-16 10:16:24.113000,418.2350911613019,12
2024-09-16 10:16:24.129000,418.197612902807,7
2024-09-16 10:16:24.256000,418.2164981362386,10
2024-09-16 10:16:24.304000,418.195896066714,97
2024-09-16 10:16:24.310000,418.218622805666,99
2024-09-16 10:16:24.356000,418.2397091285288,13
2024-09-16 10:16:24.364000,418.2338512458756,998
2024-09-16 10:16:24.431000,418.2342818482047,9
2024-09-16 10:16:24.539000,418.2099647084217,11
2024-09-16 10:16:24.611000,418.2170807576306,96
2024-09-16 10:16:24.617000,418.2318464941659,15
2024-09-16 10:16:24.618000,418.218828392396,7
2024-09-16 10:16:24.664000,418.2587229112646,103
2024-09-16 10:16:24.669000,418.2211983125642,10
2024-09-16 10:16:24.675000,418.203327886462,998
2024-09-16 10:16:24.719000,418.2202185796698,100
2024-09-16 10:16:24.734000,418.2150214877849,1002
2024-09-16 10:16:24.961000,418.23640758364166,1005
2024-09-16 10:16:24.972000,418.2539987781872,5
2024-09-16 10:16:24.989000,418.2117661688441,10
2024-09-16 10:16:24.999000,418.2476429986687,105
2024-09-16 10:16:25.023000,418.230482370178,98
2024-09-16 10:16:25.243000,418.21912158251945,7
2024-09-16 10:16:25.481000,418.238207762175,995
2024-09-16 10:16:25.629000,418.2411995266607,99
2024-09-16 10:16:25.639000,418.2210348079869,15
2024-09-16 10:16:25.931000,418.2169826206893,1001
2024-09-16 10:16:26.101000,418.2917559074263,1005
2024-09-16 10:16:26.128000,418.2394613025131,95
2024-09-16 10:16:26.173000,418.2614913842303,999
2024-09-16 10:16:26.261000,418.3086440695713,1005
2024-09-16 10:16:26.276000,418.2498642778201,96
2024-09-16 10:16:26.394000,418.2854554770096,7
2024-09-16 10:16:26.535000,418.25870960598974,15
2024-09-16 10:16:26.575000,418.25924691660254,9
2024-09-16 10:16:26.630000,418.2982969681538,997
2024-09-16 10:16:26.652000,418.27762864030586,95
2024-09-16 10:16:26.716000,418.2505431422203,7
2024-09-16 10:16:26.777000,418.2646316418816,5
2024-09-16 10:16:26.777000,418.31617538434057,1002
2024-09-16 10:16:26.946000,418.33803378275786,9
2024-09-16 10:16:26.959000,418.3074300440511,9
2024-09-16 10:16:27.157000,418.3554542816729,999
2024-09-16 10:16:27.172000,418.3956118865905,1002
2024-09-16 10:16:27.272000,418.35401198311774,98
2024-09-16 10:16:27.332000,418.30968582456666,103
2024-09-16 10:16:27.367000,418.3116444749233,13
2024-09-16 10:16:27.416000,418.4023258179941,999
2024-09-16 10:16:27.481000,418.35760878300897,100
2024-09-16 10:16:27.514000,418.3557159269388,995
2024-09-16 10:16:27.622000,418.34806370841886,13
2024-09-16 10:16:27.625000,418.33547905683406,13
2024-09-16 10:16:27.650000,418.3408073489719,104
2024-09-16 10:16:27.767000,418.3611963429757,1002
2024-09-16 10:16:27.786000,418.36214290435294,1000
2024-09-16 10:16:27.794000,418.3794774768648,1000
2024-09-16 10:16:27.899000,418.397980970812,11
2024-09-16 10:16:27.926000,418.3713767275975,995
2024-09-16 10:16:27.930000,418.3620335415731,103
2024-09-16 10:16:27.938000,418.3929532099684,14
2024-09-16 10:16:27.981000,418.3607105953461,6
2024-09-16 10:16:29.026000,418.3082408915348,95
2024-09-16 10:16:29.135000,418.21219540284375,96
2024-09-16 10:16:29.205000,418.3099968991513,15
2024-09-16 10:16:29.289000,418.26805143240006,10
2024-09-16 10:16:29.499000,418.33685240848985,97
2024-09-16 10:16:29.534000,418.2356508549672,7
2024-09-16 10:16:29.548000,418.3327532922572,1003
2024-09-16 10:16:29.592000,418.2480766469849,1004
2024-09-16 10:16:29.610000,418.3023704980612,10
2024-09-16 10:16:29.672000,418.2513386171668,999
2024-09-16 10:16:29.689000,418.3132271684886,1001
2024-09-16 10:16:29.689000,418.3046013130872,9
2024-09-16 10:16:29.769000,418.3307612064692,5
2024-09-16 10:16:29.791000,418.3106728998381,95
2024-09-16 10:16:29.795000,418.2848035212626,14
2024-09-16 10:16:29.823000,418.2888950519287,1005
2024-09-16 10:16:29.846000,418.3345980456784,13
2024-09-16 10:16:29.851000,418.341239914953,9
2024-09-16 10:16:29.868000,418.34716016636094,99
2024-09-16 10:16:29.956000,418.33591466699033,13
2024-09-16 10:16:29.967000,418.33121138570567,1003
2024-09-16 10:16:30.003000,418.1563698719897,100
2024-09-16 10:16:30.274000,418.1802893156705,14
2024-09-16 10:16:30.395000,418.1711258669305,1000
2024-09-16 10:16:30.635000,418.1829017991807,100
2024-09-16 10:16:30.766000,418.1986931084152,996
2024-09-16 10:16:30.831000,418.2028228149929,1003
2024-09-16 10:16:30.928000,418.1977018939836,100
2024-09-16 10:16:31.118000,418.1420626751865,1000
2024-09-16 10:16:31.148000,418.1225744236062,1000
2024-09-16 10:16:31.158000,418.12020230899634,105
2024-09-16 10:16:31.198000,418.1384211115963,6
2024-09-16 10:16:31.204000,418.06763486750685,95
2024-09-16 10:16:31.222000,418.165622861062,11
2024-09-16 10:16:31.244000,418.1160624256841,998
2024-09-16 10:16:31.294000,418.1285839562446,97
2024-09-16 10:16:31.370000,418.1236389660202,1005
2024-09-16 10:16:31.375000,418.1264312101123,102
2024-09-16 10:16:31.406000,418.0906628846906,9
2024-09-16 10:16:31.409000,418.0827636134629,95
2024-09-16 10:16:31.422000,418.122683746896,999
2024-09-16 10:16:31.446000,418.1689570973653,100
2024-09-16 10:16:31.455000,418.1230777229593,11
2024-09-16 10:16:31.470000,418.101515536969,13
2024-09-16 10:16:31.523000,418.1263895670683,1003
2024-09-16 10:16:31.544000,418.1267603701459,98
2024-09-16 10:16:31.657000,418.1335368586729,1004
2024-09-16 10:16:31.680000,418.0917679639717,15
2024-09-16 10:16:31.731000,418.1114721199548,101
2024-09-16 10:16:31.777000,418.0870719294242,13
2024-09-16 10:16:31.794000,418.0747107566088,10
2024-09-16 10:16:31.794000,418.11786619589145,99
2024-09-16 10:16:31.800000,418.0757711348391,1005
2024-09-16 10:16:31.842000,418.1310543527511,100
2024-09-16 10:16:31.981000,418.122232711259,998
2024-09-16 10:16:32.154000,418.04941781771737,101
2024-09-16 10:16:32.268000,418.0411077166593,96
2024-09-16 10:16:32.438000,418.06102064142425,7
2024-09-16 10:16:32.670000,418.0548979324926,98
2024-09-16 10:16:32.687000,418.05391348244814,7
2024-09-16 10:16:33.097000,418.04880539633854,997
2024-09-16 10:16:33.302000,418.0477943260631,13
2024-09-16 10:16:33.569000,418.0625518208514,997
2024-09-16 10:16:33.764000,418.0458790798097,103
2024-09-16 10:16:34.005000,418.0171592840927,8
2024-09-16 10:16:34.046000,418.0452956560755,14
2024-09-16 10:16:34.076000,417.99057267007714,15
2024-09-16 10:16:34.203000,418.016967113462,7
2024-09-16 10:16:34.264000,418.0046554086758,1005
2024-09-16 10:16:34.345000,418.0281246495125,1002
2024-09-16 10:16:34.388000,418.008067313495,8
2024-09-16 10:16:34.462000,418.01950172290543,104
2024-09-16 10:16:34.546000,417.9935592113003,1005
2024-09-16 10:16:34.613000,418.0205063064647,1001
2024-09-16 10:16:34.622000,417.9895214104541,995
2024-09-16 10:16:34.811000,418.013592554248,102
2024-09-16 10:16:34.914000,418.0269557967135,12
2024-09-16 10:16:34.966000,418.0285496718103,97
2024-09-16 10:16:35.005000,417.9775298306562,8
2024-09-16 10:16:35.081000,417.97239016119227,7
2024-09-16 10:16:35.099000,417.99983004929766,98
2024-09-16 10:16:35.308000,417.9745155878293,1000
2024-09-16 10:16:35.468000,418.0045391155473,5
2024-09-16 10:16:35.486000,418.0108869554237,104
2024-09-16 10:16:35.503000,417.9710478177553,998
2024-09-16 10:16:35.538000,418.02547728788426,996
2024-09-16 10:16:35.702000,417.9999610352583,15
2024-09-16 10:16:35.732000,417.98381938959466,96
2024-09-16 10:16:35.733000,417.9967762468158,97
2024-09-16 10:16:35.737000,417.98816219627145,996
2024-09-16 10:16:35.806000,418.0075047071993,103
2024-09-16 10:16:35.813000,418.02192712536,1002
2024-09-16 10:16:35.895000,417.99247503742765,1002
2024-09-16 10:16:35.897000,418.02170479103626,11
2024-09-16 10:16:35.907000,418.0078995001726,103
2024-09-16 10:16:35.929000,417.99317734312376,1000
2024-09-16 10:16:35.940000,418.0146652967916,11
2024-09-16 10:16:35.942000,418.0137747859507,98
2024-09-16 10:16:35.951000,417.9845471570281,996
2024-09-16 10:16:36.089000,417.98201981989575,102
2024-09-16 10:16:36.120000,418.00762551350783,998
2024-09-16 10:16:36.325000,417.9873234547302,13
2024-09-16 10:16:36.419000,417.982688545614,998
2024-09-16 10:16:36.533000,418.0082029439429,101
2024-09-16 10:16:36.542000,417.9878195189389,11
2024-09-16 10:16:36.551000,417.9899427495874,996
2024-09-16 10:16:36.567000,417.9807990388518,1003
2024-09-16 10:16:36.614000,418.0030521367808,1003
2024-09-16 10:16:36.650000,417.9970264962892,96
2024-09-16 10:16:36.774000,417.98675884723497,101
2024-09-16 10:16:36.809000,417.9795479811143,1005
2024-09-16 10:16:36.838000,417.991650191046,105
2024-09-16 10:16:36.968000,417.97991844523233,1001
2024-09-16 10:16:37.759000,417.9722837574736,97
2024-09-16 10:16:39.025000,418.0346916748754,996
2024-09-16 10:16:39.157000,418.0101550715448,100
2024-09-16 10:16:39.172000,418.0476830173329,13
2024-09-16 10:16:39.184000,417.96466360914127,105
2024-09-16 10:16:39.322000,418.0502710454278,1003
2024-09-16 10:16:39.349000,418.0324434381757,5
2024-09-16 10:16:39.386000,417.9610030877911,104
2024-09-16 10:16:39.423000,418.0160576678121,1001
2024-09-16 10:16:39.447000,417.9793738153444,99
2024-09-16 10:16:39.500000,417.9962568247713,1004
2024-09-16 10:16:39.619000,417.9729835100219,97
2024-09-16 10:16:39.664000,418.01852211838064,101
2024-09-16 10:16:39.712000,418.0308738246277,999
2024-09-16 10:16:39.712000,418.0213778092392,9
2024-09-16 10:16:39.733000,418.0250208617639,10
2024-09-16 10:16:39.901000,418.02739360123536,13
2024-09-16 10:16:39.917000,418.0423863573664,96
2024-09-16 10:16:39.926000,417.9764960299971,11
2024-09-16 10:16:39.931000,417.9799405051141,5
2024-09-16 10:16:39.937000,418.0398559515556,103
2024-09-16 10:16:39.938000,418.0046652014293,96
2024-09-16 10:16:39.990000,418.014034550627,1001
2024-09-16 10:16:40.027000,418.055422078192,6
2024-09-16 10:16:40.090000,418.068340227062,104
2024-09-16 10:16:40.122000,418.05798441896815,104
2024-09-16 10:16:40.133000,418.0375442451826,103
2024-09-16 10:16:40.226000,418.0352994308861,1003
2024-09-16 10:16:40.236000,418.0791293870975,11
2024-09-16 10:16:40.245000,418.0346545522026,103
2024-09-16 10:16:40.318000,418.0756429395308,997
2024-09-16 10:16:40.319000,418.0299258804831,9
2024-09-16 10:16:40.369000,418.0307435605874,13
2024-09-16 10:16:40.464000,418.03913745108656,1000
2024-09-16 10:16:40.470000,418.0378936198076,105
2024-09-16 10:16:40.572000,418.0394651973795,99
2024-09-16 10:16:40.623000,418.07317323929016,9
2024-09-16 10:16:40.631000,418.0669603390227,6
2024-09-16 10:16:40.774000,418.04459623982376,1004
2024-09-16 10:16:40.804000,418.0592445994083,1000
2024-09-16 10:16:40.875000,418.0874263273393,100
2024-09-16 10:16:40.893000,418.0372590806544,1004
2024-09-16 10:16:40.945000,418.04057680867066,105
2024-09-16 10:16:40.968000,418.0690080359988,102
2024-09-16 10:16:40.992000,418.0839924996113,12
2024-09-16 10:16:41.086000,418.0167781336325,104
2024-09-16 10:16:41.151000,418.01038704774254,7
2024-09-16 10:16:41.253000,418.0444125187736,8
2024-09-16 10:16:41.286000,418.0181939797517,96
2024-09-16 10:16:41.290000,418.00425439815126,999
2024-09-16 10:16:41.305000,418.0728862077231,998
2024-09-16 10:16:41.314000,418.02613332050254,1003
2024-09-16 10:16:41.330000,418.0355148804031,1000
2024-09-16 10:16:41.344000,418.0324655836129,103
2024-09-16 10:16:41.376000,417.9822038206864,1004
2024-09-16 10:16:41.377000,418.0223132762793,997
2024-09-16 10:16:41.476000,418.0298855607701,997
2024-09-16 10:16:41.484000,417.9989714005752,103
2024-09-16 10:16:41.513000,418.0640940488726,11
2024-09-16 10:16:41.540000,418.0213565099983,105
2024-09-16 10:16:41.627000,418.0151576574231,7
2024-09-16 10:16:41.673000,418.0114866255278,1004
2024-09-16 10:16:41.713000,418.02672745241074,14
2024-09-16 10:16:41.722000,418.0205654145639,102
2024-09-16 10:16:41.773000,417.9981082421567,96
2024-09-16 10:16:41.791000,418.06178957593823,15
2024-09-16 10:16:41.847000,418.00969987966295,104
2024-09-16 10:16:41.953000,418.025470179601,96
2024-09-16 10:16:41.957000,418.053307473859,96
2024-09-16 10:16:41.958000,417.997413140787,8
2024-09-16 10:16:42.290000,417.9885506467838,14
2024-09-16 10:16:42.342000,418.01626997811496,100
2024-09-16 10:16:42.413000,418.022897765318,102
2024-09-16 10:16:42.645000,417.98132395315577,12
2024-09-16 10:16:42.695000,418.0078022367841,95
2024-09-16 10:16:42.764000,418.0083405255826,96
2024-09-16 10:16:42.790000,418.0267622237144,8
2024-09-16 10:16:42.810000,417.9823706773798,100
2024-09-16 10:16:42.853000,417.9771276109207,998
2024-09-16 10:16:42.868000,418.0124275479928,1000
2024-09-16 10:16:43.343000,418.04407964909416,97
2024-09-16 10:16:43.410000,418.0478763898872,995
2024-09-16 10:16:43.436000,418.063027109782,102
2024-09-16 10:16:43.507000,418.04833197496686,997
2024-09-16 10:16:43.650000,418.0304349163338,12
2024-09-16 10:16:43.696000,418.0506567345528,13
2024-09-16 10:16:43.915000,418.02005008484736,95
2024-09-16 10:16:43.937000,418.0220563879055,1000
2024-09-16 10:16:43.977000,418.0578425217443,1003
2024-09-16 10:16:44.071000,418.0487185817664,104
2024-09-16 10:16:44.089000,418.0578704216069,996
2024-09-16 10:16:44.094000,418.0727073132365,102
2024-09-16 10:16:44.107000,418.0692774956253,1002
2024-09-16 10:16:44.164000,418.09132882071634,12
2024-09-16 10:16:44.175000,418.0628952340728,7
2024-09-16 10:16:44.190000,418.0889811256759,998
2024-09-16 10:16:44.218000,418.1000467661165,102
2024-09-16 10:16:44.219000,418.0474593579056,9
2024-09-16 10:16:44.234000,418.081599375654,103
2024-09-16 10:16:44.247000,418.079371649358,999
2024-09-16 10:16:44.262000,418.0589064893669,10
2024-09-16 10:16:44.312000,418.082865836278,101
2024-09-16 10:16:44.340000,418.0568555568437,14
2024-09-16 10:16:44.382000,418.0766953205538,102
2024-09-16 10:16:44.462000,418.0579891509362,10
2024-09-16 10:16:44.565000,418.0750831128325,97
2024-09-16 10:16:44.587000,418.0997783574476,102
2024-09-16 10:16:44.590000,418.0498179733413,97
2024-09-16 10:16:44.596000,418.0736715941605,1001
2024-09-16 10:16:44.603000,418.0747221678786,97
2024-09-16 10:16:44.628000,418.0917387733472,9
2024-09-16 10:16:44.665000,418.1043157641512,102
2024-09-16 10:16:44.839000,418.0607463421948,8
2024-09-16 10:16:44.865000,418.07223852041113,14
2024-09-16 10:16:44.878000,418.0609139273381,1005
2024-09-16 10:16:44.936000,418.101227646437,100
2024-09-16 10:16:44.993000,418.068168693056,97
2024-09-16 10:16:45.057000,418.0627949994407,101
2024-09-16 10:16:45.168000,418.07075688604016,98
2024-09-16 10:16:45.197000,418.0585727306863,96
2024-09-16 10:16:45.268000,418.0637352080834,99
2024-09-16 10:16:45.465000,418.0471848853304,6
2024-09-16 10:16:45.499000,418.0367076817036,1005
2024-09-16 10:16:45.523000,418.0385122095564,6
2024-09-16 10:16:45.576000,418.0735810548475,95
2024-09-16 10:16:45.659000,418.068873062832,10
2024-09-16 10:16:45.679000,418.0800815919456,997
2024-09-16 10:16:45.683000,418.0730299075698,999
2024-09-16 10:16:45.703000,418.025307166169,101
2024-09-16 10:16:45.831000,418.0346864712715,101
2024-09-16 10:16:45.852000,418.0066697005016,999
2024-09-16 10:16:45.912000,418.0875054717273,98
2024-09-16 10:16:45.947000,418.0261274367605,99
2024-09-16 10:16:46.098000,418.0527495302104,998
2024-09-16 10:16:46.103000,418.08138702418165,999
2024-09-16 10:16:46.240000,418.0640294202215,995
2024-09-16 10:16:46.266000,418.049447107768,7
2024-09-16 10:16:46.281000,418.07145109205,996
2024-09-16 10:16:46.427000,418.0661086025355,96
2024-09-16 10:16:46.433000,418.08896940324297,1004
2024-09-16 10:16:46.468000,418.0677650468043,6
2024-09-16 10:16:46.496000,418.01185285720095,96
2024-09-16 10:16:46.500000,418.0588349876999,99
2024-09-16 10:16:46.667000,418.0833072417474,1001
2024-09-16 10:16:46.728000,418.0757910971232,102
2024-09-16 10:16:46.779000,418.0736054096074,996
2024-09-16 10:16:46.803000,418.03010563837705,15
2024-09-16 10:16:46.809000,418.07075088980366,95
2024-09-16 10:16:46.815000,418.0962597213842,995
2024-09-16 10:16:46.968000,418.0559790052803,98
2024-09-16 10:16:47.039000,418.014485179109,14
2024-09-16 10:16:47.053000,418.010077574009,7
2024-09-16 10:16:47.071000,417.9960004616885,6
2024-09-16 10:16:47.156000,418.01712240237134,11
2024-09-16 10:16:47.232000,418.0338463503139,1000
2024-09-16 10:16:47.302000,418.0335459731761,96
2024-09-16 10:16:47.363000,417.9896714704384,101
2024-09-16 10:16:47.622000,417.98403995627024,102
2024-09-16 10:16:47.649000,418.01967505723167,1002
2024-09-16 10:16:47.688000,417.99820179986347,100
2024-09-16 10:16:47.692000,418.0026195055036,1004
2024-09-16 10:16:47.804000,417.9890885784232,95
2024-09-16 10:16:47.836000,417.9917952229433,13
2024-09-16 10:16:47.879000,417.9935875784642,98
2024-09-16 10:16:47.912000,418.0079447919719,6
2024-09-16 10:16:47.918000,417.9993799320155,14
2024-09-16 10:16:48.031000,418.0803314051482,995
2024-09-16 10:16:48.034000,418.0528190619913,1002
2024-09-16 10:16:48.075000,418.0773998742667,105
2024-09-16 10:16:48.078000,418.03356345969087,15
2024-09-16 10:16:48.079000,418.0539078530365,103
2024-09-16 10:16:48.087000,418.0631674846746,96
2024-09-16 10:16:48.163000,418.0919417762245,101
2024-09-16 10:16:48.173000,418.057169363142,13
2024-09-16 10:16:48.178000,418.0501119624839,98
2024-09-16 10:16:48.187000,418.07084708087694,8
2024-09-16 10:16:48.231000,418.0580644518701,11
2024-09-16 10:16:48.304000,418.07363213672994,995
2024-09-16 10:16:48.311000,418.0801527859318,1004
2024-09-16 10:16:48.324000,418.0577983007464,1003
2024-09-16 10:16:48.463000,418.06049661717486,1003
2024-09-16 10:16:48.615000,418.0620811620959,7
2024-09-16 10:16:48.626000,418.0691659057555,1001
2024-09-16 10:16:48.701000,418.085612502442,1001
2024-09-16 10:16:48.719000,418.042964893641,5
2024-09-16 10:16:48.802000,418.0764420708308,6
2024-09-16 10:16:48.876000,418.0485580801621,10
2024-09-16 10:16:48.922000,418.0473067904159,5
2024-09-16 10:16:48.926000,418.0800455318189,1004
2024-09-16 10:16:48.996000,418.07002302477696,999
2024-09-16 10:16:49.110000,418.0440211651768,1002
2024-09-16 10:16:49.421000,418.0763659718917,12
2024-09-16 10:16:49.531000,418.04606699804594,1004
2024-09-16 10:16:49.687000,418.0683837310157,1003
2024-09-16 10:16:49.739000,418.0564101893123,998
2024-09-16 10:16:49.895000,418.0552939089456,9
2024-09-16 10:16:49.964000,418.0507778928216,8
2024-09-16 10:16:50.011000,418.0830564392698,105
2024-09-16 10:16:50.182000,418.0605957193628,1003
2024-09-16 10:16:50.266000,418.0653139621747,14
2024-09-16 10:16:50.295000,418.07620676273945,12
2024-09-16 10:16:50.339000,418.0708671381064,99
2024-09-16 10:16:50.490000,418.08210826298586,8
2024-09-16 10:16:50.542000,418.079744547437,998
2024-09-16 10:16:50.605000,418.06447903330735,13
2024-09-16 10:16:50.607000,418.05529098189817,10
2024-09-16 10:16:50.685000,418.0646325989399,96
2024-09-16 10:16:50.688000,418.1002699995273,12
2024-09-16 10:16:50.842000,418.0691485736916,999
2024-09-16 10:16:50.871000,418.0729613790509,15
2024-09-16 10:16:50.987000,418.1027110351109,995
2024-09-16 10:16:51.034000,418.0395564783802,1001
2024-09-16 10:16:51.152000,418.0626708807989,104
2024-09-16 10:16:51.282000,418.0642457323231,5
2024-09-16 10:16:51.353000,418.0581467642556,13
2024-09-16 10:16:51.433000,418.0662765555962,15
2024-09-16 10:16:51.501000,418.06006647224206,96
2024-09-16 10:16:51.938000,418.040267777266,15
2024-09-16 10:16:52.038000,418.0388756623634,5
2024-09-16 10:16:52.078000,418.0804124846807,1000
2024-09-16 10:16:52.117000,418.06150557571897,8
2024-09-16 10:16:52.179000,418.0647093791124,104
2024-09-16 10:16:52.476000,418.0702531514486,998
2024-09-16 10:16:52.487000,418.0559001540276,8
2024-09-16 10:16:52.618000,418.0549609122304,996
2024-09-16 10:16:52.657000,418.0537135031017,97
2024-09-16 10:16:52.658000,418.07313614785295,999
2024-09-16 10:16:52.702000,418.0289886102341,1005
2024-09-16 10:16:52.719000,418.0631864682372,102
2024-09-16 10:16:52.839000,418.0506556516459,97
2024-09-16 10:16:52.846000,418.0687559527035,1000
2024-09-16 10:16:52.891000,418.07595384771497,11
2024-09-16 10:16:52.900000,418.0486646952817,998
2024-09-16 10:16:52.978000,418.06012356349225,98
2024-09-16 10:16:53.074000,418.0850381218884,97
2024-09-16 10:16:53.167000,418.0820579940764,1005
2024-09-16 10:16:53.258000,418.084973456227,1002
2024-09-16 10:16:53.272000,418.0673383970546,996
2024-09-16 10:16:53.284000,418.0605950390493,995
2024-09-16 10:16:53.374000,418.0657823264199,105
2024-09-16 10:16:53.460000,418.0651946188233,101
2024-09-16 10:16:53.526000,418.066233301869,95
2024-09-16 10:16:53.904000,418.0621064867073,9
2024-09-16 10:16:53.979000,418.0680647391383,105
2024-09-16 10:16:54.055000,418.0641876907324,98
2024-09-16 10:16:54.056000,418.05438963860297,11
2024-09-16 10:16:54.062000,418.037331806187,10
2024-09-16 10:16:54.171000,418.00289003547897,6
2024-09-16 10:16:54.203000,418.04894883547007,100
2024-09-16 10:16:54.267000,418.02334569603926,105
2024-09-16 10:16:54.385000,418.06609127777153,995
2024-09-16 10:16:54.415000,418.03886067734487,9
2024-09-16 10:16:54.416000,418.0673097296991,6
2024-09-16 10:16:54.436000,418.0636676453599,12
2024-09-16 10:16:54.636000,418.0721586862324,12
2024-09-16 10:16:54.649000,418.03727566086167,998
2024-09-16 10:16:54.687000,418.0511087872313,996
2024-09-16 10:16:54.688000,418.07709252962826,13
2024-09-16 10:16:54.700000,418.015608887946,104
2024-09-16 10:16:54.720000,418.0478314760538,1002
2024-09-16 10:16:54.734000,418.0648535646226,15
2024-09-16 10:16:54.743000,418.0503226499314,105
2024-09-16 10:16:54.757000,418.0524226037372,1000
2024-09-16 10:16:54.783000,418.0589709305137,100
2024-09-16 10:16:54.857000,418.0325908359407,999
2024-09-16 10:16:54.910000,418.0082982186586,6
2024-09-16 10:16:54.912000,418.0289170469746,8
2024-09-16 10:16:54.985000,418.0530900871375,997
2024-09-16 10:16:55.275000,417.9432415506126,8
2024-09-16 10:16:55.336000,417.9596488040897,998
2024-09-16 10:16:55.435000,417.9647771652985,96
2024-09-16 10:16:55.491000,417.9936979618642,11
2024-09-16 10:16:55.726000,417.9884633646485,996
2024-09-16 10:16:55.731000,418.0040569327103,996
2024-09-16 10:16:55.923000,417.9989873823247,997
2024-09-16 10:16:56.074000,417.8939735326687,7
2024-09-16 10:16:56.113000,418.0324318552102,105
2024-09-16 10:16:56.204000,417.9120683631699,105
2024-09-16 10:16:56.214000,418.0045535935572,9
2024-09-16 10:16:56.217000,417.9089782817064,1004
2024-09-16 10:16:56.250000,418.0257338709322,12
2024-09-16 10:16:56.282000,417.9263042448948,14
2024-09-16 10:16:56.294000,417.9040427209617,1005
2024-09-16 10:16:56.359000,417.94666970660336,95
2024-09-16 10:16:56.362000,417.9289064479444,995
2024-09-16 10:16:56.362000,417.9108662203967,103
2024-09-16 10:16:56.391000,418.0032792501408,7
2024-09-16 10:16:56.461000,417.9766857663039,11
2024-09-16 10:16:56.462000,418.02031621042704,14
2024-09-16 10:16:56.490000,417.91261224429496,1001
2024-09-16 10:16:56.491000,417.8918909542974,13
2024-09-16 10:16:56.600000,417.9100256782913,1003
2024-09-16 10:16:56.628000,417.9847568716583,995
2024-09-16 10:16:56.690000,417.9199999583511,103
2024-09-16 10:16:56.736000,417.91470634955607,99
2024-09-16 10:16:56.805000,417.9013087997234,96
2024-09-16 10:16:56.830000,417.8985767739132,101
2024-09-16 10:16:56.877000,417.914788845814,997
2024-09-16 10:16:57.034000,417.9375299348164,10
2024-09-16 10:16:57.062000,417.9211972972648,100
2024-09-16 10:16:57.076000,417.93307295619326,100
2024-09-16 10:16:57.079000,417.9251962375942,98
2024-09-16 10:16:57.093000,417.8904854677941,1001
2024-09-16 10:16:57.160000,417.9236089578753,1005
2024-09-16 10:16:57.211000,417.9455627762858,7
2024-09-16 10:16:57.240000,417.9266662271135,1000
2024-09-16 10:16:57.390000,417.9295733209699,99
2024-09-16 10:16:57.430000,417.9133596105428,6
2024-09-16 10:16:57.579000,417.9423907633309,101
2024-09-16 10:16:57.642000,417.89000766353297,1004
2024-09-16 10:16:57.862000,417.8922734296916,104
2024-09-16 10:16:58.602000,417.8861366725147,1003
2024-09-16 10:16:58.808000,417.8942639098831,1004
2024-09-16 10:16:58.927000,417.8976160282584,11
