Timestamp,Price,Size
2024-09-19 12:10:00.093000,422.8817113204647,10
2024-09-19 12:10:00.110000,422.8785284870824,14
2024-09-19 12:10:00.227000,422.8921441808556,1002
2024-09-19 12:10:00.475000,422.89205076310833,103
2024-09-19 12:10:00.538000,422.8635336932339,12
2024-09-19 12:10:00.712000,422.8981767693379,97
2024-09-19 12:10:00.976000,422.8531991083729,998
2024-09-19 12:10:00.977000,422.84678156080486,7
2024-09-19 12:10:01.050000,422.8959023352339,95
2024-09-19 12:10:01.064000,422.8641876848565,8
2024-09-19 12:10:01.234000,422.8941502333933,98
2024-09-19 12:10:01.334000,422.8936572662204,997
2024-09-19 12:10:01.388000,422.8894525719986,15
2024-09-19 12:10:01.606000,422.8918100856096,11
2024-09-19 12:10:01.615000,422.87123049982574,5
2024-09-19 12:10:01.682000,422.87042013010085,7
2024-09-19 12:10:01.705000,422.88289685165313,97
2024-09-19 12:10:01.729000,422.8661553163234,10
2024-09-19 12:10:01.921000,422.8716371563158,104
2024-09-19 12:10:01.982000,422.8554716396357,1002
2024-09-19 12:10:01.993000,422.8692240861209,1004
2024-09-19 12:10:02.046000,422.8304431553274,101
2024-09-19 12:10:02.141000,422.7965930641642,103
2024-09-19 12:10:02.161000,422.7907967302195,11
2024-09-19 12:10:02.206000,422.82404453135024,11
2024-09-19 12:10:02.246000,422.8205804195069,98
2024-09-19 12:10:02.251000,422.84035143604666,14
2024-09-19 12:10:02.340000,422.8388074155421,997
2024-09-19 12:10:02.368000,422.8074836117223,99
2024-09-19 12:10:02.423000,422.857865734981,8
2024-09-19 12:10:02.448000,422.7813432077048,1000
2024-09-19 12:10:02.473000,422.843341940381,997
2024-09-19 12:10:02.545000,422.8300706350047,101
2024-09-19 12:10:02.585000,422.7932029754893,15
2024-09-19 12:10:02.604000,422.8251886148951,15
2024-09-19 12:10:02.656000,422.8007821798781,1002
2024-09-19 12:10:02.730000,422.82703006856445,101
2024-09-19 12:10:02.783000,422.84453196917104,6
2024-09-19 12:10:02.863000,422.8591378255553,996
2024-09-19 12:10:02.962000,422.7808290998792,6
2024-09-19 12:10:02.966000,422.86142249562255,7
2024-09-19 12:10:03.091000,422.71399340020014,10
2024-09-19 12:10:03.104000,422.73871296188565,999
2024-09-19 12:10:03.203000,422.8044192734852,8
2024-09-19 12:10:03.253000,422.7337198921688,5
2024-09-19 12:10:03.370000,422.7293709805027,5
2024-09-19 12:10:03.396000,422.7612229345996,11
2024-09-19 12:10:03.437000,422.7257223816445,1002
2024-09-19 12:10:03.509000,422.7406977037873,101
2024-09-19 12:10:03.562000,422.74054293587176,5
2024-09-19 12:10:03.679000,422.7413233149589,13
2024-09-19 12:10:03.682000,422.790193630062,11
2024-09-19 12:10:03.813000,422.7422258566776,104
2024-09-19 12:10:03.835000,422.7922396780504,9
2024-09-19 12:10:03.900000,422.76876122174406,6
2024-09-19 12:10:03.909000,422.73312669411695,999
2024-09-19 12:10:03.912000,422.7392235905221,13
2024-09-19 12:10:03.949000,422.747870875302,15
2024-09-19 12:10:03.966000,422.7346901864755,5
2024-09-19 12:10:04.237000,422.7077736382586,102
2024-09-19 12:10:04.442000,422.7411576024368,997
2024-09-19 12:10:04.520000,422.7196811860597,1000
2024-09-19 12:10:04.712000,422.7202653510069,101
2024-09-19 12:10:04.883000,422.723382066486,1002
2024-09-19 12:10:05.146000,422.68721388450217,6
2024-09-19 12:10:05.183000,422.6921922043286,10
2024-09-19 12:10:05.262000,422.68614371004,6
2024-09-19 12:10:05.559000,422.69106885233583,104
2024-09-19 12:10:05.684000,422.6857026112543,999
2024-09-19 12:10:05.739000,422.681642592766,9
2024-09-19 12:10:05.771000,422.6804043039167,12
2024-09-19 12:10:06.028000,422.7122984332439,9
2024-09-19 12:10:06.030000,422.6651107920279,11
2024-09-19 12:10:06.050000,422.67982928889126,11
2024-09-19 12:10:06.164000,422.7014334313845,1000
2024-09-19 12:10:06.290000,422.67675645394974,14
2024-09-19 12:10:06.299000,422.6639114172338,7
2024-09-19 12:10:06.318000,422.6809400248175,100
2024-09-19 12:10:06.342000,422.7221342314912,998
2024-09-19 12:10:06.368000,422.6874835288655,1004
2024-09-19 12:10:06.428000,422.70672264258576,11
2024-09-19 12:10:06.479000,422.6847573560368,7
2024-09-19 12:10:06.495000,422.70414348261954,997
2024-09-19 12:10:06.543000,422.7188868887855,98
2024-09-19 12:10:06.579000,422.68656132112375,8
2024-09-19 12:10:06.709000,422.676557921708,9
2024-09-19 12:10:06.726000,422.6799392909668,6
2024-09-19 12:10:06.748000,422.675248555715,14
2024-09-19 12:10:06.782000,422.675222274026,998
2024-09-19 12:10:07.143000,422.7182818637171,97
2024-09-19 12:10:07.749000,422.7243338940752,995
2024-09-19 12:10:07.928000,422.72137114009286,12
2024-09-19 12:10:08.015000,422.7356016570631,6
2024-09-19 12:10:08.016000,422.7385953261005,13
2024-09-19 12:10:08.050000,422.7487067050177,95
2024-09-19 12:10:08.120000,422.7703860140856,105
2024-09-19 12:10:08.156000,422.7332979103525,997
2024-09-19 12:10:08.167000,422.7555083197429,11
2024-09-19 12:10:08.200000,422.77370412261024,1004
2024-09-19 12:10:08.247000,422.73065593615496,996
2024-09-19 12:10:08.268000,422.7345671075523,95
2024-09-19 12:10:08.320000,422.73017442270776,996
2024-09-19 12:10:08.447000,422.7730378859792,100
2024-09-19 12:10:08.454000,422.7561869383069,998
2024-09-19 12:10:08.457000,422.7551687636813,995
2024-09-19 12:10:08.476000,422.7456014569761,999
2024-09-19 12:10:08.619000,422.7728575924808,103
2024-09-19 12:10:08.658000,422.7548732288551,101
2024-09-19 12:10:08.675000,422.7442204879838,1004
2024-09-19 12:10:08.707000,422.7516478736392,996
2024-09-19 12:10:08.731000,422.7715036376815,1004
2024-09-19 12:10:08.861000,422.77508527943513,1001
2024-09-19 12:10:08.900000,422.7771593935191,998
2024-09-19 12:10:08.943000,422.739410205928,15
2024-09-19 12:10:08.955000,422.7709204287546,1003
2024-09-19 12:10:08.981000,422.7529089444516,95
2024-09-19 12:10:09.045000,422.7919998958973,12
2024-09-19 12:10:09.047000,422.8028767459423,103
2024-09-19 12:10:09.082000,422.7785028160786,5
2024-09-19 12:10:09.112000,422.7950006827072,101
2024-09-19 12:10:09.132000,422.7719236947357,996
2024-09-19 12:10:09.188000,422.7761773392915,996
2024-09-19 12:10:09.198000,422.79529011901946,14
2024-09-19 12:10:09.304000,422.8042235441488,11
2024-09-19 12:10:09.366000,422.77864211181577,99
2024-09-19 12:10:09.388000,422.7928919306871,995
2024-09-19 12:10:09.505000,422.8177279100315,997
2024-09-19 12:10:09.583000,422.79155115589816,12
2024-09-19 12:10:09.624000,422.8094180786544,99
2024-09-19 12:10:09.912000,422.78284893094695,103
2024-09-19 12:10:09.951000,422.7789169960263,1003
2024-09-19 12:10:09.993000,422.7929800753176,105
2024-09-19 12:10:10.070000,422.79649891953153,996
2024-09-19 12:10:10.127000,422.8050244288559,99
2024-09-19 12:10:10.278000,422.8105844027115,1002
2024-09-19 12:10:10.498000,422.7867247660766,13
2024-09-19 12:10:10.607000,422.7826454426313,6
2024-09-19 12:10:10.710000,422.7960766502683,14
2024-09-19 12:10:10.739000,422.7942964832285,95
2024-09-19 12:10:10.858000,422.7863402535738,997
2024-09-19 12:10:10.984000,422.7830471218204,998
2024-09-19 12:10:11.012000,422.8300564133789,8
2024-09-19 12:10:11.014000,422.8224180389991,98
2024-09-19 12:10:11.047000,422.832689527072,1001
2024-09-19 12:10:11.083000,422.8129723748519,96
2024-09-19 12:10:11.088000,422.8181098030653,8
2024-09-19 12:10:11.101000,422.8504205162123,1000
2024-09-19 12:10:11.139000,422.8453625372616,12
2024-09-19 12:10:11.199000,422.8714080355878,1002
2024-09-19 12:10:11.236000,422.8437188869331,13
2024-09-19 12:10:11.297000,422.8243660135795,99
2024-09-19 12:10:11.354000,422.8234307073169,1005
2024-09-19 12:10:11.360000,422.8308334749584,98
2024-09-19 12:10:11.372000,422.87190969498175,7
2024-09-19 12:10:11.386000,422.8807688282639,999
2024-09-19 12:10:11.528000,422.8558333988715,1004
2024-09-19 12:10:11.580000,422.8139248935636,100
2024-09-19 12:10:11.631000,422.8083654871908,999
2024-09-19 12:10:11.670000,422.848341815493,13
2024-09-19 12:10:11.678000,422.84123111289256,10
2024-09-19 12:10:11.711000,422.8100713476933,6
2024-09-19 12:10:11.817000,422.8926944517093,5
2024-09-19 12:10:11.889000,422.8099547191063,1005
2024-09-19 12:10:11.900000,422.8271196374248,998
2024-09-19 12:10:11.919000,422.89360276027867,104
2024-09-19 12:10:11.919000,422.8429151150361,98
2024-09-19 12:10:11.956000,422.8477301657531,101
2024-09-19 12:10:12.031000,422.81489363315467,12
2024-09-19 12:10:12.061000,422.8734584199535,1004
2024-09-19 12:10:12.065000,422.8186390581423,102
2024-09-19 12:10:12.091000,422.8025100866312,1005
2024-09-19 12:10:12.099000,422.8093302809168,995
2024-09-19 12:10:12.129000,422.81993477795646,12
2024-09-19 12:10:12.156000,422.8180614913331,104
2024-09-19 12:10:12.156000,422.8185098973033,15
2024-09-19 12:10:12.211000,422.8192404819763,14
2024-09-19 12:10:12.234000,422.8040900484414,999
2024-09-19 12:10:12.241000,422.8032670711523,102
2024-09-19 12:10:12.243000,422.8283730805648,12
2024-09-19 12:10:12.304000,422.8185235408678,96
2024-09-19 12:10:12.333000,422.8206661417481,6
2024-09-19 12:10:12.383000,422.8012596974846,998
2024-09-19 12:10:12.393000,422.840693777608,999
2024-09-19 12:10:12.442000,422.80789856979976,1002
2024-09-19 12:10:12.473000,422.81359441255125,105
2024-09-19 12:10:12.523000,422.80844778023135,1004
2024-09-19 12:10:12.571000,422.82760161861216,98
2024-09-19 12:10:12.572000,422.8031824714519,12
2024-09-19 12:10:12.582000,422.8347237292153,103
2024-09-19 12:10:12.602000,422.7952884193473,6
2024-09-19 12:10:12.606000,422.8156988622661,13
2024-09-19 12:10:12.701000,422.8046760766238,100
2024-09-19 12:10:12.802000,422.7947789251528,98
2024-09-19 12:10:12.838000,422.81059686206106,6
2024-09-19 12:10:12.864000,422.8425539114386,998
2024-09-19 12:10:12.923000,422.8084225356235,105
2024-09-19 12:10:12.962000,422.80886578314505,997
2024-09-19 12:10:14.030000,422.78542406180406,102
2024-09-19 12:10:14.188000,422.83480990022974,1000
2024-09-19 12:10:14.190000,422.7671965520251,6
2024-09-19 12:10:14.249000,422.77646660316526,105
2024-09-19 12:10:14.265000,422.8702451574013,1002
2024-09-19 12:10:14.266000,422.8251489440241,996
2024-09-19 12:10:14.278000,422.78541322512615,995
2024-09-19 12:10:14.297000,422.7563139472381,1000
2024-09-19 12:10:14.327000,422.8107280143321,997
2024-09-19 12:10:14.374000,422.8120456720414,101
2024-09-19 12:10:14.441000,422.79695651516937,5
2024-09-19 12:10:14.443000,422.8436305412992,1003
2024-09-19 12:10:14.445000,422.8293568826713,9
2024-09-19 12:10:14.455000,422.78605800719714,997
2024-09-19 12:10:14.470000,422.7810500732441,995
2024-09-19 12:10:14.544000,422.8174196354207,9
2024-09-19 12:10:14.635000,422.84056797040006,9
2024-09-19 12:10:14.651000,422.8139862594543,105
2024-09-19 12:10:14.684000,422.7999534425725,7
2024-09-19 12:10:14.740000,422.7944019113374,98
2024-09-19 12:10:14.768000,422.8065969925148,97
2024-09-19 12:10:14.801000,422.7698193698327,8
2024-09-19 12:10:14.804000,422.8178627847301,1003
2024-09-19 12:10:14.859000,422.7400111667434,98
2024-09-19 12:10:14.868000,422.82868660272834,1005
2024-09-19 12:10:14.934000,422.8221964711444,12
2024-09-19 12:10:14.949000,422.83245682799895,1005
2024-09-19 12:10:14.971000,422.7934428046244,5
2024-09-19 12:10:15.019000,422.7414147573219,998
2024-09-19 12:10:15.072000,422.7571133177959,102
2024-09-19 12:10:15.118000,422.7222822784706,105
2024-09-19 12:10:15.197000,422.75815138332274,1000
2024-09-19 12:10:15.255000,422.7789409157848,995
2024-09-19 12:10:15.431000,422.7491714273741,10
2024-09-19 12:10:15.458000,422.7525876894334,1005
2024-09-19 12:10:15.515000,422.7320503867038,15
2024-09-19 12:10:15.604000,422.7417252838662,95
2024-09-19 12:10:15.623000,422.7382605665524,12
2024-09-19 12:10:15.709000,422.7528243294336,100
2024-09-19 12:10:15.739000,422.7441819887501,9
2024-09-19 12:10:15.806000,422.7530771408361,103
2024-09-19 12:10:15.885000,422.7463445035203,995
2024-09-19 12:10:15.916000,422.7566153096125,105
2024-09-19 12:10:16.020000,422.7514383237195,7
2024-09-19 12:10:16.067000,422.7369135793785,15
2024-09-19 12:10:16.250000,422.7036960642744,995
2024-09-19 12:10:16.263000,422.7203124035667,995
2024-09-19 12:10:16.273000,422.7474906754669,1003
2024-09-19 12:10:16.277000,422.7115516781152,100
2024-09-19 12:10:16.296000,422.7324124980371,95
2024-09-19 12:10:16.311000,422.680464233889,99
2024-09-19 12:10:16.330000,422.7046720541628,95
2024-09-19 12:10:16.350000,422.7170118656815,7
2024-09-19 12:10:16.387000,422.6555376656558,1004
2024-09-19 12:10:16.412000,422.6848884926714,104
2024-09-19 12:10:16.425000,422.63964837690776,100
2024-09-19 12:10:16.466000,422.72246897592726,998
2024-09-19 12:10:16.504000,422.7317455959172,96
2024-09-19 12:10:16.505000,422.748683131582,998
2024-09-19 12:10:16.524000,422.6583130252696,100
2024-09-19 12:10:16.542000,422.6365769794522,103
2024-09-19 12:10:16.549000,422.73683645837343,104
2024-09-19 12:10:16.580000,422.6755532526512,103
2024-09-19 12:10:16.585000,422.7232486706664,100
2024-09-19 12:10:16.741000,422.6622607405477,1002
2024-09-19 12:10:16.792000,422.6682132788526,96
2024-09-19 12:10:17.078000,422.6245013518025,9
2024-09-19 12:10:17.124000,422.6115275598648,100
2024-09-19 12:10:17.188000,422.627754052782,99
2024-09-19 12:10:17.273000,422.6374420217631,7
2024-09-19 12:10:17.347000,422.65095440566097,104
2024-09-19 12:10:17.356000,422.6141757402837,103
2024-09-19 12:10:17.381000,422.6121478779004,14
2024-09-19 12:10:17.400000,422.61319432886506,98
2024-09-19 12:10:17.457000,422.6484456318561,12
2024-09-19 12:10:17.461000,422.6272145849202,1000
2024-09-19 12:10:17.464000,422.6208029862513,103
2024-09-19 12:10:17.520000,422.62716201125056,5
2024-09-19 12:10:17.537000,422.6451882051766,5
2024-09-19 12:10:17.732000,422.6605967726695,99
2024-09-19 12:10:17.735000,422.624719966944,997
2024-09-19 12:10:17.840000,422.617366289332,10
2024-09-19 12:10:17.870000,422.6426502341907,14
2024-09-19 12:10:17.952000,422.6495744709047,11
2024-09-19 12:10:17.953000,422.6258133682808,9
2024-09-19 12:10:17.963000,422.6330810943619,996
2024-09-19 12:10:17.966000,422.6420280020443,999
2024-09-19 12:10:17.994000,422.6285445804376,8
2024-09-19 12:10:18.002000,422.59527505632735,105
2024-09-19 12:10:18.069000,422.62065192755824,10
2024-09-19 12:10:18.077000,422.5752087173116,997
2024-09-19 12:10:18.132000,422.6183704860448,11
2024-09-19 12:10:18.146000,422.57314839183846,14
2024-09-19 12:10:18.202000,422.6065505754306,11
2024-09-19 12:10:18.203000,422.6031407050057,96
2024-09-19 12:10:18.240000,422.6087539264244,997
2024-09-19 12:10:18.288000,422.57218421023583,14
2024-09-19 12:10:18.363000,422.5701985694355,10
2024-09-19 12:10:18.477000,422.6058927392474,11
2024-09-19 12:10:18.509000,422.6094699165714,12
2024-09-19 12:10:18.641000,422.6038658558051,102
2024-09-19 12:10:18.651000,422.6250645830197,14
2024-09-19 12:10:18.684000,422.6042723167817,104
2024-09-19 12:10:18.749000,422.5645787279556,98
2024-09-19 12:10:18.797000,422.6186632988351,998
2024-09-19 12:10:18.801000,422.6153225416484,105
2024-09-19 12:10:18.991000,422.5924256355468,999
2024-09-19 12:10:19.006000,422.6307815301894,998
2024-09-19 12:10:19.047000,422.6447664174127,97
2024-09-19 12:10:19.071000,422.6688423496289,102
2024-09-19 12:10:19.215000,422.5997332813365,11
2024-09-19 12:10:19.367000,422.6246914812496,15
2024-09-19 12:10:19.375000,422.6301876590561,99
2024-09-19 12:10:19.414000,422.61528302428087,14
2024-09-19 12:10:19.429000,422.6138676415313,1000
2024-09-19 12:10:19.472000,422.6271403357358,1001
2024-09-19 12:10:19.500000,422.63902969096506,99
2024-09-19 12:10:19.599000,422.6281776175864,97
2024-09-19 12:10:19.664000,422.58044793266606,10
2024-09-19 12:10:19.687000,422.6242161497178,13
2024-09-19 12:10:19.688000,422.5930479474082,10
2024-09-19 12:10:19.722000,422.5889560097255,102
2024-09-19 12:10:19.723000,422.5832718652453,6
2024-09-19 12:10:19.726000,422.6672778830361,15
2024-09-19 12:10:19.745000,422.5943082716244,7
2024-09-19 12:10:19.752000,422.6359578315104,13
2024-09-19 12:10:19.753000,422.6717099937625,15
2024-09-19 12:10:19.807000,422.6684658935052,9
2024-09-19 12:10:19.820000,422.6150817132792,1001
2024-09-19 12:10:19.838000,422.5926018251413,1002
2024-09-19 12:10:19.984000,422.6329367258206,12
2024-09-19 12:10:21.019000,422.75714700083495,101
2024-09-19 12:10:21.025000,422.7369010399544,102
2024-09-19 12:10:21.030000,422.72692828692055,1002
2024-09-19 12:10:21.072000,422.757303127272,101
2024-09-19 12:10:21.104000,422.7188092191647,102
2024-09-19 12:10:21.108000,422.6517589452836,98
2024-09-19 12:10:21.113000,422.6762655071949,9
2024-09-19 12:10:21.175000,422.7437623175559,10
2024-09-19 12:10:21.184000,422.7703723432622,99
2024-09-19 12:10:21.212000,422.6716508192761,100
2024-09-19 12:10:21.226000,422.708130081342,997
2024-09-19 12:10:21.251000,422.71398929192713,13
2024-09-19 12:10:21.255000,422.6645557645363,1001
2024-09-19 12:10:21.296000,422.6596189706119,6
2024-09-19 12:10:21.378000,422.6935461427397,997
2024-09-19 12:10:21.380000,422.70887508325535,1002
2024-09-19 12:10:21.408000,422.7327952042823,103
2024-09-19 12:10:21.428000,422.6867333867656,8
2024-09-19 12:10:21.513000,422.67737296165984,13
2024-09-19 12:10:21.519000,422.6884608185952,15
2024-09-19 12:10:21.560000,422.6584305819694,1004
2024-09-19 12:10:21.569000,422.6860266979529,998
2024-09-19 12:10:21.658000,422.6909828981103,102
2024-09-19 12:10:21.693000,422.725380740008,998
2024-09-19 12:10:21.738000,422.6650873153888,999
2024-09-19 12:10:21.759000,422.7492114115314,99
2024-09-19 12:10:21.790000,422.694950063239,14
2024-09-19 12:10:21.850000,422.6699119052989,10
2024-09-19 12:10:21.872000,422.6954562799109,1001
2024-09-19 12:10:21.959000,422.6805313517565,102
2024-09-19 12:10:22.672000,422.7361934633855,104
2024-09-19 12:10:22.896000,422.75782838141896,998
2024-09-19 12:10:23.136000,422.7179828417395,96
2024-09-19 12:10:23.317000,422.7181420219159,6
2024-09-19 12:10:23.322000,422.7363418359797,105
2024-09-19 12:10:23.993000,422.7439749834247,1003
2024-09-19 12:10:24.065000,422.7626553998928,98
2024-09-19 12:10:24.113000,422.802760219061,1001
2024-09-19 12:10:24.120000,422.7303641628865,15
2024-09-19 12:10:24.127000,422.7466999097948,998
2024-09-19 12:10:24.185000,422.77457819351673,1005
2024-09-19 12:10:24.232000,422.7919327477197,1004
2024-09-19 12:10:24.322000,422.8129592436221,102
2024-09-19 12:10:24.424000,422.7212332688091,9
2024-09-19 12:10:24.551000,422.7429016230344,1005
2024-09-19 12:10:24.646000,422.7413777625528,101
2024-09-19 12:10:24.732000,422.7327891181522,13
2024-09-19 12:10:24.736000,422.7990683671433,12
2024-09-19 12:10:24.821000,422.74728167930783,1002
2024-09-19 12:10:24.824000,422.78834262813047,99
2024-09-19 12:10:24.863000,422.7487117881844,1002
2024-09-19 12:10:24.954000,422.7191145681151,105
2024-09-19 12:10:25.028000,422.8684417206786,1004
2024-09-19 12:10:25.046000,422.8432455955078,8
2024-09-19 12:10:25.071000,422.8362838558318,97
2024-09-19 12:10:25.106000,422.803459092696,999
2024-09-19 12:10:25.169000,422.8739681031125,997
2024-09-19 12:10:25.195000,422.8120774263567,7
2024-09-19 12:10:25.263000,422.8703794596952,1003
2024-09-19 12:10:25.295000,422.8558970637794,7
2024-09-19 12:10:25.302000,422.8033227174153,11
2024-09-19 12:10:25.308000,422.8129129426707,104
2024-09-19 12:10:25.415000,422.86440377493545,8
2024-09-19 12:10:25.415000,422.8676333149952,14
2024-09-19 12:10:25.437000,422.8552549212706,14
2024-09-19 12:10:25.441000,422.8172497341101,6
2024-09-19 12:10:25.479000,422.8161234218124,1001
2024-09-19 12:10:25.512000,422.8739076160968,97
2024-09-19 12:10:25.589000,422.8178373836501,6
2024-09-19 12:10:25.601000,422.84299542053895,1002
2024-09-19 12:10:25.612000,422.829948912826,1003
2024-09-19 12:10:25.631000,422.8429550303437,995
2024-09-19 12:10:25.646000,422.8023856411903,1001
2024-09-19 12:10:25.734000,422.86179359281175,103
2024-09-19 12:10:25.781000,422.8484842589379,95
2024-09-19 12:10:25.825000,422.8296755804334,7
2024-09-19 12:10:25.866000,422.85161490044254,14
2024-09-19 12:10:25.876000,422.84425728103577,995
2024-09-19 12:10:25.918000,422.8847852106006,995
2024-09-19 12:10:25.920000,422.8351496711079,100
2024-09-19 12:10:26.057000,422.9548654893698,105
2024-09-19 12:10:26.083000,422.92226039840114,1003
2024-09-19 12:10:26.114000,422.98954913382016,100
2024-09-19 12:10:26.116000,422.99000608133895,99
2024-09-19 12:10:26.123000,422.9201380714616,1004
2024-09-19 12:10:26.141000,422.9814896369352,1000
2024-09-19 12:10:26.276000,422.93323759829866,10
2024-09-19 12:10:26.304000,422.9881733909996,96
2024-09-19 12:10:26.332000,422.9839835238416,997
2024-09-19 12:10:26.343000,422.9727676346285,11
2024-09-19 12:10:26.403000,422.9539263895889,8
2024-09-19 12:10:26.451000,422.9608212237284,14
2024-09-19 12:10:26.473000,422.9642166540902,6
2024-09-19 12:10:26.498000,422.967167398683,5
2024-09-19 12:10:26.507000,423.0034098015057,998
2024-09-19 12:10:26.518000,422.9151861738305,997
2024-09-19 12:10:26.542000,422.9455210089708,14
2024-09-19 12:10:26.590000,422.9775308974415,995
2024-09-19 12:10:26.593000,422.9824947962386,104
2024-09-19 12:10:26.607000,422.9713431317327,9
2024-09-19 12:10:26.666000,422.9659623979176,10
2024-09-19 12:10:26.714000,422.9345965145007,6
2024-09-19 12:10:26.764000,423.0083991563087,1001
2024-09-19 12:10:26.902000,422.9371324983794,7
2024-09-19 12:10:26.915000,422.90541663164953,104
2024-09-19 12:10:26.957000,422.97739062774593,995
2024-09-19 12:10:26.986000,422.9848468163368,998
2024-09-19 12:10:27.094000,422.8713727725653,1003
2024-09-19 12:10:27.131000,422.9723638229318,1005
2024-09-19 12:10:27.175000,422.92337334271787,96
2024-09-19 12:10:27.183000,422.9655777109834,5
2024-09-19 12:10:27.241000,422.8661290209411,95
2024-09-19 12:10:27.313000,422.9116137019056,105
2024-09-19 12:10:27.375000,422.86253872131095,103
2024-09-19 12:10:27.477000,422.9120349568496,9
2024-09-19 12:10:27.565000,422.8714656126569,95
2024-09-19 12:10:27.599000,422.8770596203351,1002
2024-09-19 12:10:27.631000,422.8754871612505,9
2024-09-19 12:10:27.641000,422.9736746825433,98
2024-09-19 12:10:27.691000,422.8708252738079,105
2024-09-19 12:10:27.756000,422.9798645216989,1004
2024-09-19 12:10:27.784000,422.8741450634826,996
2024-09-19 12:10:27.848000,422.96064903746407,7
2024-09-19 12:10:27.877000,422.8836073599309,99
2024-09-19 12:10:27.911000,422.8978314217073,10
2024-09-19 12:10:27.934000,422.9878375142888,998
2024-09-19 12:10:27.939000,422.8925787258965,7
2024-09-19 12:10:27.993000,422.8628983316482,102
2024-09-19 12:10:28.135000,422.8393577362302,12
2024-09-19 12:10:29.084000,422.8577345207762,5
2024-09-19 12:10:29.214000,422.825207752382,11
2024-09-19 12:10:29.216000,422.8272567879513,103
2024-09-19 12:10:29.243000,422.83532570058526,1002
2024-09-19 12:10:29.263000,422.8391334976313,1004
2024-09-19 12:10:29.269000,422.8482605074843,996
2024-09-19 12:10:29.296000,422.8152452898783,995
2024-09-19 12:10:29.334000,422.853261669814,1004
2024-09-19 12:10:29.346000,422.85190558088254,12
2024-09-19 12:10:29.427000,422.8491044310903,95
2024-09-19 12:10:29.483000,422.839852273713,97
2024-09-19 12:10:29.505000,422.8483597982261,12
2024-09-19 12:10:29.532000,422.85590684479575,996
2024-09-19 12:10:29.537000,422.8193085108264,998
2024-09-19 12:10:29.552000,422.8153431862352,105
2024-09-19 12:10:29.558000,422.8489590389216,999
2024-09-19 12:10:29.567000,422.8298420099728,102
2024-09-19 12:10:29.585000,422.8294871763165,7
2024-09-19 12:10:29.647000,422.8329044556875,5
2024-09-19 12:10:29.660000,422.8258150431814,1003
2024-09-19 12:10:29.734000,422.8336451633216,5
2024-09-19 12:10:29.785000,422.848946423694,997
2024-09-19 12:10:29.880000,422.8195084549965,996
2024-09-19 12:10:29.902000,422.837964262248,99
2024-09-19 12:10:30.037000,422.8057944793539,1001
2024-09-19 12:10:30.053000,422.7977341950916,995
2024-09-19 12:10:30.128000,422.7693608599243,104
2024-09-19 12:10:30.133000,422.7403121095177,1001
2024-09-19 12:10:30.182000,422.7354809119184,14
2024-09-19 12:10:30.183000,422.7466141581315,996
2024-09-19 12:10:30.220000,422.7743723031334,997
2024-09-19 12:10:30.226000,422.7981225102367,10
2024-09-19 12:10:30.311000,422.7597509473931,6
2024-09-19 12:10:30.366000,422.78252947081216,12
2024-09-19 12:10:30.391000,422.79993357073687,997
2024-09-19 12:10:30.415000,422.8002413810975,999
2024-09-19 12:10:30.418000,422.7791473128313,14
2024-09-19 12:10:30.424000,422.7464792301888,13
2024-09-19 12:10:30.439000,422.7419527569147,11
2024-09-19 12:10:30.452000,422.7841680580934,9
2024-09-19 12:10:30.456000,422.7672176573401,97
2024-09-19 12:10:30.567000,422.7972606610903,104
2024-09-19 12:10:30.615000,422.79478729985686,9
2024-09-19 12:10:30.653000,422.78490253031504,101
2024-09-19 12:10:30.692000,422.7952142199969,1005
2024-09-19 12:10:30.756000,422.77816088929166,1000
2024-09-19 12:10:30.842000,422.7460770735367,8
2024-09-19 12:10:30.858000,422.78358636219485,101
2024-09-19 12:10:30.865000,422.7681680011816,13
2024-09-19 12:10:30.890000,422.7532557513616,1001
2024-09-19 12:10:30.976000,422.7871677871319,101
2024-09-19 12:10:31.210000,422.8334789705178,5
2024-09-19 12:10:31.296000,422.8273173130032,998
2024-09-19 12:10:31.958000,422.83072934495584,996
2024-09-19 12:10:32.124000,422.848424746153,997
2024-09-19 12:10:32.133000,422.85332722667385,7
2024-09-19 12:10:32.162000,422.8309303747765,5
2024-09-19 12:10:32.256000,422.8636406528014,11
2024-09-19 12:10:32.395000,422.8250711362745,997
2024-09-19 12:10:32.522000,422.8453717074179,15
2024-09-19 12:10:32.642000,422.8617584115327,997
2024-09-19 12:10:32.801000,422.80729057619794,10
2024-09-19 12:10:32.849000,422.8466852255993,997
2024-09-19 12:10:32.967000,422.8504211322546,95
2024-09-19 12:10:33.043000,422.77795064407775,12
2024-09-19 12:10:33.159000,422.77915642938143,104
2024-09-19 12:10:33.377000,422.7638985238395,97
2024-09-19 12:10:33.518000,422.80769828011086,103
2024-09-19 12:10:33.584000,422.796448095035,9
2024-09-19 12:10:33.634000,422.8103105647235,105
2024-09-19 12:10:33.799000,422.7827127183979,98
2024-09-19 12:10:33.851000,422.7663011237684,96
2024-09-19 12:10:33.931000,422.7817179583932,9
2024-09-19 12:10:34.036000,422.8501306596276,996
2024-09-19 12:10:34.198000,422.9098273379845,15
2024-09-19 12:10:34.235000,422.91648195822114,95
2024-09-19 12:10:34.358000,422.82595182229545,8
2024-09-19 12:10:34.418000,422.7783849569181,105
2024-09-19 12:10:34.478000,422.9204831704872,101
2024-09-19 12:10:34.636000,422.8997353784343,104
2024-09-19 12:10:34.663000,422.8816282646592,7
2024-09-19 12:10:34.714000,422.9323557379473,1002
2024-09-19 12:10:34.750000,422.8948853929696,1005
2024-09-19 12:10:34.750000,422.8695459284399,999
2024-09-19 12:10:34.925000,422.87811392905735,1003
2024-09-19 12:10:34.941000,422.93292939753206,101
2024-09-19 12:10:34.977000,422.9266342382634,6
2024-09-19 12:10:35.013000,422.90704304304506,12
2024-09-19 12:10:35.073000,423.0134733578829,100
2024-09-19 12:10:35.112000,422.95305559365295,103
2024-09-19 12:10:35.148000,422.91775494605633,998
2024-09-19 12:10:35.165000,422.9332449221912,105
2024-09-19 12:10:35.260000,422.9115349479413,102
2024-09-19 12:10:35.409000,422.9172839382101,99
2024-09-19 12:10:35.467000,422.936761438892,7
2024-09-19 12:10:35.501000,422.9764168556587,10
2024-09-19 12:10:35.507000,422.99309218705554,9
2024-09-19 12:10:35.510000,422.9474690814507,999
2024-09-19 12:10:35.586000,423.0367059948851,12
2024-09-19 12:10:35.593000,422.9572082691587,96
2024-09-19 12:10:35.623000,422.9155151584059,996
2024-09-19 12:10:35.753000,423.0332167491063,96
2024-09-19 12:10:35.785000,422.95749948671823,103
2024-09-19 12:10:35.974000,423.014083060661,13
2024-09-19 12:10:36.076000,423.0416058558255,99
2024-09-19 12:10:36.130000,423.0813356376183,1001
2024-09-19 12:10:36.134000,423.05911990516256,98
2024-09-19 12:10:36.134000,423.0572395816124,12
2024-09-19 12:10:36.263000,423.0371744606941,96
2024-09-19 12:10:36.327000,423.06727082019137,98
2024-09-19 12:10:36.344000,423.0507454799368,997
2024-09-19 12:10:36.371000,423.04832654890976,13
2024-09-19 12:10:36.413000,423.0468187698248,5
2024-09-19 12:10:36.440000,423.0406196595331,1002
2024-09-19 12:10:36.650000,423.0911448612961,97
2024-09-19 12:10:36.736000,423.0619551272387,14
2024-09-19 12:10:36.843000,423.0362698230948,8
2024-09-19 12:10:36.877000,423.04653657567775,998
2024-09-19 12:10:36.883000,423.0476622758724,1004
2024-09-19 12:10:36.895000,423.0310926590239,12
2024-09-19 12:10:37.138000,423.0358268707684,1004
2024-09-19 12:10:37.153000,423.0147524596116,103
2024-09-19 12:10:37.254000,423.0046679666887,104
2024-09-19 12:10:37.272000,423.0311260178744,1000
2024-09-19 12:10:37.324000,423.0314657477295,11
2024-09-19 12:10:37.332000,423.01232559150367,101
2024-09-19 12:10:37.402000,423.0288272862714,8
2024-09-19 12:10:37.406000,423.0253143299213,100
2024-09-19 12:10:37.745000,423.01938459517663,12
2024-09-19 12:10:37.750000,423.0023122283831,95
2024-09-19 12:10:37.817000,423.0366440857882,95
2024-09-19 12:10:37.888000,423.0177382184356,11
2024-09-19 12:10:37.907000,423.0502499069476,996
2024-09-19 12:10:38.162000,423.0762200455515,95
2024-09-19 12:10:38.186000,423.0461870823821,99
2024-09-19 12:10:38.203000,423.0809667282212,105
2024-09-19 12:10:38.227000,423.07629552262495,99
2024-09-19 12:10:38.291000,423.0704326097511,98
2024-09-19 12:10:38.311000,423.0291757340258,995
2024-09-19 12:10:38.335000,423.0444864758953,5
2024-09-19 12:10:38.337000,423.0500415814473,96
2024-09-19 12:10:38.364000,423.037883182328,7
2024-09-19 12:10:38.375000,423.1031015910922,102
2024-09-19 12:10:38.432000,423.0653111639101,6
2024-09-19 12:10:38.440000,423.0365070324206,995
2024-09-19 12:10:38.511000,423.0624233306901,1000
2024-09-19 12:10:38.574000,423.0285370242768,102
2024-09-19 12:10:38.587000,423.0779904671493,13
2024-09-19 12:10:38.589000,423.0408663193814,95
2024-09-19 12:10:38.595000,423.04263987026354,95
2024-09-19 12:10:38.598000,423.0966804680453,999
2024-09-19 12:10:38.606000,423.10492067797946,995
2024-09-19 12:10:38.649000,423.0453830162829,13
2024-09-19 12:10:38.669000,423.0653367994987,5
2024-09-19 12:10:38.731000,423.035268990532,997
2024-09-19 12:10:38.733000,423.0472039321715,996
2024-09-19 12:10:38.816000,423.0443659662448,9
2024-09-19 12:10:38.841000,423.0899495325933,98
2024-09-19 12:10:38.911000,423.04064610035874,7
2024-09-19 12:10:39.027000,423.0044513321391,1005
2024-09-19 12:10:39.071000,423.03602037498376,1003
2024-09-19 12:10:39.076000,423.022012900137,996
2024-09-19 12:10:39.115000,422.9729806554079,7
2024-09-19 12:10:39.210000,423.00663823741854,997
2024-09-19 12:10:39.226000,423.00256869876654,97
2024-09-19 12:10:39.263000,423.0300778325019,102
2024-09-19 12:10:39.285000,423.0574175918008,15
2024-09-19 12:10:39.307000,423.0275628419847,8
2024-09-19 12:10:39.351000,423.01183168921705,98
2024-09-19 12:10:39.413000,422.9881719568911,11
2024-09-19 12:10:39.458000,423.03948173816354,95
2024-09-19 12:10:39.493000,423.0037115451488,7
2024-09-19 12:10:39.493000,422.9889204823836,12
2024-09-19 12:10:39.517000,423.0290399081729,14
2024-09-19 12:10:39.535000,423.0500962461076,1002
2024-09-19 12:10:39.558000,423.0123122052246,11
2024-09-19 12:10:39.594000,422.9883951760698,100
2024-09-19 12:10:39.626000,423.0229638367119,999
2024-09-19 12:10:39.695000,423.0266338606932,1003
2024-09-19 12:10:39.722000,423.02719323411264,11
2024-09-19 12:10:39.728000,423.02353611541736,101
2024-09-19 12:10:39.737000,423.0131222178127,1003
2024-09-19 12:10:39.753000,423.01292109765967,1003
2024-09-19 12:10:39.792000,423.0044630962967,6
2024-09-19 12:10:39.808000,423.04245001760944,105
2024-09-19 12:10:39.888000,422.9900975475208,12
2024-09-19 12:10:39.915000,422.9878109841536,98
2024-09-19 12:10:39.979000,423.0108580908198,104
2024-09-19 12:10:40.007000,423.0391420793574,102
2024-09-19 12:10:40.016000,423.1076959564919,1001
2024-09-19 12:10:40.036000,423.0699359965149,9
2024-09-19 12:10:40.123000,423.04466331676025,1003
2024-09-19 12:10:40.138000,423.05675387177246,100
2024-09-19 12:10:40.195000,423.0327357691273,995
2024-09-19 12:10:40.196000,423.0629435168043,995
2024-09-19 12:10:40.252000,423.0668502696013,1003
2024-09-19 12:10:40.273000,423.0538409344586,9
2024-09-19 12:10:40.349000,423.0297422878999,998
2024-09-19 12:10:40.380000,423.0400118560987,1002
2024-09-19 12:10:40.389000,423.13447404082,1001
2024-09-19 12:10:40.401000,423.05242327506215,15
2024-09-19 12:10:40.426000,423.0419297734625,1003
2024-09-19 12:10:40.443000,423.051237949147,105
2024-09-19 12:10:40.483000,423.0845822259764,8
2024-09-19 12:10:40.489000,423.0822609027567,101
2024-09-19 12:10:40.511000,423.0846182506859,1000
2024-09-19 12:10:40.546000,423.0730845970045,8
2024-09-19 12:10:40.560000,423.06905660353846,6
2024-09-19 12:10:40.631000,423.03546095834025,95
2024-09-19 12:10:40.768000,423.0255108446031,99
2024-09-19 12:10:40.793000,423.09639031656326,102
2024-09-19 12:10:40.867000,423.0497959805255,101
2024-09-19 12:10:40.871000,423.1234956901409,1003
2024-09-19 12:10:40.965000,423.003477415853,102
2024-09-19 12:10:40.968000,423.0781257639276,997
2024-09-19 12:10:41.056000,423.1787524848282,999
2024-09-19 12:10:41.059000,423.1479500911211,11
2024-09-19 12:10:41.132000,423.18892035940377,12
2024-09-19 12:10:41.142000,423.1339310904756,13
2024-09-19 12:10:41.152000,423.176744189771,1002
2024-09-19 12:10:41.152000,423.198847136829,999
2024-09-19 12:10:41.192000,423.1682877731275,12
2024-09-19 12:10:41.204000,423.1092193928641,11
2024-09-19 12:10:41.234000,423.1792065174648,1000
2024-09-19 12:10:41.254000,423.1279763179732,6
2024-09-19 12:10:41.284000,423.16670105193776,100
2024-09-19 12:10:41.292000,423.12893689467927,102
2024-09-19 12:10:41.303000,423.1316073255371,11
2024-09-19 12:10:41.378000,423.1725019023137,996
2024-09-19 12:10:41.401000,423.1209027649648,998
2024-09-19 12:10:41.467000,423.1693595205778,10
2024-09-19 12:10:41.478000,423.166561169966,95
2024-09-19 12:10:41.668000,423.18903777925993,13
2024-09-19 12:10:41.686000,423.1547368589863,6
2024-09-19 12:10:41.689000,423.1340181486323,100
2024-09-19 12:10:41.691000,423.1654146143958,98
2024-09-19 12:10:41.838000,423.17638848728114,10
2024-09-19 12:10:41.842000,423.18225237088586,11
2024-09-19 12:10:41.866000,423.183012537848,995
2024-09-19 12:10:41.898000,423.212725126432,97
2024-09-19 12:10:41.923000,423.1848112772944,1001
2024-09-19 12:10:41.941000,423.1585461836892,97
2024-09-19 12:10:42.034000,423.24836071039584,96
2024-09-19 12:10:42.093000,423.19677298485817,98
2024-09-19 12:10:42.251000,423.24948015048153,96
2024-09-19 12:10:42.296000,423.2135433283532,6
2024-09-19 12:10:42.407000,423.2130210811274,1003
2024-09-19 12:10:42.465000,423.2415710459536,102
2024-09-19 12:10:42.533000,423.2477790417088,98
2024-09-19 12:10:42.540000,423.1916106093581,104
2024-09-19 12:10:42.635000,423.25091441209526,7
2024-09-19 12:10:42.762000,423.2031221241516,96
2024-09-19 12:10:42.934000,423.2223033750213,7
2024-09-19 12:10:43.020000,423.2590162072097,101
2024-09-19 12:10:43.051000,423.1931039883706,10
2024-09-19 12:10:43.074000,423.2655560513147,8
2024-09-19 12:10:43.201000,423.2592104537723,105
2024-09-19 12:10:43.242000,423.2144953585316,5
2024-09-19 12:10:43.292000,423.2386701481663,15
2024-09-19 12:10:43.504000,423.2636875803138,1000
2024-09-19 12:10:43.519000,423.24903296423616,1003
2024-09-19 12:10:43.543000,423.2612590398934,1000
2024-09-19 12:10:43.584000,423.2212207716003,8
2024-09-19 12:10:43.680000,423.22985229745166,15
2024-09-19 12:10:43.698000,423.2820535107245,7
2024-09-19 12:10:43.744000,423.2290090855125,98
2024-09-19 12:10:43.761000,423.2168452824181,9
2024-09-19 12:10:43.763000,423.258287913996,13
2024-09-19 12:10:43.766000,423.230692840296,999
2024-09-19 12:10:43.977000,423.221439114318,9
2024-09-19 12:10:43.978000,423.2701579734074,95
2024-09-19 12:10:44.502000,423.282646192826,15
2024-09-19 12:10:45.087000,423.2492990046445,96
2024-09-19 12:10:45.090000,423.2420346855249,99
2024-09-19 12:10:45.096000,423.2482739375429,105
2024-09-19 12:10:45.132000,423.2329336304804,101
2024-09-19 12:10:45.172000,423.2187565435077,95
2024-09-19 12:10:45.198000,423.2398886636773,12
2024-09-19 12:10:45.207000,423.2198791150976,1002
2024-09-19 12:10:45.230000,423.2467541284,105
2024-09-19 12:10:45.289000,423.2821781571547,6
2024-09-19 12:10:45.308000,423.288767479684,995
2024-09-19 12:10:45.336000,423.2332655225211,1002
2024-09-19 12:10:45.397000,423.27422350913866,97
2024-09-19 12:10:45.461000,423.23980808383817,11
2024-09-19 12:10:45.562000,423.2313906800568,1005
2024-09-19 12:10:45.582000,423.2481159924415,103
2024-09-19 12:10:45.665000,423.25047635764446,12
2024-09-19 12:10:45.792000,423.2191420970441,15
2024-09-19 12:10:45.853000,423.28349133422296,12
2024-09-19 12:10:45.866000,423.248070380796,6
2024-09-19 12:10:45.878000,423.2393216462663,95
2024-09-19 12:10:45.935000,423.2327549260349,1004
2024-09-19 12:10:45.964000,423.2079711592115,998
2024-09-19 12:10:45.982000,423.2502251653301,104
2024-09-19 12:10:46.078000,423.1868997881225,1002
2024-09-19 12:10:46.209000,423.1767462768408,95
2024-09-19 12:10:46.273000,423.201656249587,999
2024-09-19 12:10:46.277000,423.2114588495346,101
2024-09-19 12:10:46.288000,423.1970156070706,95
2024-09-19 12:10:46.293000,423.207883936428,7
2024-09-19 12:10:46.336000,423.1851626955725,6
2024-09-19 12:10:46.474000,423.18044389235104,13
2024-09-19 12:10:46.820000,423.1891786293437,98
2024-09-19 12:10:46.834000,423.21176297807057,10
2024-09-19 12:10:46.932000,423.1788967654338,999
2024-09-19 12:10:47.043000,423.1350136422709,999
2024-09-19 12:10:47.050000,423.1589883604818,99
2024-09-19 12:10:47.112000,423.1551712079815,999
2024-09-19 12:10:47.140000,423.1827545234765,15
2024-09-19 12:10:47.141000,423.1855157776489,97
2024-09-19 12:10:47.196000,423.19172683749855,14
2024-09-19 12:10:47.206000,423.1387930082042,8
2024-09-19 12:10:47.209000,423.1726590540964,15
2024-09-19 12:10:47.284000,423.1862707204535,102
2024-09-19 12:10:47.356000,423.17310070227046,14
2024-09-19 12:10:47.373000,423.1599486317279,15
2024-09-19 12:10:47.422000,423.1208962032644,101
2024-09-19 12:10:47.574000,423.1422498027628,10
2024-09-19 12:10:47.594000,423.1249975926804,99
2024-09-19 12:10:47.615000,423.1433553768851,1002
2024-09-19 12:10:47.618000,423.1867135149059,14
2024-09-19 12:10:47.651000,423.17197389038586,1001
2024-09-19 12:10:47.671000,423.1755138088579,7
2024-09-19 12:10:47.680000,423.19595382010414,9
2024-09-19 12:10:47.682000,423.1458245356176,10
2024-09-19 12:10:47.690000,423.15505915777175,998
2024-09-19 12:10:47.722000,423.1636636754439,102
2024-09-19 12:10:47.784000,423.17471885371305,995
2024-09-19 12:10:47.812000,423.1900036064218,101
2024-09-19 12:10:47.925000,423.18086919463127,1003
2024-09-19 12:10:47.929000,423.1813435266338,104
2024-09-19 12:10:48.126000,423.1071376665351,9
2024-09-19 12:10:48.234000,423.0954939876601,5
2024-09-19 12:10:48.305000,423.1039854057523,8
2024-09-19 12:10:48.331000,423.1038321469533,100
2024-09-19 12:10:48.449000,423.1355770004329,6
2024-09-19 12:10:48.477000,423.1413021368509,5
2024-09-19 12:10:48.563000,423.1525156227167,9
2024-09-19 12:10:48.594000,423.1206572758255,8
2024-09-19 12:10:48.872000,423.1329971360887,1004
2024-09-19 12:10:48.970000,423.1335741324708,996
2024-09-19 12:10:49.046000,423.115711149989,998
2024-09-19 12:10:49.097000,423.19099117333474,8
2024-09-19 12:10:49.176000,423.1629629800242,100
2024-09-19 12:10:49.215000,423.112800573219,7
2024-09-19 12:10:49.249000,423.1696159720179,1002
2024-09-19 12:10:49.265000,423.178719075445,12
2024-09-19 12:10:49.276000,423.1116349712188,1005
2024-09-19 12:10:49.323000,423.1663226197046,10
2024-09-19 12:10:49.504000,423.1890416830835,99
2024-09-19 12:10:49.519000,423.1369719735458,96
2024-09-19 12:10:49.538000,423.17152674293936,99
2024-09-19 12:10:49.693000,423.1596319722199,998
2024-09-19 12:10:49.713000,423.1090000423445,97
2024-09-19 12:10:49.763000,423.1160228483033,1005
2024-09-19 12:10:49.857000,423.1074082413947,1002
2024-09-19 12:10:49.869000,423.1582228815384,1005
2024-09-19 12:10:49.881000,423.12417130577467,104
2024-09-19 12:10:50.143000,423.17998110163273,1003
2024-09-19 12:10:50.146000,423.1340557437635,1000
2024-09-19 12:10:50.365000,423.1869649196981,102
2024-09-19 12:10:50.428000,423.1364134371192,999
2024-09-19 12:10:50.466000,423.1254861405211,102
2024-09-19 12:10:50.501000,423.1956594420055,13
2024-09-19 12:10:50.585000,423.1325980191998,15
2024-09-19 12:10:50.600000,423.10943052811353,998
2024-09-19 12:10:50.602000,423.13329965705697,15
2024-09-19 12:10:50.668000,423.1700485242192,7
2024-09-19 12:10:50.776000,423.1712858326326,997
2024-09-19 12:10:51.021000,423.2118781822044,95
2024-09-19 12:10:51.084000,423.1282991157303,997
2024-09-19 12:10:51.108000,423.1979193204224,5
2024-09-19 12:10:51.155000,423.11349216378255,5
2024-09-19 12:10:51.163000,423.19226429893735,95
2024-09-19 12:10:51.212000,423.2072667036128,1001
2024-09-19 12:10:51.232000,423.1324697744631,102
2024-09-19 12:10:51.248000,423.20209481671753,5
2024-09-19 12:10:51.434000,423.2127999777176,105
2024-09-19 12:10:51.457000,423.2123780562056,99
2024-09-19 12:10:51.489000,423.1488047684709,996
2024-09-19 12:10:51.492000,423.19326985259113,101
2024-09-19 12:10:51.525000,423.1727447185119,96
2024-09-19 12:10:51.614000,423.1013899717564,99
2024-09-19 12:10:51.653000,423.2137714682128,1003
2024-09-19 12:10:51.736000,423.17584206165134,1001
2024-09-19 12:10:51.773000,423.10424752880544,14
2024-09-19 12:10:51.783000,423.1899676098165,11
2024-09-19 12:10:51.837000,423.1617097160516,9
2024-09-19 12:10:51.852000,423.2045258138307,8
2024-09-19 12:10:51.945000,423.1711212014016,1000
2024-09-19 12:10:51.970000,423.1726035419725,11
2024-09-19 12:10:51.972000,423.2195431925288,996
2024-09-19 12:10:52.063000,423.22637256662114,9
2024-09-19 12:10:52.523000,423.2368491831977,15
2024-09-19 12:10:52.528000,423.2213320368078,105
2024-09-19 12:10:53.077000,423.193906161374,96
2024-09-19 12:10:53.111000,423.178211034319,7
2024-09-19 12:10:53.276000,423.1887928984328,996
2024-09-19 12:10:53.294000,423.15918812311776,101
2024-09-19 12:10:53.321000,423.1882008233098,103
2024-09-19 12:10:53.449000,423.18500498948833,95
2024-09-19 12:10:53.491000,423.1752380557759,1002
2024-09-19 12:10:53.620000,423.18447748297,1003
2024-09-19 12:10:53.992000,423.18677263204887,5
2024-09-19 12:10:54.010000,423.20413837108975,999
2024-09-19 12:10:54.170000,423.187152608921,5
2024-09-19 12:10:54.292000,423.17909081486766,97
2024-09-19 12:10:54.292000,423.2020358563005,104
2024-09-19 12:10:54.294000,423.1746075537077,100
2024-09-19 12:10:54.295000,423.1879491520989,1002
2024-09-19 12:10:54.376000,423.1910258234604,998
2024-09-19 12:10:54.538000,423.1989426801487,998
2024-09-19 12:10:54.569000,423.19768838843606,1000
2024-09-19 12:10:54.853000,423.1867637391575,12
2024-09-19 12:10:55.107000,423.2190104890678,100
2024-09-19 12:10:55.189000,423.2097817840272,8
2024-09-19 12:10:55.219000,423.2305576393824,103
2024-09-19 12:10:55.647000,423.1986286884552,95
2024-09-19 12:10:55.673000,423.2210335453613,998
2024-09-19 12:10:56.082000,423.1937688198349,102
2024-09-19 12:10:56.114000,423.22017271929326,95
2024-09-19 12:10:56.126000,423.21262267637263,8
2024-09-19 12:10:56.141000,423.2266776842481,102
2024-09-19 12:10:56.181000,423.2163683363393,103
2024-09-19 12:10:56.211000,423.2309739248297,1005
2024-09-19 12:10:56.225000,423.22794548644544,1005
2024-09-19 12:10:56.311000,423.2226114108142,1001
2024-09-19 12:10:56.317000,423.1673420508891,100
2024-09-19 12:10:56.358000,423.18259204483456,105
2024-09-19 12:10:56.452000,423.195063527462,1004
2024-09-19 12:10:56.455000,423.2163377021445,12
2024-09-19 12:10:56.485000,423.2155698314463,97
2024-09-19 12:10:56.493000,423.2441297904671,1001
2024-09-19 12:10:56.501000,423.2141509377046,104
2024-09-19 12:10:56.545000,423.2054385925288,102
2024-09-19 12:10:56.656000,423.2158446759015,100
2024-09-19 12:10:56.794000,423.2040487525472,8
2024-09-19 12:10:56.911000,423.20069302817615,1000
2024-09-19 12:10:56.975000,423.1828178334189,5
2024-09-19 12:10:56.985000,423.2310284702475,5
2024-09-19 12:10:57.170000,423.2327729237295,998
2024-09-19 12:10:57.249000,423.2411733410703,995
2024-09-19 12:10:57.457000,423.2357931733778,998
2024-09-19 12:10:57.477000,423.2234652877215,98
2024-09-19 12:10:57.743000,423.2348975988095,8
2024-09-19 12:10:58.007000,423.18472731483735,995
2024-09-19 12:10:58.018000,423.1882219175455,14
2024-09-19 12:10:58.229000,423.2379754555296,995
2024-09-19 12:10:58.328000,423.2092811598189,105
2024-09-19 12:10:58.408000,423.2069021222492,1002
2024-09-19 12:10:58.718000,423.22852052854864,12
2024-09-19 12:10:58.876000,423.22128802252536,995
2024-09-19 12:10:59.165000,423.1842052878687,998
2024-09-19 12:10:59.324000,423.1069003853713,995
2024-09-19 12:10:59.336000,423.1012476120803,1000
2024-09-19 12:10:59.355000,423.1714631366352,1001
2024-09-19 12:10:59.364000,423.1431385585152,100
2024-09-19 12:10:59.436000,423.1193825511827,97
2024-09-19 12:10:59.452000,423.2189484610295,95
2024-09-19 12:10:59.489000,423.1782339512745,11
2024-09-19 12:10:59.495000,423.219410398012,101
2024-09-19 12:10:59.523000,423.1501547705664,102
2024-09-19 12:10:59.541000,423.1725726287594,7
2024-09-19 12:10:59.545000,423.1155202061509,997
2024-09-19 12:10:59.649000,423.13069549367657,100
2024-09-19 12:10:59.662000,423.2004066143239,105
2024-09-19 12:10:59.672000,423.2135368688261,9
2024-09-19 12:10:59.677000,423.1425669503831,5
2024-09-19 12:10:59.688000,423.1544675712576,102
2024-09-19 12:10:59.695000,423.13004913772113,997
2024-09-19 12:10:59.705000,423.1351597359152,9
2024-09-19 12:10:59.833000,423.1305824438514,996
2024-09-19 12:10:59.854000,423.105287466796,997
2024-09-19 12:10:59.855000,423.139482938072,1003
2024-09-19 12:10:59.914000,423.1269038731456,105
2024-09-19 12:10:59.919000,423.19636192559454,1002
2024-09-19 12:10:59.959000,423.2112588288837,998
