Timestamp,Price,Size
2024-09-19 14:22:00.009000,419.0929495308924,103
2024-09-19 14:22:00.010000,419.0540140001539,995
2024-09-19 14:22:00.033000,419.08691454353067,9
2024-09-19 14:22:00.071000,419.04039135740857,98
2024-09-19 14:22:00.216000,419.0897209541368,96
2024-09-19 14:22:00.280000,419.0766931597181,102
2024-09-19 14:22:00.339000,419.1099608095567,13
2024-09-19 14:22:00.357000,419.03925015256016,999
2024-09-19 14:22:00.376000,419.1142284833022,7
2024-09-19 14:22:00.471000,419.0397205770392,6
2024-09-19 14:22:00.659000,419.1082561031265,96
2024-09-19 14:22:00.718000,419.0591698770674,13
2024-09-19 14:22:00.811000,419.1106475130056,6
2024-09-19 14:22:00.858000,419.0623804610364,1000
2024-09-19 14:22:00.897000,419.1059039556515,1003
2024-09-19 14:22:00.944000,419.0908294141608,10
2024-09-19 14:22:01.099000,419.1169000226515,100
2024-09-19 14:22:01.112000,419.1271399299218,10
2024-09-19 14:22:01.556000,419.13834081688304,1005
2024-09-19 14:22:01.588000,419.169969143553,104
2024-09-19 14:22:01.664000,419.1391792985058,14
2024-09-19 14:22:01.869000,419.13074573045225,999
2024-09-19 14:22:01.886000,419.1642421739717,999
2024-09-19 14:22:02.109000,419.17618504655366,11
2024-09-19 14:22:02.118000,419.1673686655746,7
2024-09-19 14:22:02.201000,419.1542572775489,1000
2024-09-19 14:22:02.313000,419.1948073946232,14
2024-09-19 14:22:02.363000,419.16407824926114,6
2024-09-19 14:22:02.366000,419.1796507566061,1005
2024-09-19 14:22:02.418000,419.1684013680096,101
2024-09-19 14:22:02.424000,419.1472773841825,9
2024-09-19 14:22:02.548000,419.1781121473998,995
2024-09-19 14:22:02.666000,419.18226000210194,105
2024-09-19 14:22:02.668000,419.1538040761595,97
2024-09-19 14:22:02.918000,419.1413496737179,95
2024-09-19 14:22:02.966000,419.1580560388504,98
2024-09-19 14:22:02.972000,419.2068138294803,13
2024-09-19 14:22:02.990000,419.18364032103625,103
2024-09-19 14:22:02.993000,419.15703226673975,9
2024-09-19 14:22:03.553000,419.1699867868467,5
2024-09-19 14:22:03.579000,419.1736565048452,997
2024-09-19 14:22:04.146000,419.1545713384632,97
2024-09-19 14:22:04.348000,419.1555755241741,103
2024-09-19 14:22:05.129000,419.16389736283713,1002
2024-09-19 14:22:05.379000,419.1543656047062,100
2024-09-19 14:22:05.496000,419.139888577573,100
2024-09-19 14:22:06.080000,419.1104230665172,99
2024-09-19 14:22:06.116000,419.1798723616752,10
2024-09-19 14:22:06.116000,419.1507019938124,14
2024-09-19 14:22:06.248000,419.174055231467,8
2024-09-19 14:22:06.468000,419.1391869956816,12
2024-09-19 14:22:06.473000,419.1802467031995,104
2024-09-19 14:22:06.593000,419.16423636058784,103
2024-09-19 14:22:06.688000,419.1961330217954,7
2024-09-19 14:22:06.696000,419.173375643068,102
2024-09-19 14:22:06.706000,419.1657599371071,1005
2024-09-19 14:22:06.731000,419.1764573109059,104
2024-09-19 14:22:06.767000,419.1322253569827,12
2024-09-19 14:22:06.817000,419.1821050020219,997
2024-09-19 14:22:06.823000,419.1419002484093,15
2024-09-19 14:22:06.939000,419.17970285390777,102
2024-09-19 14:22:07.033000,419.1218397920324,1001
2024-09-19 14:22:07.142000,419.11493928735024,14
2024-09-19 14:22:07.343000,419.1029278335829,101
2024-09-19 14:22:07.392000,419.0935022276393,995
2024-09-19 14:22:07.466000,419.1105268570969,12
2024-09-19 14:22:07.564000,419.1019230216687,1003
2024-09-19 14:22:07.767000,419.11583432202445,1005
2024-09-19 14:22:07.884000,419.0984797408132,100
2024-09-19 14:22:07.903000,419.1024427995364,99
2024-09-19 14:22:07.990000,419.1053771885903,97
2024-09-19 14:22:08.004000,419.1382704490227,101
2024-09-19 14:22:08.013000,419.1115644779952,103
2024-09-19 14:22:08.033000,419.1983831473543,14
2024-09-19 14:22:08.059000,419.19895509472593,6
2024-09-19 14:22:08.122000,419.12021462212135,11
2024-09-19 14:22:08.143000,419.1385130209664,12
2024-09-19 14:22:08.187000,419.1714018643295,13
2024-09-19 14:22:08.222000,419.2030623189151,1003
2024-09-19 14:22:08.376000,419.167741009654,995
2024-09-19 14:22:08.445000,419.1216214026856,95
2024-09-19 14:22:08.604000,419.137849554876,95
2024-09-19 14:22:08.616000,419.12330656493145,1003
2024-09-19 14:22:08.630000,419.1813608903088,15
2024-09-19 14:22:08.696000,419.19132512746967,12
2024-09-19 14:22:08.747000,419.172203057845,1004
2024-09-19 14:22:08.764000,419.1867630407373,99
2024-09-19 14:22:08.797000,419.1601248335221,103
2024-09-19 14:22:08.804000,419.1728031056117,1000
2024-09-19 14:22:08.811000,419.1468823406083,10
2024-09-19 14:22:08.869000,419.10159313012576,95
2024-09-19 14:22:08.909000,419.2076722271851,99
2024-09-19 14:22:08.930000,419.1942681478634,9
2024-09-19 14:22:09.099000,419.1070915267208,102
2024-09-19 14:22:09.139000,419.0695501704981,995
2024-09-19 14:22:09.246000,419.0567980875295,997
2024-09-19 14:22:09.271000,419.0600925222225,95
2024-09-19 14:22:09.283000,419.0617443895114,1002
2024-09-19 14:22:09.295000,419.1312698021612,996
2024-09-19 14:22:09.351000,419.0696986830223,1002
2024-09-19 14:22:09.397000,419.0478959100969,1003
2024-09-19 14:22:09.440000,419.1004187622565,12
2024-09-19 14:22:09.446000,419.156672223155,104
2024-09-19 14:22:09.452000,419.0796400409503,1001
2024-09-19 14:22:09.558000,419.0639856906116,12
2024-09-19 14:22:09.563000,419.1015207619211,997
2024-09-19 14:22:09.574000,419.1415109072446,97
2024-09-19 14:22:09.607000,419.0978360434974,1001
2024-09-19 14:22:09.659000,419.1702801354042,12
2024-09-19 14:22:09.704000,419.0648232248331,1002
2024-09-19 14:22:09.783000,419.0692998097505,12
2024-09-19 14:22:09.915000,419.0951777291794,1003
2024-09-19 14:22:09.948000,419.1194546907085,7
2024-09-19 14:22:09.980000,419.0754487764164,12
2024-09-19 14:22:10.368000,419.08780329891977,1005
2024-09-19 14:22:10.380000,419.09490152956056,6
2024-09-19 14:22:10.406000,419.0231816053528,6
2024-09-19 14:22:10.421000,419.0426396691227,95
2024-09-19 14:22:10.542000,419.0774773686119,101
2024-09-19 14:22:10.585000,419.0498820614033,995
2024-09-19 14:22:10.599000,419.1054010732026,101
2024-09-19 14:22:10.611000,419.0539474499815,1000
2024-09-19 14:22:10.617000,419.0386727314101,103
2024-09-19 14:22:10.696000,419.027648351802,1005
2024-09-19 14:22:10.841000,419.09013670718633,103
2024-09-19 14:22:10.860000,419.1014390479985,997
2024-09-19 14:22:10.990000,419.0902184297052,999
2024-09-19 14:22:11.214000,419.0357455237646,1005
2024-09-19 14:22:11.225000,419.0367412450749,998
2024-09-19 14:22:11.381000,419.0356448627695,96
2024-09-19 14:22:11.405000,419.0362083182073,14
2024-09-19 14:22:11.764000,419.02697666195184,97
2024-09-19 14:22:11.778000,419.03344752948544,997
2024-09-19 14:22:11.919000,419.04124981753085,1005
2024-09-19 14:22:11.968000,419.0430318316191,102
2024-09-19 14:22:12.144000,419.0406572749716,997
2024-09-19 14:22:12.176000,419.0590386772511,101
2024-09-19 14:22:12.189000,419.1257578849149,95
2024-09-19 14:22:12.228000,419.06189297367325,999
2024-09-19 14:22:12.284000,419.1120417521237,104
2024-09-19 14:22:12.337000,419.0669531105451,13
2024-09-19 14:22:12.392000,419.0625413553656,102
2024-09-19 14:22:12.404000,419.0595015546514,95
2024-09-19 14:22:12.446000,419.0725583330256,1001
2024-09-19 14:22:12.458000,419.0526061150968,1001
2024-09-19 14:22:12.485000,419.181443277336,96
2024-09-19 14:22:12.518000,419.0599588159945,13
2024-09-19 14:22:12.578000,419.054333332951,996
2024-09-19 14:22:12.613000,419.0709031886236,104
2024-09-19 14:22:12.640000,419.0964743191733,9
2024-09-19 14:22:12.643000,419.1046536596477,96
2024-09-19 14:22:12.670000,419.098314009012,100
2024-09-19 14:22:12.683000,419.0612787353629,1005
2024-09-19 14:22:12.697000,419.07351741603856,997
2024-09-19 14:22:12.713000,419.0662953378559,998
2024-09-19 14:22:12.819000,419.06259986257845,7
2024-09-19 14:22:12.827000,419.0690761970841,997
2024-09-19 14:22:12.846000,419.1653847702111,95
2024-09-19 14:22:12.852000,419.0592072017393,103
2024-09-19 14:22:12.869000,419.0621805942755,999
2024-09-19 14:22:12.871000,419.1835537467015,12
2024-09-19 14:22:12.950000,419.08569600882953,99
2024-09-19 14:22:12.958000,419.0717030311274,7
2024-09-19 14:22:12.969000,419.1259216966438,105
2024-09-19 14:22:13.017000,419.1335136029849,1005
2024-09-19 14:22:13.070000,419.1206713337783,1001
2024-09-19 14:22:13.116000,419.1803018532795,9
2024-09-19 14:22:13.161000,419.19579520736033,99
2024-09-19 14:22:13.288000,419.1354345603092,13
2024-09-19 14:22:13.313000,419.1935242288554,14
2024-09-19 14:22:13.370000,419.1848240075335,105
2024-09-19 14:22:13.426000,419.2243371645443,95
2024-09-19 14:22:13.428000,419.2193603855122,1002
2024-09-19 14:22:13.439000,419.1605852181985,99
2024-09-19 14:22:13.540000,419.2184310226097,10
2024-09-19 14:22:13.551000,419.20876500651326,104
2024-09-19 14:22:13.558000,419.1988487984995,101
2024-09-19 14:22:13.605000,419.2101264779465,14
2024-09-19 14:22:13.642000,419.2074002193567,997
2024-09-19 14:22:13.643000,419.20398123165336,11
2024-09-19 14:22:13.659000,419.1740574683617,12
2024-09-19 14:22:13.753000,419.1420837245784,996
2024-09-19 14:22:13.770000,419.1762253396205,96
2024-09-19 14:22:13.777000,419.1504118689063,8
2024-09-19 14:22:13.817000,419.209262280118,8
2024-09-19 14:22:13.819000,419.1584652923932,1000
2024-09-19 14:22:13.824000,419.1702289361058,95
2024-09-19 14:22:13.871000,419.1958386642924,15
2024-09-19 14:22:13.958000,419.1726666772516,996
2024-09-19 14:22:14.144000,419.0930271125187,999
2024-09-19 14:22:14.280000,419.1225354439825,1005
2024-09-19 14:22:14.284000,419.1007012740394,96
2024-09-19 14:22:14.626000,419.1279564513917,103
2024-09-19 14:22:14.751000,419.09632776470863,9
2024-09-19 14:22:14.873000,419.1208192917449,8
2024-09-19 14:22:14.971000,419.0973240034284,100
2024-09-19 14:22:15.007000,419.0801662879725,1000
2024-09-19 14:22:15.094000,419.0961150594285,102
2024-09-19 14:22:15.118000,419.0898319945461,96
2024-09-19 14:22:15.124000,419.0993877233826,101
2024-09-19 14:22:15.132000,419.1140710878069,105
2024-09-19 14:22:15.138000,419.0678403279944,997
2024-09-19 14:22:15.177000,419.09701442835217,15
2024-09-19 14:22:15.232000,419.0951726925195,7
2024-09-19 14:22:15.249000,419.0622306660494,1004
2024-09-19 14:22:15.379000,419.1067456486884,105
2024-09-19 14:22:15.385000,419.0801073806141,999
2024-09-19 14:22:15.413000,419.08987509529857,100
2024-09-19 14:22:15.449000,419.0957646573684,1003
2024-09-19 14:22:15.486000,419.0814120056421,1003
2024-09-19 14:22:15.555000,419.0652312997855,101
2024-09-19 14:22:15.599000,419.0872573863685,12
2024-09-19 14:22:15.653000,419.0822059789831,105
2024-09-19 14:22:15.773000,419.08885281358846,105
2024-09-19 14:22:15.815000,419.07825461606063,995
2024-09-19 14:22:15.849000,419.0904673706384,6
2024-09-19 14:22:15.930000,419.1023636195302,102
2024-09-19 14:22:16.043000,419.07606101262365,100
2024-09-19 14:22:16.289000,419.065660217411,101
2024-09-19 14:22:16.555000,419.0749835528482,997
2024-09-19 14:22:16.679000,419.07650511839614,1002
2024-09-19 14:22:16.754000,419.06506310253855,103
2024-09-19 14:22:17.083000,419.0791703123475,99
2024-09-19 14:22:17.107000,419.0648043473481,95
2024-09-19 14:22:17.137000,419.06334163818633,1004
2024-09-19 14:22:17.172000,419.074494151955,7
2024-09-19 14:22:17.186000,419.03126716037593,5
2024-09-19 14:22:17.191000,419.0558338877692,5
2024-09-19 14:22:17.193000,419.0486919926829,105
2024-09-19 14:22:17.209000,419.08467637655286,98
2024-09-19 14:22:17.290000,419.037777675599,996
2024-09-19 14:22:17.294000,419.0597580648179,15
2024-09-19 14:22:17.365000,419.066620586692,1002
2024-09-19 14:22:17.421000,419.0566502232369,13
2024-09-19 14:22:17.658000,419.0589204790074,1004
2024-09-19 14:22:17.661000,419.0757058152541,13
2024-09-19 14:22:17.691000,419.0359545127652,105
2024-09-19 14:22:17.782000,419.0627394433588,11
2024-09-19 14:22:17.915000,419.0634218497924,103
2024-09-19 14:22:17.952000,419.0467370441776,99
2024-09-19 14:22:18.030000,419.0842784784784,95
2024-09-19 14:22:18.133000,419.07866030509285,11
2024-09-19 14:22:18.148000,419.0888502813263,997
2024-09-19 14:22:18.272000,419.0754536593982,8
2024-09-19 14:22:18.281000,419.0851810181198,102
2024-09-19 14:22:18.295000,419.0354788142365,995
2024-09-19 14:22:18.314000,419.0358465360009,100
2024-09-19 14:22:18.433000,419.0717364899679,12
2024-09-19 14:22:18.463000,419.0621843015503,10
2024-09-19 14:22:18.468000,419.04351899635975,8
2024-09-19 14:22:18.471000,419.06191062137583,1000
2024-09-19 14:22:18.622000,419.0817080091945,10
2024-09-19 14:22:18.663000,419.05604290623165,998
2024-09-19 14:22:18.750000,419.0713197361223,995
2024-09-19 14:22:18.814000,419.0601683425459,96
2024-09-19 14:22:18.851000,419.055011575222,100
2024-09-19 14:22:18.927000,419.0533776413368,103
2024-09-19 14:22:19.343000,419.0831165310328,6
2024-09-19 14:22:19.401000,419.062388884645,5
2024-09-19 14:22:19.409000,419.1048749826579,102
2024-09-19 14:22:19.562000,419.0721976468753,10
2024-09-19 14:22:19.909000,419.1133070673921,102
2024-09-19 14:22:20.124000,419.0886856157277,998
2024-09-19 14:22:20.593000,419.0977895742127,102
2024-09-19 14:22:20.801000,419.1216926854247,1000
2024-09-19 14:22:20.856000,419.08540961250617,96
2024-09-19 14:22:20.857000,419.1207806845166,1003
2024-09-19 14:22:21.019000,419.12254587916914,12
2024-09-19 14:22:21.033000,419.1021268044353,997
2024-09-19 14:22:21.190000,419.10619390187065,97
2024-09-19 14:22:21.358000,419.110991151333,99
2024-09-19 14:22:21.468000,419.1068215592635,96
2024-09-19 14:22:21.586000,419.13048823027606,98
2024-09-19 14:22:21.603000,419.1147504408506,103
2024-09-19 14:22:21.697000,419.11892874722986,103
2024-09-19 14:22:21.712000,419.1243383544543,101
2024-09-19 14:22:21.890000,419.14105334604193,1004
2024-09-19 14:22:21.985000,419.1163161264941,9
2024-09-19 14:22:22.017000,419.12205344126687,9
2024-09-19 14:22:22.345000,419.1299137653917,7
2024-09-19 14:22:22.785000,419.11446811618487,104
2024-09-19 14:22:22.977000,419.11590357285735,1003
2024-09-19 14:22:23.050000,419.1254744340502,103
2024-09-19 14:22:23.062000,419.1526331620154,14
2024-09-19 14:22:23.225000,419.13753964641046,101
2024-09-19 14:22:23.302000,419.15604676786353,9
2024-09-19 14:22:23.416000,419.1666962248729,999
2024-09-19 14:22:23.422000,419.144633160568,1001
2024-09-19 14:22:23.499000,419.1520194178439,100
2024-09-19 14:22:23.512000,419.1349619840154,8
2024-09-19 14:22:23.774000,419.1341625693475,1003
2024-09-19 14:22:23.789000,419.1333180705957,1001
2024-09-19 14:22:23.890000,419.1689097065848,1003
2024-09-19 14:22:23.929000,419.1280357930186,10
2024-09-19 14:22:23.976000,419.1490193500105,95
2024-09-19 14:22:24.376000,419.1486054110102,100
2024-09-19 14:22:24.465000,419.183258936609,999
2024-09-19 14:22:24.654000,419.1887692069795,13
2024-09-19 14:22:24.862000,419.1518235722191,96
2024-09-19 14:22:24.884000,419.1738812608322,103
2024-09-19 14:22:25.046000,419.21789955638536,1003
2024-09-19 14:22:25.090000,419.2630481434039,12
2024-09-19 14:22:25.108000,419.2415483003098,97
2024-09-19 14:22:25.119000,419.28124448861774,996
2024-09-19 14:22:25.133000,419.28666033290506,996
2024-09-19 14:22:25.143000,419.2824926997678,1000
2024-09-19 14:22:25.161000,419.2171102562937,1000
2024-09-19 14:22:25.249000,419.2593880319046,103
2024-09-19 14:22:25.304000,419.2595942686481,100
2024-09-19 14:22:25.360000,419.2565408021341,1000
2024-09-19 14:22:25.439000,419.1894287450048,9
2024-09-19 14:22:25.578000,419.2251514569842,1005
2024-09-19 14:22:25.610000,419.30251576757047,95
2024-09-19 14:22:25.630000,419.1841410964514,997
2024-09-19 14:22:25.691000,419.2584216351278,12
2024-09-19 14:22:25.774000,419.3046639193967,6
2024-09-19 14:22:25.790000,419.26911498046,997
2024-09-19 14:22:25.828000,419.2965582020268,9
2024-09-19 14:22:25.950000,419.2196796668161,995
2024-09-19 14:22:25.987000,419.2422309782291,13
2024-09-19 14:22:26.031000,419.28277495986777,98
2024-09-19 14:22:26.074000,419.2895046265404,14
2024-09-19 14:22:26.075000,419.2640382089858,14
2024-09-19 14:22:26.081000,419.2784923668261,1000
2024-09-19 14:22:26.178000,419.2741178634206,101
2024-09-19 14:22:26.193000,419.27830776127655,1003
2024-09-19 14:22:26.240000,419.2021764948822,99
2024-09-19 14:22:26.284000,419.2813443823748,103
2024-09-19 14:22:26.289000,419.278004205336,15
2024-09-19 14:22:26.347000,419.24540809274913,15
2024-09-19 14:22:26.376000,419.2643765639144,102
2024-09-19 14:22:26.378000,419.26253534549886,10
2024-09-19 14:22:26.395000,419.2005094889056,1001
2024-09-19 14:22:26.473000,419.281394258329,14
2024-09-19 14:22:26.525000,419.2238348955422,1001
2024-09-19 14:22:26.545000,419.23469642539874,1004
2024-09-19 14:22:26.613000,419.1982017341304,6
2024-09-19 14:22:26.686000,419.25178388335473,998
2024-09-19 14:22:26.690000,419.2062844471293,103
2024-09-19 14:22:26.722000,419.286198542658,95
2024-09-19 14:22:26.791000,419.270359720081,12
2024-09-19 14:22:26.817000,419.2531255233508,1001
2024-09-19 14:22:26.881000,419.1957887256043,5
2024-09-19 14:22:26.892000,419.2356339159008,997
2024-09-19 14:22:27.002000,419.292590627082,13
2024-09-19 14:22:27.066000,419.31077663976936,1004
2024-09-19 14:22:27.080000,419.2159472032489,6
2024-09-19 14:22:27.130000,419.3066658341205,95
2024-09-19 14:22:27.189000,419.2786060825973,100
2024-09-19 14:22:27.198000,419.24045836936574,1005
2024-09-19 14:22:27.232000,419.231176127146,1001
2024-09-19 14:22:27.251000,419.2776627268034,995
2024-09-19 14:22:27.263000,419.2101529419383,995
2024-09-19 14:22:27.282000,419.27571713458326,1003
2024-09-19 14:22:27.325000,419.21872860266745,95
2024-09-19 14:22:27.376000,419.241558924671,1001
2024-09-19 14:22:27.387000,419.29801220892415,99
2024-09-19 14:22:27.407000,419.236170299172,999
2024-09-19 14:22:27.408000,419.3001566018735,6
2024-09-19 14:22:27.464000,419.30294422103793,998
2024-09-19 14:22:27.482000,419.2285677005405,99
2024-09-19 14:22:27.501000,419.2963942704319,104
2024-09-19 14:22:27.512000,419.24251741979,995
2024-09-19 14:22:27.515000,419.2275097924845,103
2024-09-19 14:22:27.539000,419.2246482024862,14
2024-09-19 14:22:27.572000,419.2374344290341,10
2024-09-19 14:22:27.630000,419.2132376391754,1005
2024-09-19 14:22:27.646000,419.2133423295753,7
2024-09-19 14:22:27.747000,419.2255374235014,9
2024-09-19 14:22:27.835000,419.25720783051264,10
2024-09-19 14:22:27.867000,419.2258576153859,1005
2024-09-19 14:22:27.941000,419.24319633393424,5
2024-09-19 14:22:27.990000,419.2316784016494,100
2024-09-19 14:22:28.014000,419.2103176312229,10
2024-09-19 14:22:28.026000,419.2582008277007,12
2024-09-19 14:22:28.051000,419.25769698016,14
2024-09-19 14:22:28.069000,419.2662981512871,100
2024-09-19 14:22:28.162000,419.2319770894726,13
2024-09-19 14:22:28.178000,419.2345626962783,11
2024-09-19 14:22:28.203000,419.2127739581868,13
2024-09-19 14:22:28.247000,419.2395444880953,9
2024-09-19 14:22:28.268000,419.2629865623287,14
2024-09-19 14:22:28.279000,419.2237717027516,11
2024-09-19 14:22:28.303000,419.2148151157531,996
2024-09-19 14:22:28.387000,419.2410803349871,7
2024-09-19 14:22:28.411000,419.2469458429996,98
2024-09-19 14:22:28.418000,419.2107877244294,996
2024-09-19 14:22:28.515000,419.2572430012869,14
2024-09-19 14:22:28.563000,419.2267193600418,8
2024-09-19 14:22:28.616000,419.2616169524224,98
2024-09-19 14:22:28.659000,419.2602660301601,9
2024-09-19 14:22:28.663000,419.2456795386008,998
2024-09-19 14:22:28.671000,419.28003860200806,998
2024-09-19 14:22:28.758000,419.2014009148018,96
2024-09-19 14:22:28.762000,419.2655298321865,1005
2024-09-19 14:22:28.784000,419.2692848943943,96
2024-09-19 14:22:28.841000,419.2094046687466,8
2024-09-19 14:22:28.884000,419.22245870200527,1000
2024-09-19 14:22:28.896000,419.26649618111526,1001
2024-09-19 14:22:29.015000,419.26407515138646,1001
2024-09-19 14:22:29.019000,419.217991230101,96
2024-09-19 14:22:29.037000,419.23549697025015,6
2024-09-19 14:22:29.065000,419.23626659706594,9
2024-09-19 14:22:29.115000,419.25239889503104,104
2024-09-19 14:22:29.203000,419.2230684951912,10
2024-09-19 14:22:29.226000,419.2674574498198,995
2024-09-19 14:22:29.306000,419.227932680008,6
2024-09-19 14:22:29.320000,419.2349508188756,6
2024-09-19 14:22:29.385000,419.2047633381952,101
2024-09-19 14:22:29.419000,419.2199587271497,15
2024-09-19 14:22:29.425000,419.2059160016081,6
2024-09-19 14:22:29.426000,419.252089601883,101
2024-09-19 14:22:29.439000,419.2190945021861,1002
2024-09-19 14:22:29.461000,419.2510121660383,7
2024-09-19 14:22:29.532000,419.2115390207348,103
2024-09-19 14:22:29.548000,419.2443414204376,14
2024-09-19 14:22:29.653000,419.22757029356114,96
2024-09-19 14:22:29.932000,419.1957477442997,999
2024-09-19 14:22:30.116000,419.206162921083,1003
2024-09-19 14:22:30.152000,419.22118274429744,1005
2024-09-19 14:22:30.195000,419.2173326646302,102
2024-09-19 14:22:30.233000,419.2119901356612,997
2024-09-19 14:22:30.313000,419.1773070764217,7
2024-09-19 14:22:30.314000,419.2007158435809,99
2024-09-19 14:22:30.334000,419.2170503510576,12
2024-09-19 14:22:30.382000,419.1961502346803,1003
2024-09-19 14:22:30.526000,419.20204612173694,997
2024-09-19 14:22:30.531000,419.185659761741,7
2024-09-19 14:22:30.563000,419.2439961988259,998
2024-09-19 14:22:30.578000,419.2120362275238,13
2024-09-19 14:22:30.609000,419.2142873175882,12
2024-09-19 14:22:30.708000,419.2140058453215,95
2024-09-19 14:22:30.748000,419.2350127890347,999
2024-09-19 14:22:30.858000,419.2347891436228,9
2024-09-19 14:22:30.936000,419.22224801633496,5
2024-09-19 14:22:30.945000,419.2159261418337,995
2024-09-19 14:22:31.046000,419.21523044610535,10
2024-09-19 14:22:31.098000,419.2170595368449,11
2024-09-19 14:22:31.100000,419.222221615244,95
2024-09-19 14:22:31.163000,419.2457883878253,15
2024-09-19 14:22:31.171000,419.2335348031662,8
2024-09-19 14:22:31.217000,419.2346822043353,105
2024-09-19 14:22:31.319000,419.235119546717,10
2024-09-19 14:22:31.408000,419.2096654419243,1000
2024-09-19 14:22:31.577000,419.25604912627233,1000
2024-09-19 14:22:31.582000,419.2326030620204,1004
2024-09-19 14:22:31.801000,419.2290666838476,101
2024-09-19 14:22:31.866000,419.2329297371604,1000
2024-09-19 14:22:31.967000,419.23793319428495,1004
2024-09-19 14:22:33.032000,419.16327509434456,5
2024-09-19 14:22:33.040000,419.19481313464496,1002
2024-09-19 14:22:33.065000,419.14314550933136,1002
2024-09-19 14:22:33.065000,419.2049070982375,103
2024-09-19 14:22:33.082000,419.1853282194359,8
2024-09-19 14:22:33.154000,419.1767758167261,96
2024-09-19 14:22:33.163000,419.1526498867383,1000
2024-09-19 14:22:33.171000,419.1342459473887,995
2024-09-19 14:22:33.177000,419.151875439493,14
2024-09-19 14:22:33.205000,419.1839451590956,97
2024-09-19 14:22:33.314000,419.16561689254746,104
2024-09-19 14:22:33.317000,419.16947950682095,103
2024-09-19 14:22:33.349000,419.21914683598266,12
2024-09-19 14:22:33.364000,419.1548843721228,103
2024-09-19 14:22:33.365000,419.1543788299832,102
2024-09-19 14:22:33.373000,419.16035511256376,104
2024-09-19 14:22:33.407000,419.17446791279616,1005
2024-09-19 14:22:33.739000,419.18911026263305,1000
2024-09-19 14:22:33.820000,419.1671615833831,1004
2024-09-19 14:22:33.830000,419.1643242589548,1003
2024-09-19 14:22:33.891000,419.1326156851652,13
2024-09-19 14:22:33.914000,419.12768223749015,103
2024-09-19 14:22:33.961000,419.2238905825095,11
2024-09-19 14:22:33.969000,419.179715508246,1001
2024-09-19 14:22:33.987000,419.1693541554716,5
2024-09-19 14:22:34.097000,419.1313163231122,10
2024-09-19 14:22:34.105000,419.11895807035967,8
2024-09-19 14:22:34.112000,419.1567628874986,7
2024-09-19 14:22:34.204000,419.1343851778673,9
2024-09-19 14:22:34.224000,419.1439614994344,99
2024-09-19 14:22:34.287000,419.1451957622171,6
2024-09-19 14:22:34.336000,419.12433235669846,15
2024-09-19 14:22:34.340000,419.14384479936257,96
2024-09-19 14:22:34.366000,419.1229268698707,97
2024-09-19 14:22:34.399000,419.128577400656,104
2024-09-19 14:22:34.577000,419.1280137031669,1005
2024-09-19 14:22:34.617000,419.14840511124646,1002
2024-09-19 14:22:34.680000,419.1459444702796,998
2024-09-19 14:22:34.707000,419.1268726354093,12
2024-09-19 14:22:34.732000,419.14805714189725,102
2024-09-19 14:22:34.781000,419.1574571204662,100
2024-09-19 14:22:34.894000,419.1207987741739,14
2024-09-19 14:22:34.916000,419.12493936358703,96
2024-09-19 14:22:34.989000,419.1275638331191,9
2024-09-19 14:22:35.058000,419.1311391587547,7
2024-09-19 14:22:35.081000,419.1321502903396,1001
2024-09-19 14:22:35.109000,419.11035956247537,101
2024-09-19 14:22:35.119000,419.12207483490096,1002
2024-09-19 14:22:35.207000,419.1044436799352,97
2024-09-19 14:22:35.240000,419.1167882714237,95
2024-09-19 14:22:35.241000,419.11812696668267,7
2024-09-19 14:22:35.259000,419.117456484477,100
2024-09-19 14:22:35.265000,419.1401996439635,99
2024-09-19 14:22:35.320000,419.1124433425856,103
2024-09-19 14:22:35.320000,419.0858496418924,96
2024-09-19 14:22:35.341000,419.11945643557897,999
2024-09-19 14:22:35.349000,419.07893093832274,96
2024-09-19 14:22:35.359000,419.0615225476545,10
2024-09-19 14:22:35.369000,419.0904609370157,96
2024-09-19 14:22:35.408000,419.0781910126184,15
2024-09-19 14:22:35.491000,419.1326975816768,15
2024-09-19 14:22:35.524000,419.1081402254931,1003
2024-09-19 14:22:35.567000,419.1070182928695,1002
2024-09-19 14:22:35.597000,419.1115120308236,98
2024-09-19 14:22:35.611000,419.108678005502,9
2024-09-19 14:22:35.640000,419.1076647013824,1001
2024-09-19 14:22:35.654000,419.0914737329232,1001
2024-09-19 14:22:35.758000,419.11681964666377,1004
2024-09-19 14:22:35.798000,419.1233450574177,1002
2024-09-19 14:22:35.832000,419.1184996381586,104
2024-09-19 14:22:35.947000,419.06832873697954,11
2024-09-19 14:22:36.039000,419.03003985272426,9
2024-09-19 14:22:36.112000,419.09547843350015,100
2024-09-19 14:22:36.188000,419.11584335277104,997
2024-09-19 14:22:36.196000,419.0889805959591,103
2024-09-19 14:22:36.235000,419.0602029878655,5
2024-09-19 14:22:36.251000,419.1039912882448,96
2024-09-19 14:22:36.369000,419.1393114397549,6
2024-09-19 14:22:36.374000,419.014944670581,999
2024-09-19 14:22:36.427000,419.1082538561237,12
2024-09-19 14:22:36.446000,418.9986808002024,8
2024-09-19 14:22:36.455000,419.08120787896496,101
2024-09-19 14:22:36.486000,419.07012240853584,1001
2024-09-19 14:22:36.490000,419.0589255472265,998
2024-09-19 14:22:36.492000,418.98588177639846,11
2024-09-19 14:22:36.525000,419.1141602282592,996
2024-09-19 14:22:36.568000,419.12951897750577,1001
2024-09-19 14:22:36.675000,419.0650426064103,98
2024-09-19 14:22:36.684000,419.1364024623747,5
2024-09-19 14:22:36.694000,419.1095992401062,100
2024-09-19 14:22:36.705000,419.09553468690245,999
2024-09-19 14:22:36.774000,419.0023159282919,6
2024-09-19 14:22:36.788000,419.1315912524785,95
2024-09-19 14:22:36.789000,419.04509313435625,95
2024-09-19 14:22:36.802000,419.1201470833203,101
2024-09-19 14:22:36.815000,419.1018078579543,8
2024-09-19 14:22:36.826000,419.0522746782311,1005
2024-09-19 14:22:36.851000,418.99608627578846,1000
2024-09-19 14:22:36.854000,419.0954746808127,1004
2024-09-19 14:22:36.932000,419.00879677655416,11
2024-09-19 14:22:36.978000,419.1100201732091,13
2024-09-19 14:22:37.015000,418.95036264074986,99
2024-09-19 14:22:37.034000,418.9186376390097,997
2024-09-19 14:22:37.077000,418.9307940368117,7
2024-09-19 14:22:37.129000,418.96508395236975,14
2024-09-19 14:22:37.188000,418.9692821672358,14
2024-09-19 14:22:37.224000,418.9981935308599,11
2024-09-19 14:22:37.227000,418.9883156022413,9
2024-09-19 14:22:37.284000,418.9723294257348,5
2024-09-19 14:22:37.290000,418.9473637003289,7
2024-09-19 14:22:37.292000,419.0032732824108,101
2024-09-19 14:22:37.454000,418.9184113224991,6
2024-09-19 14:22:37.487000,418.9844677445867,95
2024-09-19 14:22:37.489000,418.9321103826508,102
2024-09-19 14:22:37.504000,418.919000825957,998
2024-09-19 14:22:37.544000,418.983883338509,99
2024-09-19 14:22:37.678000,419.0052107240385,96
2024-09-19 14:22:37.683000,418.958859256376,97
2024-09-19 14:22:37.683000,418.9773458247128,1002
2024-09-19 14:22:37.737000,418.91328347504987,9
2024-09-19 14:22:37.743000,418.9337711678348,15
2024-09-19 14:22:37.796000,418.94540759685566,102
2024-09-19 14:22:37.801000,418.9896906044508,7
2024-09-19 14:22:38.034000,418.9209731452684,5
2024-09-19 14:22:38.103000,418.9232145736797,97
2024-09-19 14:22:38.103000,418.91343335439024,99
2024-09-19 14:22:38.152000,418.9246099961736,97
2024-09-19 14:22:38.259000,418.9257975426888,15
2024-09-19 14:22:38.284000,418.9260181688836,96
2024-09-19 14:22:38.293000,418.9183925562592,95
2024-09-19 14:22:38.407000,418.9104620201287,102
2024-09-19 14:22:38.453000,418.9118200802419,12
2024-09-19 14:22:38.454000,418.9104405302988,997
2024-09-19 14:22:38.533000,418.9397003808612,95
2024-09-19 14:22:38.551000,418.93732438535415,100
2024-09-19 14:22:38.564000,418.9322463076055,6
2024-09-19 14:22:38.627000,418.9313851382779,1001
2024-09-19 14:22:38.684000,418.9347807627078,104
2024-09-19 14:22:38.742000,418.91243956858335,96
2024-09-19 14:22:38.754000,418.8961291470175,9
2024-09-19 14:22:38.773000,418.9447831289001,998
2024-09-19 14:22:38.782000,418.8961591850254,7
2024-09-19 14:22:38.788000,418.9274303882885,1004
2024-09-19 14:22:38.822000,418.9042505681586,7
2024-09-19 14:22:38.981000,418.9273205782318,11
2024-09-19 14:22:39.114000,418.9445892775477,103
2024-09-19 14:22:39.443000,418.9737706598453,998
2024-09-19 14:22:39.833000,418.9460673411885,1004
2024-09-19 14:22:39.963000,418.9689043667111,1001
2024-09-19 14:22:39.990000,418.94640001733865,998
2024-09-19 14:22:40.389000,418.9654143586917,95
2024-09-19 14:22:40.501000,418.9754564559943,7
2024-09-19 14:22:40.712000,418.9705539072092,6
2024-09-19 14:22:40.839000,418.9894936251549,100
2024-09-19 14:22:40.925000,418.9654123048328,999
2024-09-19 14:22:40.979000,418.971838192345,103
2024-09-19 14:22:41.028000,418.98859373312655,96
2024-09-19 14:22:41.168000,419.07275665772175,996
2024-09-19 14:22:41.169000,418.99105346320215,1005
2024-09-19 14:22:41.194000,419.0818036295289,8
2024-09-19 14:22:41.285000,419.0276791137188,103
2024-09-19 14:22:41.411000,418.9815187603302,1002
2024-09-19 14:22:41.412000,419.0784324200061,5
2024-09-19 14:22:41.441000,419.0730184117688,96
2024-09-19 14:22:41.533000,419.0625296395953,1002
2024-09-19 14:22:41.567000,419.0695603810159,1000
2024-09-19 14:22:41.674000,419.04186688816304,1004
2024-09-19 14:22:41.923000,419.0263896600357,13
2024-09-19 14:22:42.045000,419.0796675625685,15
2024-09-19 14:22:42.084000,419.1879556570698,11
2024-09-19 14:22:42.137000,419.1312550953361,1005
2024-09-19 14:22:42.190000,419.17840953722754,1003
2024-09-19 14:22:42.317000,419.1712287979587,12
2024-09-19 14:22:42.426000,419.092846376412,1001
2024-09-19 14:22:42.438000,419.0698306194387,999
2024-09-19 14:22:42.449000,419.1523513439549,99
2024-09-19 14:22:42.550000,419.15185120335474,1000
2024-09-19 14:22:42.582000,419.0989082698619,105
2024-09-19 14:22:42.664000,419.1792738112525,100
2024-09-19 14:22:42.707000,419.07412372975296,104
2024-09-19 14:22:42.758000,419.1967321063264,1004
2024-09-19 14:22:42.879000,419.0673816319018,1004
2024-09-19 14:22:42.917000,419.1265229278778,1004
2024-09-19 14:22:42.961000,419.1759172309771,998
2024-09-19 14:22:42.970000,419.071508216094,5
2024-09-19 14:22:42.973000,419.1150531865934,101
2024-09-19 14:22:42.975000,419.1416567014148,12
2024-09-19 14:22:43.050000,419.1582115552094,1004
2024-09-19 14:22:43.120000,419.2082058480599,95
2024-09-19 14:22:43.138000,419.1940401076669,7
2024-09-19 14:22:43.248000,419.2159324938521,7
2024-09-19 14:22:43.317000,419.1750773124472,5
2024-09-19 14:22:43.445000,419.2057824612609,1004
2024-09-19 14:22:43.499000,419.2195796637381,9
2024-09-19 14:22:43.520000,419.2060824306288,5
2024-09-19 14:22:43.571000,419.1854295624483,997
2024-09-19 14:22:43.620000,419.19592705236965,99
2024-09-19 14:22:43.654000,419.1671451183664,995
2024-09-19 14:22:43.743000,419.1953024801762,10
2024-09-19 14:22:43.805000,419.18051200640025,11
2024-09-19 14:22:43.810000,419.2023670803155,101
2024-09-19 14:22:43.846000,419.2080539358474,104
2024-09-19 14:22:44.022000,419.2124539889767,999
2024-09-19 14:22:44.084000,419.18924527147226,97
2024-09-19 14:22:44.109000,419.1805650340804,14
2024-09-19 14:22:44.131000,419.22136383993495,101
2024-09-19 14:22:44.173000,419.1885755153856,103
2024-09-19 14:22:44.274000,419.2286542511285,100
2024-09-19 14:22:44.413000,419.1784574667779,7
2024-09-19 14:22:44.658000,419.22237072481454,96
2024-09-19 14:22:44.692000,419.20631376200186,6
2024-09-19 14:22:44.934000,419.1933155092186,14
2024-09-19 14:22:44.937000,419.232895552763,100
2024-09-19 14:22:45.017000,419.1747399123321,995
2024-09-19 14:22:45.027000,419.2221966844531,995
2024-09-19 14:22:45.066000,419.190339546988,6
2024-09-19 14:22:45.088000,419.22783277508375,996
2024-09-19 14:22:45.139000,419.1995210196153,97
2024-09-19 14:22:45.190000,419.2509725583717,105
2024-09-19 14:22:45.253000,419.23437433957145,1004
2024-09-19 14:22:45.278000,419.177996148261,999
2024-09-19 14:22:45.290000,419.2288652807295,996
2024-09-19 14:22:45.431000,419.2397594926748,97
2024-09-19 14:22:45.495000,419.1992934882945,1001
2024-09-19 14:22:45.528000,419.2307290661283,9
2024-09-19 14:22:45.562000,419.20133009838656,8
2024-09-19 14:22:45.612000,419.2126106170474,8
2024-09-19 14:22:45.645000,419.2544923798175,100
2024-09-19 14:22:45.711000,419.20587762881263,105
2024-09-19 14:22:45.770000,419.1832095123728,1002
2024-09-19 14:22:45.796000,419.2542668090287,6
2024-09-19 14:22:45.811000,419.2365814746014,96
2024-09-19 14:22:45.905000,419.1978659378018,999
2024-09-19 14:22:45.921000,419.2382552768205,101
2024-09-19 14:22:46.035000,419.2504824019637,1005
2024-09-19 14:22:46.126000,419.2487086969154,10
2024-09-19 14:22:46.160000,419.2582034323261,103
2024-09-19 14:22:46.402000,419.2482738248228,101
2024-09-19 14:22:46.470000,419.2802456917846,5
2024-09-19 14:22:46.530000,419.2504655919605,105
2024-09-19 14:22:46.574000,419.25879921289607,1004
2024-09-19 14:22:46.863000,419.250646998845,8
2024-09-19 14:22:46.886000,419.2468471941652,102
2024-09-19 14:22:46.987000,419.2421908629349,11
2024-09-19 14:22:47.012000,419.25832575467217,998
2024-09-19 14:22:47.187000,419.27192838689496,6
2024-09-19 14:22:47.226000,419.1615535858987,96
2024-09-19 14:22:47.246000,419.2263664663564,1004
2024-09-19 14:22:47.364000,419.1914483695679,7
2024-09-19 14:22:47.396000,419.2507753313749,11
2024-09-19 14:22:47.443000,419.236700150908,98
2024-09-19 14:22:47.600000,419.2648563893338,100
2024-09-19 14:22:47.638000,419.2192871514071,11
2024-09-19 14:22:47.646000,419.2435923285067,98
2024-09-19 14:22:47.709000,419.23209485696935,11
2024-09-19 14:22:47.737000,419.2131676215101,102
2024-09-19 14:22:47.799000,419.2341897839672,103
2024-09-19 14:22:47.824000,419.1988870674248,103
2024-09-19 14:22:47.907000,419.2318265294463,9
2024-09-19 14:22:47.978000,419.2226857700586,1003
2024-09-19 14:22:47.980000,419.2669754865516,10
2024-09-19 14:22:48.165000,419.1491067747657,996
2024-09-19 14:22:48.233000,419.1436589166965,14
2024-09-19 14:22:48.470000,419.1582258964431,7
2024-09-19 14:22:48.514000,419.137554864325,1001
2024-09-19 14:22:48.604000,419.1496426146582,14
2024-09-19 14:22:48.618000,419.1441010387423,9
2024-09-19 14:22:48.649000,419.1451425370449,1002
2024-09-19 14:22:48.694000,419.16130133787226,995
2024-09-19 14:22:48.808000,419.1369150323921,12
2024-09-19 14:22:48.826000,419.1455192916479,101
2024-09-19 14:22:48.971000,419.14234273558975,12
2024-09-19 14:22:49.025000,419.0514400231891,7
2024-09-19 14:22:49.038000,419.08802086429824,1001
2024-09-19 14:22:49.084000,419.0467472105542,95
2024-09-19 14:22:49.165000,419.0815066939737,7
2024-09-19 14:22:49.233000,419.0819044042466,104
2024-09-19 14:22:49.254000,419.1076476243588,6
2024-09-19 14:22:49.267000,419.09839841036,999
2024-09-19 14:22:49.358000,419.0748546056721,6
2024-09-19 14:22:49.387000,419.0429932318085,1001
2024-09-19 14:22:49.441000,419.0333118507937,103
2024-09-19 14:22:49.510000,419.09566414542894,12
2024-09-19 14:22:49.592000,419.06580038571786,99
2024-09-19 14:22:49.617000,419.0307495360258,1000
2024-09-19 14:22:49.635000,419.1150863002948,96
2024-09-19 14:22:49.643000,419.1467867277357,1000
2024-09-19 14:22:49.647000,419.1331923701518,99
2024-09-19 14:22:49.667000,419.109087754121,12
2024-09-19 14:22:49.739000,419.1141327945976,9
2024-09-19 14:22:49.767000,419.04408754779416,103
2024-09-19 14:22:49.874000,419.09673143272624,105
2024-09-19 14:22:49.933000,419.12314524428473,1004
2024-09-19 14:22:49.997000,419.05183635927466,101
2024-09-19 14:22:50.002000,419.07507719631735,103
2024-09-19 14:22:50.047000,419.0727604841163,104
2024-09-19 14:22:50.061000,419.0831544737475,12
2024-09-19 14:22:50.245000,419.075751907862,105
2024-09-19 14:22:50.259000,419.0672328502393,6
2024-09-19 14:22:50.441000,419.0707963284499,1005
2024-09-19 14:22:50.443000,419.0782046084585,6
2024-09-19 14:22:50.509000,419.07517918473866,100
2024-09-19 14:22:50.974000,419.0625521167872,6
2024-09-19 14:22:51.014000,419.0786680160526,100
2024-09-19 14:22:51.059000,419.0487658057203,100
2024-09-19 14:22:51.126000,419.0563811888687,11
2024-09-19 14:22:51.146000,419.0840214387395,1001
2024-09-19 14:22:51.151000,419.0844500554691,103
2024-09-19 14:22:51.160000,419.0537787512257,1004
2024-09-19 14:22:51.228000,419.0563700394961,11
2024-09-19 14:22:51.230000,419.03229860845227,13
2024-09-19 14:22:51.310000,419.06319261631535,11
2024-09-19 14:22:51.384000,419.0522330443436,97
2024-09-19 14:22:51.455000,419.0639664640829,103
2024-09-19 14:22:51.489000,419.0300062776035,104
2024-09-19 14:22:51.491000,419.0449462804719,998
2024-09-19 14:22:51.636000,419.0597034799304,12
2024-09-19 14:22:51.664000,419.0234252191855,103
2024-09-19 14:22:51.674000,419.0357304339535,95
2024-09-19 14:22:51.692000,419.04047292914703,103
2024-09-19 14:22:51.719000,419.04261525871664,12
2024-09-19 14:22:51.720000,419.0503737602457,11
2024-09-19 14:22:51.805000,419.0672585753269,12
2024-09-19 14:22:51.825000,419.0514798084577,12
2024-09-19 14:22:51.973000,419.0720193842026,999
2024-09-19 14:22:52.002000,419.03767278354167,996
2024-09-19 14:22:52.010000,419.0446284703491,997
2024-09-19 14:22:52.016000,419.04734454641215,7
2024-09-19 14:22:52.051000,419.05416310532127,999
2024-09-19 14:22:52.121000,419.0167374305409,1003
2024-09-19 14:22:52.133000,419.078041414168,8
2024-09-19 14:22:52.157000,419.0938045964119,95
2024-09-19 14:22:52.208000,419.0242659572837,102
2024-09-19 14:22:52.301000,419.06070653356807,97
2024-09-19 14:22:52.399000,419.05979953984735,105
2024-09-19 14:22:52.419000,419.0486067767961,103
2024-09-19 14:22:52.424000,419.0549760552535,97
2024-09-19 14:22:52.439000,419.0640132129179,998
2024-09-19 14:22:52.662000,419.0543327443089,103
2024-09-19 14:22:52.709000,419.0608032035476,995
2024-09-19 14:22:52.726000,419.0477614913994,1002
2024-09-19 14:22:52.739000,419.0409309758904,103
2024-09-19 14:22:52.792000,419.0817898807277,1002
2024-09-19 14:22:52.797000,419.0424246657293,9
2024-09-19 14:22:52.937000,419.0351893944037,11
2024-09-19 14:22:52.960000,419.01048585734776,98
2024-09-19 14:22:52.970000,418.999242858454,103
2024-09-19 14:22:52.979000,419.06528341447927,99
2024-09-19 14:22:53.312000,419.06100795841394,998
2024-09-19 14:22:53.510000,419.01190116962334,997
2024-09-19 14:22:53.597000,419.04333467638514,7
2024-09-19 14:22:53.736000,419.0211727086578,997
2024-09-19 14:22:54.114000,419.0717125950346,103
2024-09-19 14:22:54.133000,419.06212374229113,13
2024-09-19 14:22:54.255000,419.0538008863087,98
2024-09-19 14:22:54.256000,419.09499146669214,11
2024-09-19 14:22:54.275000,419.0724437564181,1003
2024-09-19 14:22:54.278000,419.10586680319045,95
2024-09-19 14:22:54.313000,419.07554730469553,97
2024-09-19 14:22:54.321000,419.0655190120486,6
2024-09-19 14:22:54.344000,419.0544008174876,1001
2024-09-19 14:22:54.371000,419.0977788470411,102
2024-09-19 14:22:54.418000,419.06413527332944,995
2024-09-19 14:22:54.436000,419.0714780922605,13
2024-09-19 14:22:54.497000,419.0955493189298,14
2024-09-19 14:22:54.520000,419.0695956813462,15
2024-09-19 14:22:54.568000,419.1070692998159,9
2024-09-19 14:22:54.593000,419.1048683240704,6
2024-09-19 14:22:54.602000,419.0689621095238,6
2024-09-19 14:22:54.614000,419.0615448869323,10
2024-09-19 14:22:54.646000,419.0916705542624,95
2024-09-19 14:22:54.822000,419.0927759515124,1003
2024-09-19 14:22:54.844000,419.06067156361536,8
2024-09-19 14:22:54.859000,419.1065365166593,11
2024-09-19 14:22:54.871000,419.05404629929217,104
2024-09-19 14:22:54.885000,419.0827170353329,6
2024-09-19 14:22:54.966000,419.0696272848883,7
2024-09-19 14:22:55.012000,419.0727297691989,7
2024-09-19 14:22:55.209000,419.0372132381884,10
2024-09-19 14:22:55.279000,419.00781881873,97
2024-09-19 14:22:55.307000,419.0796482553452,5
2024-09-19 14:22:55.349000,419.01399040508034,6
2024-09-19 14:22:55.400000,419.0558594700857,998
2024-09-19 14:22:55.425000,419.0045454576848,999
2024-09-19 14:22:55.434000,419.02936019928825,96
2024-09-19 14:22:55.451000,419.0255218259685,102
2024-09-19 14:22:55.463000,419.0628839596927,6
2024-09-19 14:22:55.501000,419.0455232842319,99
2024-09-19 14:22:55.508000,419.0596053227069,97
2024-09-19 14:22:55.526000,419.006221535106,996
2024-09-19 14:22:55.600000,419.0237089834426,8
2024-09-19 14:22:55.604000,419.0691732720552,96
2024-09-19 14:22:55.748000,419.0625526859056,1003
2024-09-19 14:22:55.762000,418.99936632614725,96
2024-09-19 14:22:55.797000,419.0047879573615,1000
2024-09-19 14:22:55.873000,419.0218626271844,98
2024-09-19 14:22:55.916000,419.0550063192455,15
2024-09-19 14:22:55.946000,419.0400595907105,11
2024-09-19 14:22:55.972000,419.0338918929244,95
2024-09-19 14:22:56.547000,418.9937295455268,1000
2024-09-19 14:22:57.054000,418.9456835205768,105
2024-09-19 14:22:57.088000,418.943553427168,7
2024-09-19 14:22:57.158000,418.95590079939154,998
2024-09-19 14:22:57.180000,418.9561352892229,1005
2024-09-19 14:22:57.202000,418.9785881040877,15
2024-09-19 14:22:57.311000,418.9437014770866,104
2024-09-19 14:22:57.449000,418.9522195681536,997
2024-09-19 14:22:57.535000,418.9428536734998,104
2024-09-19 14:22:57.667000,418.9499889215265,997
2024-09-19 14:22:58.005000,418.9690667143201,997
2024-09-19 14:22:58.017000,418.9632650522478,100
2024-09-19 14:22:58.059000,418.934927323564,98
2024-09-19 14:22:58.097000,418.9666271088992,95
2024-09-19 14:22:58.221000,418.9355687643938,97
2024-09-19 14:22:58.225000,418.9602904135888,9
2024-09-19 14:22:58.235000,418.9417211952049,14
2024-09-19 14:22:58.280000,418.9502113961199,1005
2024-09-19 14:22:58.328000,418.9268996088852,6
2024-09-19 14:22:58.333000,418.9572456878144,98
2024-09-19 14:22:58.428000,418.953085421023,99
2024-09-19 14:22:58.448000,418.94496467607536,104
2024-09-19 14:22:58.475000,418.9593210868895,100
2024-09-19 14:22:58.576000,418.95182417553286,99
2024-09-19 14:22:58.593000,418.9135616059066,12
2024-09-19 14:22:58.603000,418.93987924688895,9
2024-09-19 14:22:58.607000,418.9083241480671,999
2024-09-19 14:22:58.611000,418.9239504461355,97
2024-09-19 14:22:58.643000,418.9590437732613,9
2024-09-19 14:22:58.842000,418.9277765149003,99
2024-09-19 14:22:58.895000,418.94161774095215,100
2024-09-19 14:22:58.907000,418.9308330239385,996
2024-09-19 14:22:58.939000,418.95580649357976,13
2024-09-19 14:22:58.957000,418.930276140473,102
2024-09-19 14:22:58.967000,418.9690354483826,10
2024-09-19 14:22:59.015000,418.9536156761926,104
2024-09-19 14:22:59.035000,418.966623675298,15
2024-09-19 14:22:59.036000,418.97250432362034,1003
2024-09-19 14:22:59.095000,418.9835800206431,7
2024-09-19 14:22:59.097000,419.0161748451467,104
2024-09-19 14:22:59.171000,419.01377693832575,1005
2024-09-19 14:22:59.175000,419.0287735046075,1000
2024-09-19 14:22:59.187000,418.9626317217986,1000
2024-09-19 14:22:59.210000,418.9893169541096,8
2024-09-19 14:22:59.251000,418.9776863256948,103
2024-09-19 14:22:59.293000,419.0111037624678,14
2024-09-19 14:22:59.302000,418.9508310199091,12
2024-09-19 14:22:59.342000,418.95394802031296,100
2024-09-19 14:22:59.374000,418.9492768982891,105
2024-09-19 14:22:59.419000,418.9718184680152,97
2024-09-19 14:22:59.441000,418.96753228122026,14
2024-09-19 14:22:59.621000,418.9686325032817,102
2024-09-19 14:22:59.694000,418.9493398521102,15
2024-09-19 14:22:59.699000,418.9432304398984,998
2024-09-19 14:22:59.762000,418.9640577398379,97
2024-09-19 14:22:59.796000,418.9513683803082,5
2024-09-19 14:22:59.859000,418.97882481707165,8
2024-09-19 14:22:59.875000,418.97802496267616,6
