Timestamp,Price,Size
2024-09-16 15:54:01.129000,414.8431887740082,7
2024-09-16 15:54:01.129000,414.8289613686291,5
2024-09-16 15:54:01.174000,414.843163357975,998
2024-09-16 15:54:01.182000,414.85641303268017,101
2024-09-16 15:54:01.183000,414.8470250518386,998
2024-09-16 15:54:01.245000,414.8665610772162,12
2024-09-16 15:54:01.299000,414.81029869711153,11
2024-09-16 15:54:01.319000,414.8546865281634,1002
2024-09-16 15:54:01.363000,414.8271129057986,97
2024-09-16 15:54:01.406000,414.8818147465436,102
2024-09-16 15:54:01.457000,414.879146235536,7
2024-09-16 15:54:01.493000,414.81832333208513,13
2024-09-16 15:54:01.502000,414.82093507325374,15
2024-09-16 15:54:01.509000,414.8380999354824,104
2024-09-16 15:54:01.692000,414.8067122404325,12
2024-09-16 15:54:01.755000,414.8292202528751,1003
2024-09-16 15:54:01.775000,414.8387604066341,1002
2024-09-16 15:54:01.848000,414.8269640307736,100
2024-09-16 15:54:01.849000,414.8226899365264,11
2024-09-16 15:54:01.849000,414.8163989949541,100
2024-09-16 15:54:01.943000,414.84394550158623,997
2024-09-16 15:54:02.120000,414.9337479439503,7
2024-09-16 15:54:02.203000,414.9325972782993,97
2024-09-16 15:54:02.431000,414.884913346053,5
2024-09-16 15:54:02.522000,414.8762992498562,1001
2024-09-16 15:54:02.564000,414.88060555815633,996
2024-09-16 15:54:02.604000,414.9407632084146,99
2024-09-16 15:54:02.623000,414.8829954146329,1001
2024-09-16 15:54:02.832000,414.9127397483512,99
2024-09-16 15:54:02.979000,414.9357437614944,105
2024-09-16 15:54:03.697000,414.9434371762803,100
2024-09-16 15:54:04.018000,414.9528458505546,105
2024-09-16 15:54:04.029000,417.2671114974645,98
2024-09-16 15:54:04.032000,414.9670046306627,995
2024-09-16 15:54:04.261000,414.987682305291,102
2024-09-16 15:54:04.302000,414.9636290016853,7
2024-09-16 15:54:04.322000,414.993522921903,1005
2024-09-16 15:54:04.322000,414.9995733069887,1001
2024-09-16 15:54:04.363000,414.99506723372775,103
2024-09-16 15:54:04.454000,414.9720794370336,102
2024-09-16 15:54:04.476000,414.93749264546375,103
2024-09-16 15:54:04.531000,414.9786101767193,1001
2024-09-16 15:54:04.566000,414.9805979745535,9
2024-09-16 15:54:04.567000,414.9449007794847,105
2024-09-16 15:54:04.641000,414.9450147561705,999
2024-09-16 15:54:04.703000,414.979800720457,1002
2024-09-16 15:54:04.723000,414.9394732200296,100
2024-09-16 15:54:04.738000,414.9935549061947,105
2024-09-16 15:54:04.742000,414.9868285715213,97
2024-09-16 15:54:04.776000,414.9773920351576,1001
2024-09-16 15:54:04.789000,414.9843848317551,100
2024-09-16 15:54:04.795000,414.9553700837959,1005
2024-09-16 15:54:04.831000,414.9847529180086,999
2024-09-16 15:54:04.856000,414.9572661838654,998
2024-09-16 15:54:04.882000,414.980738263165,1001
2024-09-16 15:54:04.892000,414.97959097595054,100
2024-09-16 15:54:04.898000,414.9318798126068,997
2024-09-16 15:54:05.122000,415.0701300724801,6
2024-09-16 15:54:05.128000,415.0461797862576,104
2024-09-16 15:54:05.139000,415.0328350850992,996
2024-09-16 15:54:05.154000,415.0180375611177,6
2024-09-16 15:54:05.176000,414.970382766481,103
2024-09-16 15:54:05.203000,415.00190559529375,1005
2024-09-16 15:54:05.276000,414.9680750053741,15
2024-09-16 15:54:05.320000,414.9542392561946,15
2024-09-16 15:54:05.322000,415.0538333654065,102
2024-09-16 15:54:05.352000,414.99366053880846,101
2024-09-16 15:54:05.370000,415.0288424552431,100
2024-09-16 15:54:05.460000,415.0751292916776,95
2024-09-16 15:54:05.472000,415.0409610793922,101
2024-09-16 15:54:05.522000,414.9673294341857,12
2024-09-16 15:54:05.540000,414.9575160760452,1001
2024-09-16 15:54:05.553000,415.0338187959653,5
2024-09-16 15:54:05.689000,414.96445040742645,15
2024-09-16 15:54:05.795000,415.0349992567496,995
2024-09-16 15:54:05.890000,415.0638387391326,1003
2024-09-16 15:54:05.999000,414.9673972625443,12
2024-09-16 15:54:06.195000,415.1473803889693,97
2024-09-16 15:54:06.249000,415.1492160707165,997
2024-09-16 15:54:06.302000,415.15186881044576,996
2024-09-16 15:54:06.305000,415.1077786951429,96
2024-09-16 15:54:06.309000,415.11832114109626,99
2024-09-16 15:54:06.328000,415.10820364990366,1001
2024-09-16 15:54:06.337000,415.11285433138585,999
2024-09-16 15:54:06.360000,415.07232778437503,101
2024-09-16 15:54:06.370000,415.1199539695281,7
2024-09-16 15:54:06.380000,415.0975785044148,13
2024-09-16 15:54:06.382000,415.094622139544,9
2024-09-16 15:54:06.480000,415.12354217637215,105
2024-09-16 15:54:06.550000,415.1413064828832,96
2024-09-16 15:54:06.617000,415.1187764241702,6
2024-09-16 15:54:06.799000,415.1384688761629,14
2024-09-16 15:54:06.828000,415.1058748424857,9
2024-09-16 15:54:06.854000,415.1175116060956,6
2024-09-16 15:54:06.893000,415.14895245588326,96
2024-09-16 15:54:06.900000,415.1516426563665,104
2024-09-16 15:54:06.962000,415.1049471644878,1004
2024-09-16 15:54:06.976000,415.1377253965804,102
2024-09-16 15:54:06.983000,415.15197025207095,14
2024-09-16 15:54:06.997000,415.0885763330023,1000
2024-09-16 15:54:07.057000,415.10606204972936,96
2024-09-16 15:54:07.081000,415.1159153294753,14
2024-09-16 15:54:07.142000,415.1181710069219,998
2024-09-16 15:54:07.266000,415.0932848291067,1005
2024-09-16 15:54:07.348000,415.1333971172195,999
2024-09-16 15:54:07.398000,415.1072804368122,9
2024-09-16 15:54:07.413000,415.1170373205541,13
2024-09-16 15:54:07.559000,415.1082294253499,15
2024-09-16 15:54:07.576000,415.1029269439666,98
2024-09-16 15:54:07.689000,415.10231231928185,999
2024-09-16 15:54:07.729000,415.1042828625318,8
2024-09-16 15:54:07.762000,415.109196039686,1003
2024-09-16 15:54:07.875000,415.104992681377,998
2024-09-16 15:54:07.958000,415.1105803304512,996
2024-09-16 15:54:08.445000,415.102306774114,8
2024-09-16 15:54:08.580000,415.10559186174544,6
2024-09-16 15:54:09.023000,415.113197293852,10
2024-09-16 15:54:09.023000,415.1215973705295,5
2024-09-16 15:54:09.039000,415.15593307255,105
2024-09-16 15:54:09.074000,415.1202635793248,102
2024-09-16 15:54:09.143000,415.1694676456677,998
2024-09-16 15:54:09.226000,415.1710514569528,999
2024-09-16 15:54:09.362000,415.1094296620673,101
2024-09-16 15:54:09.421000,415.123189048513,997
2024-09-16 15:54:09.488000,415.1626896684343,102
2024-09-16 15:54:09.496000,415.1733920477868,104
2024-09-16 15:54:09.566000,415.1208801462973,1000
2024-09-16 15:54:09.591000,415.1569381967277,999
2024-09-16 15:54:09.625000,415.1456228442715,1000
2024-09-16 15:54:09.636000,417.41770530577566,1005
2024-09-16 15:54:09.641000,415.1179852178608,12
2024-09-16 15:54:09.745000,415.1555234261241,1000
2024-09-16 15:54:09.763000,415.1703388905628,996
2024-09-16 15:54:09.854000,415.0916875599592,102
2024-09-16 15:54:09.856000,415.1108243177997,1004
2024-09-16 15:54:09.889000,415.1262649611994,8
2024-09-16 15:54:09.920000,415.10336603499206,12
2024-09-16 15:54:09.970000,415.13787499027,103
2024-09-16 15:54:09.971000,415.1287150849598,9
2024-09-16 15:54:09.976000,415.1049832935665,96
2024-09-16 15:54:10.112000,415.1614704887357,100
2024-09-16 15:54:10.124000,415.1443371476743,8
2024-09-16 15:54:10.170000,415.1386136601884,1002
2024-09-16 15:54:10.178000,415.1406911641584,8
2024-09-16 15:54:10.192000,415.1445205944584,102
2024-09-16 15:54:10.231000,415.1485358185772,1000
2024-09-16 15:54:10.324000,415.1460809815404,996
2024-09-16 15:54:10.341000,415.15656099673,995
2024-09-16 15:54:10.384000,415.1522453005753,104
2024-09-16 15:54:10.403000,415.144263095929,7
2024-09-16 15:54:10.407000,415.1473633976021,96
2024-09-16 15:54:10.424000,415.1452012762647,10
2024-09-16 15:54:10.483000,415.16478776596347,96
2024-09-16 15:54:10.485000,415.1546240377627,102
2024-09-16 15:54:10.488000,415.15662409935175,13
2024-09-16 15:54:10.501000,415.1284881021829,1005
2024-09-16 15:54:10.621000,415.15908713552494,1000
2024-09-16 15:54:10.810000,415.1567048096717,1001
2024-09-16 15:54:10.811000,415.1535210415913,101
2024-09-16 15:54:10.814000,415.1485504003987,12
2024-09-16 15:54:10.826000,415.1504100127844,15
2024-09-16 15:54:10.994000,415.1553359690324,96
2024-09-16 15:54:11.069000,415.11181555375134,1003
2024-09-16 15:54:11.149000,415.1202550295956,6
2024-09-16 15:54:11.253000,415.1193519459098,1000
2024-09-16 15:54:11.320000,415.1353051435042,1001
2024-09-16 15:54:11.530000,415.1354296132424,996
2024-09-16 15:54:11.535000,415.1244467582519,996
2024-09-16 15:54:11.815000,415.15396174096367,104
2024-09-16 15:54:12.055000,415.0952795654319,102
2024-09-16 15:54:12.100000,415.1122111396933,1004
2024-09-16 15:54:12.121000,415.1239869934113,996
2024-09-16 15:54:12.197000,415.1297616675243,14
2024-09-16 15:54:12.220000,415.13522021902753,996
2024-09-16 15:54:12.301000,415.13659670140606,15
2024-09-16 15:54:12.401000,415.0879934526432,1005
2024-09-16 15:54:12.403000,415.1095129803988,101
2024-09-16 15:54:12.413000,415.1220013125552,1004
2024-09-16 15:54:12.423000,415.1201439830083,10
2024-09-16 15:54:12.440000,415.1222695508424,7
2024-09-16 15:54:12.477000,415.14259962690494,1005
2024-09-16 15:54:12.538000,415.0965013576019,998
2024-09-16 15:54:12.615000,415.08814788518674,104
2024-09-16 15:54:12.769000,415.1283120977765,15
2024-09-16 15:54:12.875000,415.14428674017705,997
2024-09-16 15:54:13.085000,415.024038010172,100
2024-09-16 15:54:13.389000,414.9723118533296,6
2024-09-16 15:54:13.442000,415.0394943004262,5
2024-09-16 15:54:13.543000,415.0232080671656,1002
2024-09-16 15:54:13.602000,415.0312974042485,996
2024-09-16 15:54:13.610000,415.03020592719696,97
2024-09-16 15:54:13.616000,414.95535994493673,9
2024-09-16 15:54:13.653000,415.0020526276178,1002
2024-09-16 15:54:13.671000,414.9481475392942,6
2024-09-16 15:54:13.671000,414.9645506732256,999
2024-09-16 15:54:13.710000,415.0277314244208,12
2024-09-16 15:54:13.726000,415.0616175114631,1002
2024-09-16 15:54:13.749000,414.98169510297765,5
2024-09-16 15:54:13.791000,415.0309430579322,1003
2024-09-16 15:54:13.792000,415.0130332522762,101
2024-09-16 15:54:13.874000,415.03334281884025,1001
2024-09-16 15:54:13.940000,414.9799365782482,997
2024-09-16 15:54:13.942000,415.0465577649982,14
2024-09-16 15:54:13.953000,415.02414884790153,98
2024-09-16 15:54:14.007000,415.103245134642,6
2024-09-16 15:54:14.081000,415.1063343160181,7
2024-09-16 15:54:14.118000,415.0881599648338,1002
2024-09-16 15:54:14.146000,415.1059053412832,997
2024-09-16 15:54:14.174000,415.084024711903,99
2024-09-16 15:54:14.182000,415.0469032722775,6
2024-09-16 15:54:14.325000,415.0606567548457,1002
2024-09-16 15:54:14.367000,414.9513816619453,14
2024-09-16 15:54:14.387000,415.0082337438864,996
2024-09-16 15:54:14.400000,414.9659655574511,99
2024-09-16 15:54:14.405000,414.9940112613504,997
2024-09-16 15:54:14.414000,415.06373467813137,6
2024-09-16 15:54:14.464000,415.0178070488107,1005
2024-09-16 15:54:14.510000,415.032590520314,99
2024-09-16 15:54:14.531000,415.09658555106506,104
2024-09-16 15:54:14.626000,415.0135716526887,7
2024-09-16 15:54:14.642000,415.0113764172804,7
2024-09-16 15:54:14.648000,415.0470310763884,14
2024-09-16 15:54:14.804000,415.09810096400247,1001
2024-09-16 15:54:14.813000,415.0575816281604,15
2024-09-16 15:54:14.822000,415.1154058771117,1005
2024-09-16 15:54:14.843000,415.0890368877064,997
2024-09-16 15:54:14.873000,415.1060094243026,1002
2024-09-16 15:54:14.915000,414.9726392375918,102
2024-09-16 15:54:14.930000,415.04904624528615,997
2024-09-16 15:54:14.932000,415.059495276401,14
2024-09-16 15:54:15.006000,415.1049991662889,15
2024-09-16 15:54:15.068000,415.0562415677026,104
2024-09-16 15:54:15.346000,415.0668394983769,1004
2024-09-16 15:54:15.371000,415.0875746187563,15
2024-09-16 15:54:15.455000,415.0543281414522,13
2024-09-16 15:54:15.498000,415.05503475464553,104
2024-09-16 15:54:15.511000,415.0323315234862,997
2024-09-16 15:54:15.576000,415.0342492603961,1001
2024-09-16 15:54:15.597000,415.05258935681,997
2024-09-16 15:54:15.637000,415.0381328471639,1005
2024-09-16 15:54:15.836000,415.10153474382895,102
2024-09-16 15:54:15.876000,415.0317284200599,1000
2024-09-16 15:54:16.087000,415.0363361816235,999
2024-09-16 15:54:16.900000,415.0643032595599,995
2024-09-16 15:54:17.448000,415.0481889707642,100
2024-09-16 15:54:17.531000,415.0370951020441,1003
2024-09-16 15:54:17.597000,415.0310760262376,97
2024-09-16 15:54:18.563000,415.03758516004297,15
2024-09-16 15:54:18.849000,415.04226407156295,98
2024-09-16 15:54:18.923000,415.0360313788431,100
2024-09-16 15:54:19.031000,415.0161930421926,1001
2024-09-16 15:54:19.089000,415.0752583827432,14
2024-09-16 15:54:19.116000,415.051077129064,999
2024-09-16 15:54:19.239000,415.0446378571404,14
2024-09-16 15:54:19.310000,415.0430899523574,95
2024-09-16 15:54:19.417000,415.0669601967877,8
2024-09-16 15:54:19.512000,415.0257370837568,14
2024-09-16 15:54:19.770000,415.0615044497061,15
2024-09-16 15:54:19.978000,415.015965196516,14
2024-09-16 15:54:19.992000,415.0300153440487,1003
2024-09-16 15:54:20.041000,415.05628461808345,102
2024-09-16 15:54:20.046000,415.1532351710538,1003
2024-09-16 15:54:20.078000,415.0531028590685,97
2024-09-16 15:54:20.083000,415.1339667705615,105
2024-09-16 15:54:20.112000,415.0599096451111,5
2024-09-16 15:54:20.117000,415.0618158987109,6
2024-09-16 15:54:20.183000,415.0543487138236,995
2024-09-16 15:54:20.267000,415.1387899324528,13
2024-09-16 15:54:20.273000,415.0630031175453,12
2024-09-16 15:54:20.277000,415.0618341670461,105
2024-09-16 15:54:20.303000,415.07116210570746,101
2024-09-16 15:54:20.431000,415.101808623218,10
2024-09-16 15:54:20.447000,415.145014394238,9
2024-09-16 15:54:20.457000,415.1362757790537,8
2024-09-16 15:54:20.466000,415.0791858482133,12
2024-09-16 15:54:20.480000,415.1340414806083,101
2024-09-16 15:54:20.483000,415.1267428912864,95
2024-09-16 15:54:20.631000,415.1450389325909,11
2024-09-16 15:54:20.644000,415.1529268392099,99
2024-09-16 15:54:20.679000,415.05831359893085,1003
2024-09-16 15:54:20.683000,415.138229035591,96
2024-09-16 15:54:20.770000,415.071188533418,998
2024-09-16 15:54:20.806000,415.09444116892297,14
2024-09-16 15:54:20.829000,415.114664600836,6
2024-09-16 15:54:20.862000,415.1416352840408,104
2024-09-16 15:54:20.888000,415.0361632795159,96
2024-09-16 15:54:20.924000,417.3319890711183,105
2024-09-16 15:54:21.234000,415.1311366412074,11
2024-09-16 15:54:21.414000,415.1303670615642,6
2024-09-16 15:54:21.539000,415.14231962135966,1004
2024-09-16 15:54:21.572000,415.1311174723929,997
2024-09-16 15:54:21.785000,415.1172171141196,102
2024-09-16 15:54:21.993000,415.1334415512365,1003
2024-09-16 15:54:22.011000,415.1392833611656,100
2024-09-16 15:54:22.098000,415.1490863964685,12
2024-09-16 15:54:22.163000,415.1856454008537,998
2024-09-16 15:54:22.172000,415.14652293516383,104
2024-09-16 15:54:22.195000,415.2344032814651,99
2024-09-16 15:54:22.198000,415.1921938011276,1003
2024-09-16 15:54:22.215000,415.1418255287433,995
2024-09-16 15:54:22.421000,415.1528505699405,99
2024-09-16 15:54:22.431000,415.203314723696,1003
2024-09-16 15:54:22.530000,415.1662570625886,6
2024-09-16 15:54:22.538000,415.1746664788637,997
2024-09-16 15:54:22.543000,415.2551656270017,102
2024-09-16 15:54:22.607000,415.1306927146403,1002
2024-09-16 15:54:22.681000,415.1475013061818,9
2024-09-16 15:54:22.685000,415.1878617371633,1002
2024-09-16 15:54:22.687000,415.1878800802626,10
2024-09-16 15:54:22.708000,415.1611025660907,5
2024-09-16 15:54:22.751000,415.22541980685605,9
2024-09-16 15:54:22.766000,415.23604450777935,101
2024-09-16 15:54:22.905000,415.2158852555132,13
2024-09-16 15:54:22.914000,415.1297463314043,99
2024-09-16 15:54:22.932000,415.1425348738263,1004
2024-09-16 15:54:22.982000,415.2637912183423,7
2024-09-16 15:54:22.985000,415.2071208753002,11
2024-09-16 15:54:22.989000,415.1590894077162,997
2024-09-16 15:54:23.002000,415.223143584174,1000
2024-09-16 15:54:23.041000,415.1372188295475,11
2024-09-16 15:54:23.107000,415.12894794656194,99
2024-09-16 15:54:23.123000,415.1582778176481,998
2024-09-16 15:54:23.175000,415.2125022913877,1004
2024-09-16 15:54:23.269000,415.1488842479168,1005
2024-09-16 15:54:23.415000,415.1780608171746,999
2024-09-16 15:54:23.422000,415.17360875236,11
2024-09-16 15:54:23.509000,415.1909239927958,995
2024-09-16 15:54:23.637000,415.1216413208479,101
2024-09-16 15:54:24.121000,415.1232946233715,1000
2024-09-16 15:54:24.162000,415.15380681459374,996
2024-09-16 15:54:24.169000,415.140006096218,8
2024-09-16 15:54:24.175000,415.1573304291496,101
2024-09-16 15:54:24.190000,415.1514599096009,100
2024-09-16 15:54:24.222000,415.0690783821297,100
2024-09-16 15:54:24.250000,415.0978664291931,9
2024-09-16 15:54:24.276000,415.1417881440636,7
2024-09-16 15:54:24.320000,415.11495890546223,101
2024-09-16 15:54:24.323000,415.1669391079997,1002
2024-09-16 15:54:24.341000,415.1566760872079,999
2024-09-16 15:54:24.431000,415.064935490648,103
2024-09-16 15:54:24.515000,415.1289829319804,6
2024-09-16 15:54:24.565000,415.1112425676789,14
2024-09-16 15:54:24.623000,415.15825527447794,100
2024-09-16 15:54:24.633000,415.0864050901346,1005
2024-09-16 15:54:24.640000,415.0638999149932,100
2024-09-16 15:54:24.692000,415.16143685130055,104
2024-09-16 15:54:24.755000,415.0566831405036,997
2024-09-16 15:54:24.772000,415.1168033911792,6
2024-09-16 15:54:24.842000,415.1375865201882,9
2024-09-16 15:54:24.877000,415.0955798420246,9
2024-09-16 15:54:25.002000,415.1371738396618,1000
2024-09-16 15:54:25.093000,415.13227112407145,100
2024-09-16 15:54:25.103000,415.14150040333726,95
2024-09-16 15:54:25.208000,415.1169599789146,97
2024-09-16 15:54:25.313000,415.1429714805179,96
2024-09-16 15:54:25.396000,415.14425610968,997
2024-09-16 15:54:25.469000,415.1369446930548,104
2024-09-16 15:54:25.538000,415.1252878831608,1003
2024-09-16 15:54:25.556000,415.1422769510812,6
2024-09-16 15:54:25.648000,415.12015830479913,14
2024-09-16 15:54:26.065000,415.1134367742016,97
2024-09-16 15:54:26.129000,415.1243513084158,99
2024-09-16 15:54:26.249000,415.1103711738358,6
2024-09-16 15:54:26.367000,415.12592127631166,102
2024-09-16 15:54:26.371000,415.12691172971273,10
2024-09-16 15:54:26.431000,415.1202057798591,996
2024-09-16 15:54:26.439000,415.1145501940101,13
2024-09-16 15:54:26.533000,415.1182102157918,1000
2024-09-16 15:54:26.967000,415.12200811956353,6
2024-09-16 15:54:27.062000,415.1440782214773,1000
2024-09-16 15:54:27.394000,415.124977876282,1003
2024-09-16 15:54:27.455000,415.1277590721365,103
2024-09-16 15:54:27.705000,415.1641711854972,99
2024-09-16 15:54:28.054000,415.1371482906807,97
2024-09-16 15:54:28.233000,415.1646932728289,998
2024-09-16 15:54:28.302000,415.1971302825358,12
2024-09-16 15:54:28.345000,415.1651543999755,102
2024-09-16 15:54:28.375000,417.41533325689545,1000
2024-09-16 15:54:28.387000,415.206038965392,105
2024-09-16 15:54:28.548000,415.172030002502,103
2024-09-16 15:54:28.560000,415.1567261021003,104
2024-09-16 15:54:28.599000,415.17593827201625,8
2024-09-16 15:54:28.719000,415.1257585027224,10
2024-09-16 15:54:28.738000,415.1424453442852,103
2024-09-16 15:54:28.850000,415.1679457397412,998
2024-09-16 15:54:28.933000,415.1426204930895,997
2024-09-16 15:54:29.096000,415.1865001317979,997
2024-09-16 15:54:29.098000,415.1753224668464,102
2024-09-16 15:54:29.115000,415.1934010789061,1005
2024-09-16 15:54:29.116000,415.1836992250627,1002
2024-09-16 15:54:29.122000,415.2556980155224,9
2024-09-16 15:54:29.195000,415.1656278411614,15
2024-09-16 15:54:29.202000,415.2579327616472,1003
2024-09-16 15:54:29.282000,415.2471247367575,7
2024-09-16 15:54:29.284000,415.1866244418616,1004
2024-09-16 15:54:29.358000,415.196913428966,998
2024-09-16 15:54:29.449000,415.24909624826336,12
2024-09-16 15:54:29.489000,415.16865717413646,7
2024-09-16 15:54:29.507000,415.24173834612606,99
2024-09-16 15:54:29.528000,415.19764138124646,1001
2024-09-16 15:54:29.560000,415.1814747467201,95
2024-09-16 15:54:29.625000,415.25156280256346,96
2024-09-16 15:54:29.664000,415.22554987145367,12
2024-09-16 15:54:29.666000,415.2099483156603,101
2024-09-16 15:54:29.686000,415.1985965617714,101
2024-09-16 15:54:29.688000,415.2121719564981,101
2024-09-16 15:54:29.698000,415.2041320501656,996
2024-09-16 15:54:29.753000,415.2152132815541,99
2024-09-16 15:54:29.809000,415.2124792741818,100
2024-09-16 15:54:29.872000,415.2477462434904,1001
2024-09-16 15:54:29.878000,415.2499127642295,9
2024-09-16 15:54:29.974000,415.16816926364544,1000
2024-09-16 15:54:29.990000,415.1885746625881,11
2024-09-16 15:54:29.993000,415.19844819702377,97
2024-09-16 15:54:30.038000,415.26842442866246,9
2024-09-16 15:54:30.050000,415.2616881072127,1005
2024-09-16 15:54:30.192000,415.24647054697607,997
2024-09-16 15:54:30.371000,415.2667900596677,96
2024-09-16 15:54:30.446000,415.27363024906697,997
2024-09-16 15:54:30.527000,415.26156430991983,105
2024-09-16 15:54:30.618000,415.2726330885969,9
2024-09-16 15:54:30.698000,415.2610974349883,104
2024-09-16 15:54:30.748000,415.2578204441783,997
2024-09-16 15:54:30.764000,415.2708369816278,14
2024-09-16 15:54:30.854000,415.2593823225005,996
2024-09-16 15:54:31.035000,415.2698243542284,96
2024-09-16 15:54:31.055000,415.2711836321786,9
2024-09-16 15:54:31.151000,415.2406657315778,103
2024-09-16 15:54:31.267000,415.2528913576939,998
2024-09-16 15:54:31.385000,415.27145780908336,104
2024-09-16 15:54:31.492000,415.2539629962152,103
2024-09-16 15:54:31.647000,415.2698651178748,1003
2024-09-16 15:54:31.679000,415.2586532476934,8
2024-09-16 15:54:31.893000,415.2649207972796,105
2024-09-16 15:54:32.073000,415.2773105857679,6
2024-09-16 15:54:32.295000,415.24688966654367,10
2024-09-16 15:54:32.450000,415.2661515817328,8
2024-09-16 15:54:32.629000,415.2718000285015,100
2024-09-16 15:54:32.851000,415.256902138404,96
2024-09-16 15:54:32.853000,415.25947815285775,1005
2024-09-16 15:54:33.010000,415.27989927471685,97
2024-09-16 15:54:33.096000,415.1777116344445,1002
2024-09-16 15:54:33.096000,415.1766100928034,102
2024-09-16 15:54:33.236000,415.2624007655752,14
2024-09-16 15:54:33.303000,415.22794279290287,6
2024-09-16 15:54:33.320000,415.2056847005295,997
2024-09-16 15:54:33.336000,415.2766963684444,1005
2024-09-16 15:54:33.392000,415.19181541946745,99
2024-09-16 15:54:33.450000,415.23589830532944,96
2024-09-16 15:54:33.514000,415.2733151928701,1000
2024-09-16 15:54:33.552000,415.18792390922914,102
2024-09-16 15:54:33.614000,415.2631752098685,102
2024-09-16 15:54:33.690000,415.24942427602855,100
2024-09-16 15:54:33.839000,415.23400451491057,1001
2024-09-16 15:54:33.886000,415.1999222374212,104
2024-09-16 15:54:33.910000,415.2769978084413,5
2024-09-16 15:54:33.938000,415.2675297627134,1000
2024-09-16 15:54:34.083000,415.2224092922454,95
2024-09-16 15:54:34.128000,415.2345844889061,13
2024-09-16 15:54:34.179000,415.1934022449607,1001
2024-09-16 15:54:34.179000,415.24033063212494,10
2024-09-16 15:54:34.191000,415.2426730782917,1003
2024-09-16 15:54:34.275000,415.193395061066,101
2024-09-16 15:54:34.491000,415.20284481458015,11
2024-09-16 15:54:34.562000,415.2405098621159,7
2024-09-16 15:54:34.577000,415.1960982280476,995
2024-09-16 15:54:34.608000,415.2105370724897,1004
2024-09-16 15:54:34.634000,415.19888032253976,6
2024-09-16 15:54:34.669000,415.1977752524488,997
2024-09-16 15:54:34.823000,415.2475012218065,13
2024-09-16 15:54:34.847000,415.1951103139144,6
2024-09-16 15:54:34.902000,415.23853755957214,1002
2024-09-16 15:54:34.942000,415.24510671082993,96
2024-09-16 15:54:34.987000,415.24509761495983,999
2024-09-16 15:54:35.005000,415.2199716862733,997
2024-09-16 15:54:35.021000,415.2551999778625,996
2024-09-16 15:54:35.027000,415.27571633269656,998
2024-09-16 15:54:35.153000,415.25394101107577,15
2024-09-16 15:54:35.179000,415.2664310273372,1001
2024-09-16 15:54:35.351000,415.21285653180286,1002
2024-09-16 15:54:35.425000,415.2491954320539,9
2024-09-16 15:54:35.448000,415.2544249475112,1002
2024-09-16 15:54:35.496000,415.2253932465277,10
2024-09-16 15:54:35.595000,415.2354630259626,1002
2024-09-16 15:54:35.614000,415.2465184842167,99
2024-09-16 15:54:35.651000,415.2489410681605,1000
2024-09-16 15:54:35.681000,415.2567844650344,15
2024-09-16 15:54:35.717000,415.26824006875006,101
2024-09-16 15:54:35.721000,415.2530206556712,1005
2024-09-16 15:54:35.916000,415.2476769402115,5
2024-09-16 15:54:35.926000,415.2441046044191,1004
2024-09-16 15:54:35.963000,415.2413500207348,6
2024-09-16 15:54:36.114000,415.24651645596106,10
2024-09-16 15:54:36.234000,415.2836171053133,999
2024-09-16 15:54:36.243000,415.26582988338913,8
2024-09-16 15:54:36.268000,415.2499011488034,1005
2024-09-16 15:54:36.332000,415.2192754709711,1004
2024-09-16 15:54:36.480000,415.2555842555221,1001
2024-09-16 15:54:36.487000,415.240632000695,996
2024-09-16 15:54:36.750000,415.2640961701153,997
2024-09-16 15:54:36.829000,415.279019739456,9
2024-09-16 15:54:36.944000,415.28636263125816,98
2024-09-16 15:54:36.984000,415.22895226173625,1004
2024-09-16 15:54:37.066000,415.2697481151454,97
2024-09-16 15:54:37.079000,415.3010322591729,102
2024-09-16 15:54:37.308000,415.3178451368767,101
2024-09-16 15:54:37.316000,415.2681127314008,5
2024-09-16 15:54:37.322000,415.28568053071047,1000
2024-09-16 15:54:37.341000,415.2876892115654,95
2024-09-16 15:54:37.348000,415.2946653802799,7
2024-09-16 15:54:37.500000,415.30988513513313,7
2024-09-16 15:54:37.507000,415.3024790382312,104
2024-09-16 15:54:37.537000,415.2829818695692,98
2024-09-16 15:54:37.551000,415.2982585167649,100
2024-09-16 15:54:37.569000,417.2451207033798,97
2024-09-16 15:54:37.655000,415.29626337739705,105
2024-09-16 15:54:37.693000,415.2845957622744,5
2024-09-16 15:54:37.799000,415.2850517671555,98
2024-09-16 15:54:37.877000,415.2684305105837,1004
2024-09-16 15:54:37.934000,415.3009759060852,104
2024-09-16 15:54:37.983000,415.2809110168636,998
2024-09-16 15:54:38.016000,415.2785065856079,11
2024-09-16 15:54:38.060000,415.3160101935932,96
2024-09-16 15:54:38.124000,417.1987820982208,96
2024-09-16 15:54:38.153000,415.31636496446856,95
2024-09-16 15:54:38.168000,415.3363474185841,9
2024-09-16 15:54:38.208000,415.27388090540273,12
2024-09-16 15:54:38.210000,415.2768610494462,999
2024-09-16 15:54:38.333000,415.336094329127,1003
2024-09-16 15:54:38.353000,415.27879857622287,996
2024-09-16 15:54:38.422000,415.3122921941497,9
2024-09-16 15:54:38.472000,415.28536971933016,101
2024-09-16 15:54:38.478000,415.2712513672537,999
2024-09-16 15:54:38.524000,415.3141436769512,99
2024-09-16 15:54:38.592000,415.2785513882786,1000
2024-09-16 15:54:38.641000,415.2808556804279,98
2024-09-16 15:54:38.652000,415.2934692727558,13
2024-09-16 15:54:38.714000,415.32040366341215,99
2024-09-16 15:54:38.869000,415.32345775338655,6
2024-09-16 15:54:38.890000,415.302720841753,13
2024-09-16 15:54:38.911000,415.2687492537664,997
2024-09-16 15:54:38.964000,415.32718108244734,9
2024-09-16 15:54:39.011000,415.25971069065343,995
2024-09-16 15:54:39.108000,415.31613824444526,95
2024-09-16 15:54:39.124000,415.2947425130883,96
2024-09-16 15:54:39.246000,415.2775465317076,5
2024-09-16 15:54:39.301000,415.2717284432506,6
2024-09-16 15:54:39.371000,415.25657022042446,95
2024-09-16 15:54:39.372000,415.2653224719796,10
2024-09-16 15:54:39.471000,415.27901004428674,104
2024-09-16 15:54:39.486000,415.2696451771497,1005
2024-09-16 15:54:39.501000,415.2624564563606,99
2024-09-16 15:54:39.679000,415.2669119422611,96
2024-09-16 15:54:39.777000,415.29815860684766,100
2024-09-16 15:54:39.867000,415.2856861028653,14
2024-09-16 15:54:39.910000,415.2883228565877,996
2024-09-16 15:54:40.440000,415.2514588389428,97
2024-09-16 15:54:40.487000,415.27540124029497,1004
2024-09-16 15:54:40.510000,415.2449531523678,5
2024-09-16 15:54:40.751000,415.2603672047928,7
2024-09-16 15:54:41.005000,415.2369438269247,13
2024-09-16 15:54:41.119000,415.20655490176586,9
2024-09-16 15:54:41.190000,415.2418729222666,1005
2024-09-16 15:54:41.353000,415.2399370254784,10
2024-09-16 15:54:41.448000,415.23726680006746,102
2024-09-16 15:54:41.477000,415.20892223538425,11
2024-09-16 15:54:41.516000,415.2327512923208,6
2024-09-16 15:54:41.536000,415.19741116658753,98
2024-09-16 15:54:41.576000,415.2513043466118,100
2024-09-16 15:54:41.584000,415.2190928135892,997
2024-09-16 15:54:41.681000,415.245242623907,10
2024-09-16 15:54:41.682000,415.209928023324,15
2024-09-16 15:54:41.709000,415.216886723898,13
2024-09-16 15:54:41.711000,415.2085411725453,102
2024-09-16 15:54:41.741000,415.2355780791547,999
2024-09-16 15:54:41.751000,415.2302898374058,996
2024-09-16 15:54:41.790000,415.2211590380779,104
2024-09-16 15:54:41.852000,415.2434135463229,96
2024-09-16 15:54:41.862000,415.2192759226277,95
2024-09-16 15:54:41.888000,415.2261616155807,13
2024-09-16 15:54:41.974000,415.2466909779933,1005
2024-09-16 15:54:41.986000,415.23934107458166,13
2024-09-16 15:54:42.042000,415.1676660252457,999
2024-09-16 15:54:42.135000,415.1439403328552,11
2024-09-16 15:54:42.149000,415.1929907384984,998
2024-09-16 15:54:42.167000,415.1891379997515,1003
2024-09-16 15:54:42.176000,415.1887148597378,998
2024-09-16 15:54:42.182000,415.2092141796981,1002
2024-09-16 15:54:42.238000,415.1768996614419,999
2024-09-16 15:54:42.266000,415.1663428150965,101
2024-09-16 15:54:42.276000,415.19791591974285,10
2024-09-16 15:54:42.287000,415.1961945805754,99
2024-09-16 15:54:42.299000,415.1870655237004,5
2024-09-16 15:54:42.348000,415.1850325566935,104
2024-09-16 15:54:42.368000,415.16701355127134,98
2024-09-16 15:54:42.389000,415.2040222245543,14
2024-09-16 15:54:42.423000,415.19643563980014,95
2024-09-16 15:54:42.434000,415.2098161832323,5
2024-09-16 15:54:42.500000,415.1975146532428,12
2024-09-16 15:54:42.527000,415.1511513335425,12
2024-09-16 15:54:42.554000,415.2052425050394,997
2024-09-16 15:54:42.617000,415.1773664862174,1005
2024-09-16 15:54:42.700000,415.1798131873426,995
2024-09-16 15:54:42.708000,415.18117325177496,1005
2024-09-16 15:54:42.743000,415.2084168504933,14
2024-09-16 15:54:42.866000,415.1556556515769,12
2024-09-16 15:54:42.884000,415.230732492545,10
2024-09-16 15:54:42.942000,415.1512188563531,99
2024-09-16 15:54:42.943000,415.2361702971331,99
2024-09-16 15:54:42.967000,415.2100342700925,103
2024-09-16 15:54:42.984000,415.19261133142845,105
2024-09-16 15:54:43.024000,415.237702427049,105
2024-09-16 15:54:43.339000,415.2083711621692,11
2024-09-16 15:54:43.369000,415.19592722647326,999
2024-09-16 15:54:43.488000,415.1978933559907,1000
2024-09-16 15:54:43.493000,415.20999453628485,101
2024-09-16 15:54:43.512000,415.2854591332524,1000
2024-09-16 15:54:43.604000,415.2765632856352,10
2024-09-16 15:54:43.753000,415.2593694463588,12
2024-09-16 15:54:43.780000,415.1900349363384,13
2024-09-16 15:54:43.791000,415.2596213995864,11
2024-09-16 15:54:43.827000,415.2942405796902,105
2024-09-16 15:54:43.913000,415.2884103462728,105
2024-09-16 15:54:44.001000,415.344148384757,11
2024-09-16 15:54:44.048000,415.34357452266187,95
2024-09-16 15:54:44.096000,415.317307221266,997
2024-09-16 15:54:44.157000,415.33674274232897,7
2024-09-16 15:54:44.178000,415.3368149099173,102
2024-09-16 15:54:44.247000,415.3507168214569,95
2024-09-16 15:54:44.281000,415.34793624027344,1005
2024-09-16 15:54:44.285000,415.34194060107166,5
2024-09-16 15:54:44.369000,415.3484665256526,995
2024-09-16 15:54:44.486000,415.3335729075385,96
2024-09-16 15:54:44.978000,415.3133665451985,12
2024-09-16 15:54:45,415.3549991528008,100
2024-09-16 15:54:45.010000,417.3640563056596,5
2024-09-16 15:54:45.050000,415.35650764562286,6
2024-09-16 15:54:45.054000,415.3631148704935,1004
2024-09-16 15:54:45.055000,415.3439899651552,8
2024-09-16 15:54:45.064000,415.333605997735,5
2024-09-16 15:54:45.173000,415.384589694192,101
2024-09-16 15:54:45.207000,415.3824569854365,9
2024-09-16 15:54:45.208000,415.3624926828898,104
2024-09-16 15:54:45.272000,415.35152085163713,12
2024-09-16 15:54:45.342000,415.3202535542497,1000
2024-09-16 15:54:45.360000,415.3457063160999,95
2024-09-16 15:54:45.368000,415.3848044480249,1003
2024-09-16 15:54:45.370000,415.3852184852552,8
2024-09-16 15:54:45.379000,415.3635789884189,102
2024-09-16 15:54:45.431000,415.3315469701637,101
2024-09-16 15:54:45.487000,415.3574464739439,95
2024-09-16 15:54:45.498000,415.33564158875447,1004
2024-09-16 15:54:45.555000,415.368951255375,1001
2024-09-16 15:54:45.626000,415.3762959559122,1000
2024-09-16 15:54:45.644000,415.3281247749056,10
2024-09-16 15:54:45.665000,415.3526536947317,13
2024-09-16 15:54:45.669000,415.3476323094578,8
2024-09-16 15:54:45.797000,415.3388610880508,98
2024-09-16 15:54:45.821000,415.3434871067303,98
2024-09-16 15:54:45.831000,415.3578252516892,97
2024-09-16 15:54:45.952000,415.3409043994678,13
2024-09-16 15:54:45.989000,415.38975319392506,996
2024-09-16 15:54:46.061000,415.40077928339787,1000
2024-09-16 15:54:46.135000,415.3764557984624,6
2024-09-16 15:54:46.146000,415.3921550129454,998
2024-09-16 15:54:46.179000,415.3649203216961,1002
2024-09-16 15:54:46.295000,415.378499841576,1002
2024-09-16 15:54:46.407000,415.3802058920514,1005
2024-09-16 15:54:46.418000,415.3906799697748,12
2024-09-16 15:54:46.456000,415.3923123650139,1002
2024-09-16 15:54:46.512000,415.3739679741825,102
2024-09-16 15:54:46.585000,415.36905455384976,6
2024-09-16 15:54:46.589000,415.37437297078793,101
2024-09-16 15:54:46.631000,415.370766190157,1003
2024-09-16 15:54:46.665000,415.3667286420169,997
2024-09-16 15:54:46.678000,415.3892535805224,10
2024-09-16 15:54:46.685000,415.3742608165311,15
2024-09-16 15:54:46.748000,415.3666970964856,102
2024-09-16 15:54:46.755000,415.3954019670442,15
2024-09-16 15:54:46.869000,415.3921090025246,98
2024-09-16 15:54:46.911000,415.3566772827126,1002
2024-09-16 15:54:46.923000,415.37737848330914,105
2024-09-16 15:54:47.067000,415.40559679734463,5
2024-09-16 15:54:47.138000,415.410272305633,1002
2024-09-16 15:54:47.224000,415.4231316163511,999
2024-09-16 15:54:47.291000,415.36490531335807,7
2024-09-16 15:54:47.315000,415.357758937778,5
2024-09-16 15:54:47.379000,415.3890034122937,105
2024-09-16 15:54:47.415000,415.40371993850937,8
2024-09-16 15:54:47.613000,415.3774419457033,8
2024-09-16 15:54:47.970000,415.3697176182365,12
2024-09-16 15:54:48.118000,415.4353702677532,10
2024-09-16 15:54:48.125000,415.4938237637509,100
2024-09-16 15:54:48.149000,415.43482103692,9
2024-09-16 15:54:48.154000,415.4274601036877,1002
2024-09-16 15:54:48.184000,415.526799882749,12
2024-09-16 15:54:48.215000,415.5077991702494,1002
2024-09-16 15:54:48.233000,415.4338918221825,1002
2024-09-16 15:54:48.239000,415.4838755084191,997
2024-09-16 15:54:48.277000,415.4386388458005,996
2024-09-16 15:54:48.338000,415.4266868442596,8
2024-09-16 15:54:48.341000,415.4600722139961,999
2024-09-16 15:54:48.345000,415.4503250906729,97
2024-09-16 15:54:48.415000,415.5137391959436,98
2024-09-16 15:54:48.454000,415.4282618385333,997
2024-09-16 15:54:48.529000,415.43223159297327,11
2024-09-16 15:54:48.547000,415.42886227534257,995
2024-09-16 15:54:48.565000,415.502010519054,104
2024-09-16 15:54:48.687000,415.4356587594336,97
2024-09-16 15:54:48.731000,415.4420991135619,1002
2024-09-16 15:54:48.741000,415.4900743236599,13
2024-09-16 15:54:48.811000,415.4895020989144,13
2024-09-16 15:54:48.840000,415.5175811658259,98
2024-09-16 15:54:48.856000,415.4452108690769,1005
2024-09-16 15:54:48.893000,415.455072682222,5
2024-09-16 15:54:48.946000,415.4267180523021,5
2024-09-16 15:54:48.985000,415.4529142185857,100
2024-09-16 15:54:49.114000,415.54490740714925,1005
2024-09-16 15:54:49.384000,415.5213817294727,1001
2024-09-16 15:54:49.727000,417.1303210774784,9
2024-09-16 15:54:49.814000,415.515563710862,7
2024-09-16 15:54:49.827000,415.52973808024495,1000
2024-09-16 15:54:50.057000,415.57165430126975,998
2024-09-16 15:54:50.188000,415.579888955267,1005
2024-09-16 15:54:50.244000,415.56837958084566,15
2024-09-16 15:54:50.319000,415.562155312522,11
2024-09-16 15:54:50.415000,415.5501451103363,100
2024-09-16 15:54:50.450000,415.5185479129772,1004
2024-09-16 15:54:50.464000,415.5490903357227,95
2024-09-16 15:54:50.485000,415.5472043733215,102
2024-09-16 15:54:50.499000,415.5614180927259,95
2024-09-16 15:54:50.696000,415.5617574894344,103
2024-09-16 15:54:50.732000,415.5692575970494,1000
2024-09-16 15:54:50.813000,415.5226791818692,1003
2024-09-16 15:54:50.841000,415.5423599505299,10
2024-09-16 15:54:50.868000,415.5592078097678,1002
2024-09-16 15:54:50.953000,415.53105098704094,999
2024-09-16 15:54:51.065000,415.61975030212926,8
2024-09-16 15:54:51.106000,415.5298671801988,14
2024-09-16 15:54:51.209000,415.59188240690514,15
2024-09-16 15:54:51.284000,415.6174024283365,8
2024-09-16 15:54:51.293000,415.5603957919621,9
2024-09-16 15:54:51.312000,415.5651877437464,11
2024-09-16 15:54:51.358000,415.574671367547,8
2024-09-16 15:54:51.404000,415.5518711862548,103
2024-09-16 15:54:51.415000,415.59157426660187,8
2024-09-16 15:54:51.431000,415.5825842967302,14
2024-09-16 15:54:51.454000,415.56162119904434,104
2024-09-16 15:54:51.476000,415.53154023092014,95
2024-09-16 15:54:51.485000,415.58070822032414,1001
2024-09-16 15:54:51.504000,415.52449006927895,1003
2024-09-16 15:54:51.526000,415.55070317871,102
2024-09-16 15:54:51.576000,415.5649488681557,102
2024-09-16 15:54:51.617000,415.5432818276919,999
2024-09-16 15:54:51.690000,415.5937795100975,998
2024-09-16 15:54:51.695000,415.57137921487896,13
2024-09-16 15:54:51.747000,415.5961667989852,99
2024-09-16 15:54:51.784000,415.60503307749735,103
2024-09-16 15:54:51.789000,415.5560594158308,997
2024-09-16 15:54:51.802000,415.5846890552479,996
2024-09-16 15:54:51.834000,415.56161867012446,1002
2024-09-16 15:54:51.906000,415.5743964276056,102
2024-09-16 15:54:51.935000,415.5939672043281,6
2024-09-16 15:54:51.939000,415.5778706577174,98
2024-09-16 15:54:51.953000,415.5983466540457,101
2024-09-16 15:54:52.014000,415.68445347021617,1004
2024-09-16 15:54:52.120000,415.6834690595642,96
2024-09-16 15:54:52.150000,415.6991753464979,14
2024-09-16 15:54:52.163000,415.6556423832998,1001
2024-09-16 15:54:52.210000,415.6635226146305,995
2024-09-16 15:54:52.215000,415.65931451026825,101
2024-09-16 15:54:52.255000,415.70145952666365,15
2024-09-16 15:54:52.333000,415.6140241094458,105
2024-09-16 15:54:52.352000,415.6017023000391,1003
2024-09-16 15:54:52.426000,415.621996443555,105
2024-09-16 15:54:52.428000,415.62575008486175,1003
2024-09-16 15:54:52.545000,415.6301362881817,998
2024-09-16 15:54:52.624000,415.65812122584833,99
2024-09-16 15:54:52.653000,415.70083993626827,1003
2024-09-16 15:54:52.659000,415.6458741369198,995
2024-09-16 15:54:52.693000,415.6179614641744,12
2024-09-16 15:54:52.778000,415.6369382800045,10
2024-09-16 15:54:52.806000,415.71605398241553,102
2024-09-16 15:54:52.812000,415.6907805690432,15
2024-09-16 15:54:52.865000,415.7028137713716,1003
2024-09-16 15:54:52.880000,415.6242291704217,96
2024-09-16 15:54:52.899000,415.64796651749447,10
2024-09-16 15:54:52.910000,415.627443002527,13
2024-09-16 15:54:52.987000,415.6305531794089,8
2024-09-16 15:54:53.056000,415.6758896150698,13
2024-09-16 15:54:53.150000,415.6909169002098,99
2024-09-16 15:54:53.237000,415.6806012124749,12
2024-09-16 15:54:53.305000,415.6859785280169,95
2024-09-16 15:54:53.367000,415.6547324744677,10
2024-09-16 15:54:53.489000,415.65804563608464,100
2024-09-16 15:54:53.511000,415.6667524691569,7
2024-09-16 15:54:53.516000,415.674924525188,999
2024-09-16 15:54:53.626000,415.68465820158417,15
2024-09-16 15:54:53.698000,415.6666669460024,96
2024-09-16 15:54:53.718000,415.6690651209007,999
2024-09-16 15:54:53.745000,415.6621212287373,98
2024-09-16 15:54:53.773000,415.6664273915173,15
2024-09-16 15:54:53.855000,415.6953332038476,6
2024-09-16 15:54:53.869000,415.6654420566337,1002
2024-09-16 15:54:53.966000,415.6510352420931,103
2024-09-16 15:54:54.171000,415.6881359344891,102
2024-09-16 15:54:54.226000,415.7073447379757,997
2024-09-16 15:54:54.248000,415.7046856255458,1000
2024-09-16 15:54:54.374000,415.7054602056104,15
2024-09-16 15:54:54.395000,415.7004129235512,1003
2024-09-16 15:54:54.469000,415.6651432923285,102
2024-09-16 15:54:54.470000,415.6759938899548,999
2024-09-16 15:54:54.787000,415.69479727408174,997
2024-09-16 15:54:54.862000,415.6787267682929,100
2024-09-16 15:54:54.903000,415.6971864176838,9
2024-09-16 15:54:54.959000,415.68870606232144,1002
2024-09-16 15:54:55.099000,415.7710871160652,1001
2024-09-16 15:54:55.101000,415.6770757356859,102
2024-09-16 15:54:55.138000,415.76745187201846,999
2024-09-16 15:54:55.218000,415.7228498127076,101
2024-09-16 15:54:55.234000,415.77830768253074,10
2024-09-16 15:54:55.278000,415.7464117245999,101
2024-09-16 15:54:55.279000,415.7243200123,95
2024-09-16 15:54:55.308000,415.753279289851,998
2024-09-16 15:54:55.322000,415.72123428718686,1005
2024-09-16 15:54:55.331000,415.7684584601906,997
2024-09-16 15:54:55.402000,415.72923022031694,995
2024-09-16 15:54:55.418000,415.730879528193,97
2024-09-16 15:54:55.634000,415.7548546393713,99
2024-09-16 15:54:55.652000,415.6837029165071,13
2024-09-16 15:54:55.686000,415.7146144293695,6
2024-09-16 15:54:55.687000,415.7024425394668,11
2024-09-16 15:54:55.795000,415.6888901106135,995
2024-09-16 15:54:55.847000,415.7328364215645,97
2024-09-16 15:54:55.856000,415.74473648417177,101
2024-09-16 15:54:55.859000,415.7244713561506,1002
2024-09-16 15:54:55.884000,415.7549460198435,5
2024-09-16 15:54:55.895000,415.77267424507966,1001
2024-09-16 15:54:55.926000,415.7584615014985,101
2024-09-16 15:54:55.929000,415.7367368732828,6
2024-09-16 15:54:55.982000,415.7332693897361,96
2024-09-16 15:54:55.984000,415.745886408638,6
2024-09-16 15:54:56.004000,415.7932673519328,9
2024-09-16 15:54:56.068000,415.7740693993266,14
2024-09-16 15:54:56.075000,415.7732330664404,7
2024-09-16 15:54:56.088000,415.79304778055337,103
2024-09-16 15:54:56.115000,415.77804754774905,95
2024-09-16 15:54:56.157000,415.77868195575206,1001
2024-09-16 15:54:56.219000,415.7517303708204,1003
2024-09-16 15:54:56.222000,415.7965318160032,12
2024-09-16 15:54:56.243000,415.7593196693814,104
2024-09-16 15:54:56.312000,415.7967144519497,10
2024-09-16 15:54:56.363000,415.8046796258983,995
2024-09-16 15:54:56.369000,415.7522333101825,15
2024-09-16 15:54:56.412000,415.75855213963627,101
2024-09-16 15:54:56.471000,415.7872711420508,104
2024-09-16 15:54:56.535000,415.7571863231194,96
2024-09-16 15:54:56.617000,415.7730359470167,998
2024-09-16 15:54:56.690000,415.7959092968483,96
2024-09-16 15:54:56.716000,415.7822715099423,9
2024-09-16 15:54:56.737000,415.7954939896096,97
2024-09-16 15:54:56.814000,415.7868477808118,98
2024-09-16 15:54:56.831000,415.79714957226406,6
2024-09-16 15:54:56.833000,415.7770832286912,5
2024-09-16 15:54:56.867000,415.776085614837,102
2024-09-16 15:54:56.903000,417.0091193799219,15
2024-09-16 15:54:56.977000,415.7730662825397,14
2024-09-16 15:54:56.983000,415.7831921190333,13
2024-09-16 15:54:56.985000,415.8030431430546,101
2024-09-16 15:54:57.203000,415.7401783524731,14
2024-09-16 15:54:57.369000,415.7344264482319,12
2024-09-16 15:54:57.503000,415.7315959008742,96
2024-09-16 15:54:57.789000,415.74644583602094,9
2024-09-16 15:54:58,415.7384652345049,8
2024-09-16 15:54:58.094000,415.726403567624,998
2024-09-16 15:54:58.346000,415.7153764099929,12
2024-09-16 15:54:58.365000,415.7323735847367,1005
2024-09-16 15:54:58.365000,415.7304706023794,102
2024-09-16 15:54:58.368000,415.723254008434,105
2024-09-16 15:54:58.417000,415.7160616872271,9
2024-09-16 15:54:58.455000,415.71888049866,97
2024-09-16 15:54:58.485000,415.7127483461176,95
2024-09-16 15:54:58.699000,415.7398720019021,96
2024-09-16 15:54:58.705000,415.7460104651833,15
2024-09-16 15:54:58.732000,415.7359230089035,101
2024-09-16 15:54:58.801000,415.70696089466594,11
2024-09-16 15:54:58.925000,415.7190498385913,996
2024-09-16 15:54:58.962000,415.7274343788796,10
2024-09-16 15:54:59.023000,415.6613411200186,105
2024-09-16 15:54:59.026000,415.6453454100201,1000
2024-09-16 15:54:59.040000,415.6335193496683,99
2024-09-16 15:54:59.092000,415.6470741306865,6
2024-09-16 15:54:59.155000,415.6478719769088,996
2024-09-16 15:54:59.186000,415.622124359126,5
2024-09-16 15:54:59.212000,415.7173171465685,1003
2024-09-16 15:54:59.216000,415.65149436904136,103
2024-09-16 15:54:59.218000,415.7027195193968,103
2024-09-16 15:54:59.224000,415.6420015635454,5
2024-09-16 15:54:59.225000,415.6377063358414,1004
2024-09-16 15:54:59.248000,415.6550316725511,101
2024-09-16 15:54:59.292000,415.6333329492519,1002
2024-09-16 15:54:59.331000,415.6900010441945,997
2024-09-16 15:54:59.373000,415.6549587732976,996
2024-09-16 15:54:59.457000,415.7072384516068,11
2024-09-16 15:54:59.462000,415.64417930050064,105
2024-09-16 15:54:59.532000,415.6586009452954,14
2024-09-16 15:54:59.540000,415.6616339717281,98
2024-09-16 15:54:59.581000,415.6496401863085,997
2024-09-16 15:54:59.592000,415.6707937106299,1002
2024-09-16 15:54:59.632000,415.6413293968437,95
2024-09-16 15:54:59.633000,415.7013059875208,105
2024-09-16 15:54:59.664000,415.7015252241305,8
2024-09-16 15:54:59.690000,415.71204676214654,1000
2024-09-16 15:54:59.741000,415.7000671647847,6
2024-09-16 15:54:59.764000,415.64397213619657,1004
2024-09-16 15:54:59.841000,415.64964604371664,15
2024-09-16 15:54:59.924000,415.6583126842472,996
2024-09-16 15:54:59.931000,415.650858226993,1000
