Timestamp,Price,Size
2024-09-20 15:30:00.168000,427.9174007528339,15
2024-09-20 15:30:00.191000,427.89513803079177,104
2024-09-20 15:30:00.291000,427.9198353718164,100
2024-09-20 15:30:00.583000,427.9290515023275,1000
2024-09-20 15:30:00.614000,427.9210239650118,1000
2024-09-20 15:30:00.616000,427.9279495663186,15
2024-09-20 15:30:00.675000,427.95401340414895,1002
2024-09-20 15:30:00.684000,427.9313611005289,1005
2024-09-20 15:30:00.776000,427.9384568121425,1003
2024-09-20 15:30:00.826000,427.9000846691649,98
2024-09-20 15:30:01.059000,427.94400464431175,95
2024-09-20 15:30:01.078000,427.8923558896879,103
2024-09-20 15:30:01.242000,427.91323153823583,14
2024-09-20 15:30:01.394000,427.95524792130806,97
2024-09-20 15:30:01.625000,427.9069420740648,11
2024-09-20 15:30:02.141000,427.92440026546296,15
2024-09-20 15:30:02.373000,427.9181115700951,98
2024-09-20 15:30:02.388000,427.928052326629,98
2024-09-20 15:30:02.404000,427.9363875259979,100
2024-09-20 15:30:02.477000,427.9367435168335,96
2024-09-20 15:30:02.515000,427.9506407459029,102
2024-09-20 15:30:02.566000,427.9576412901552,995
2024-09-20 15:30:02.600000,427.9188672770147,10
2024-09-20 15:30:02.604000,427.9500246645512,10
2024-09-20 15:30:02.609000,427.9431709165855,11
2024-09-20 15:30:02.679000,427.94222947271504,7
2024-09-20 15:30:02.680000,427.9489395840394,98
2024-09-20 15:30:02.750000,427.9829535767371,99
2024-09-20 15:30:02.768000,427.9519156868076,100
2024-09-20 15:30:02.887000,427.9675973345589,97
2024-09-20 15:30:02.932000,427.9330246364554,998
2024-09-20 15:30:02.939000,427.943808700977,7
2024-09-20 15:30:02.948000,427.9281406392602,11
2024-09-20 15:30:03.017000,428.0170082501,9
2024-09-20 15:30:03.101000,428.0579122251898,998
2024-09-20 15:30:03.167000,428.0408878424586,999
2024-09-20 15:30:03.176000,428.05878501860286,104
2024-09-20 15:30:03.212000,427.9882478466381,5
2024-09-20 15:30:03.257000,428.0089200154078,97
2024-09-20 15:30:03.359000,427.9957643003641,96
2024-09-20 15:30:03.449000,428.0583049055432,9
2024-09-20 15:30:03.482000,427.9883924309856,13
2024-09-20 15:30:03.508000,427.9910813979608,999
2024-09-20 15:30:03.521000,428.02362297119777,12
2024-09-20 15:30:03.624000,428.0079317555653,1005
2024-09-20 15:30:03.631000,427.9691313384804,1000
2024-09-20 15:30:03.644000,427.991578887102,96
2024-09-20 15:30:03.652000,427.9523702145502,999
2024-09-20 15:30:03.724000,427.9485239428029,102
2024-09-20 15:30:03.737000,427.998803415644,998
2024-09-20 15:30:03.764000,427.997200356944,7
2024-09-20 15:30:03.801000,427.9887379087928,97
2024-09-20 15:30:03.809000,428.0591824721294,8
2024-09-20 15:30:03.842000,427.9695648675406,1004
2024-09-20 15:30:03.843000,427.9743171515915,8
2024-09-20 15:30:03.904000,428.0446044724901,14
2024-09-20 15:30:03.915000,427.977637684532,101
2024-09-20 15:30:03.987000,427.95017793755903,13
2024-09-20 15:30:04.178000,428.05531022406825,14
2024-09-20 15:30:04.229000,428.0525385148816,7
2024-09-20 15:30:04.229000,428.0841630991501,14
2024-09-20 15:30:04.328000,428.0133945070459,97
2024-09-20 15:30:04.330000,428.0740514470958,997
2024-09-20 15:30:04.452000,428.1602523063044,1000
2024-09-20 15:30:04.494000,428.14134613639527,96
2024-09-20 15:30:04.500000,428.0904163887122,6
2024-09-20 15:30:04.502000,428.0034326247492,6
2024-09-20 15:30:04.540000,428.0550206104968,8
2024-09-20 15:30:04.570000,428.06475285593785,96
2024-09-20 15:30:04.597000,428.0581884144287,995
2024-09-20 15:30:04.662000,428.10891672099103,8
2024-09-20 15:30:04.683000,428.10177948907705,1003
2024-09-20 15:30:04.686000,428.063365440194,997
2024-09-20 15:30:04.731000,428.0245700026368,99
2024-09-20 15:30:04.731000,428.0534221783514,100
2024-09-20 15:30:04.794000,428.05493342359,10
2024-09-20 15:30:04.854000,428.00895539743846,997
2024-09-20 15:30:04.858000,428.0387323869282,999
2024-09-20 15:30:04.914000,428.0085903166533,1001
2024-09-20 15:30:04.922000,428.058566401499,1002
2024-09-20 15:30:04.955000,428.05847133583046,103
2024-09-20 15:30:04.973000,428.0607670863265,105
2024-09-20 15:30:04.978000,428.1594292029692,1004
2024-09-20 15:30:04.984000,428.0989571491789,9
2024-09-20 15:30:05.066000,428.2125523662592,97
2024-09-20 15:30:05.090000,428.2331729833443,1002
2024-09-20 15:30:05.127000,428.2152412625351,9
2024-09-20 15:30:05.136000,428.1522387825046,99
2024-09-20 15:30:05.175000,428.2265822474856,97
2024-09-20 15:30:05.246000,428.2381981683719,998
2024-09-20 15:30:05.258000,428.1600479089238,12
2024-09-20 15:30:05.269000,428.1658880187766,6
2024-09-20 15:30:05.284000,428.23278861348655,7
2024-09-20 15:30:05.387000,428.1860010807389,13
2024-09-20 15:30:05.397000,428.2266987994181,98
2024-09-20 15:30:05.420000,428.1781074071594,10
2024-09-20 15:30:05.508000,428.2097096379809,97
2024-09-20 15:30:05.608000,428.1699965143157,104
2024-09-20 15:30:05.719000,428.15695807311295,95
2024-09-20 15:30:05.733000,428.169850045044,102
2024-09-20 15:30:05.747000,428.1712795383664,7
2024-09-20 15:30:05.840000,428.2263970087754,1003
2024-09-20 15:30:05.848000,428.1996583369785,99
2024-09-20 15:30:05.917000,428.17562744522695,97
2024-09-20 15:30:05.942000,428.2482762442605,12
2024-09-20 15:30:05.956000,428.1659002302836,5
2024-09-20 15:30:05.975000,428.23305007216686,12
2024-09-20 15:30:06.074000,428.20672652533233,12
2024-09-20 15:30:06.144000,428.2169400857583,995
2024-09-20 15:30:06.306000,428.2401360465204,98
2024-09-20 15:30:06.593000,428.2459363988461,997
2024-09-20 15:30:07.493000,428.1452033848771,12
2024-09-20 15:30:07.536000,428.17361462599615,1004
2024-09-20 15:30:07.884000,428.1800407593328,13
2024-09-20 15:30:07.946000,428.1786744812529,1000
2024-09-20 15:30:08.147000,428.14125922513546,1002
2024-09-20 15:30:08.159000,428.1745274881171,5
2024-09-20 15:30:08.174000,428.1671690291882,103
2024-09-20 15:30:08.225000,428.14331483600125,12
2024-09-20 15:30:08.236000,428.1650271865095,9
2024-09-20 15:30:08.267000,423.8707180706878,15
2024-09-20 15:30:08.395000,428.1572275782622,8
2024-09-20 15:30:08.467000,428.1294231108069,96
2024-09-20 15:30:08.563000,428.1557351281205,13
2024-09-20 15:30:08.574000,428.1486753815387,996
2024-09-20 15:30:08.583000,428.1721373938842,95
2024-09-20 15:30:08.709000,428.18481966945546,8
2024-09-20 15:30:08.838000,428.1611953391639,996
2024-09-20 15:30:08.843000,428.1719547428074,100
2024-09-20 15:30:08.913000,428.1396309312902,1003
2024-09-20 15:30:09.001000,428.1266547723625,105
2024-09-20 15:30:09.052000,428.1457414895565,8
2024-09-20 15:30:09.100000,428.135277075171,14
2024-09-20 15:30:09.116000,428.14904772541126,105
2024-09-20 15:30:09.123000,428.1286140769985,1000
2024-09-20 15:30:09.149000,428.14579149345326,100
2024-09-20 15:30:09.319000,428.1353891759074,7
2024-09-20 15:30:09.337000,428.1360613162135,101
2024-09-20 15:30:09.386000,428.12904681453904,15
2024-09-20 15:30:09.407000,428.1272796227137,96
2024-09-20 15:30:09.455000,428.1670791276139,7
2024-09-20 15:30:09.457000,428.12584056994655,997
2024-09-20 15:30:09.505000,428.1503777952353,999
2024-09-20 15:30:09.578000,428.1301040609503,8
2024-09-20 15:30:09.628000,428.140981882492,996
2024-09-20 15:30:09.639000,428.1122444899644,8
2024-09-20 15:30:09.718000,428.1546521425006,9
2024-09-20 15:30:09.749000,428.1407209942317,1001
2024-09-20 15:30:09.778000,428.1269227203576,1003
2024-09-20 15:30:09.799000,428.12116198253466,96
2024-09-20 15:30:09.813000,428.1446671895435,1005
2024-09-20 15:30:09.955000,428.111891026756,1002
2024-09-20 15:30:10.006000,428.1177284059045,998
2024-09-20 15:30:10.008000,428.10606527097593,1005
2024-09-20 15:30:10.137000,428.11994932532247,1000
2024-09-20 15:30:10.250000,428.1702615836646,8
2024-09-20 15:30:10.350000,428.1255760448156,95
2024-09-20 15:30:10.430000,428.1501600155962,5
2024-09-20 15:30:10.441000,428.1023438737454,8
2024-09-20 15:30:10.458000,428.1352396100976,996
2024-09-20 15:30:10.466000,428.1123034961586,11
2024-09-20 15:30:10.477000,428.1346922791039,995
2024-09-20 15:30:10.505000,428.1304761672972,5
2024-09-20 15:30:10.512000,428.1265781176943,6
2024-09-20 15:30:10.574000,428.1253207102439,7
2024-09-20 15:30:10.577000,428.115102637522,1004
2024-09-20 15:30:10.589000,428.1474440627543,98
2024-09-20 15:30:10.600000,428.13292659517066,105
2024-09-20 15:30:10.646000,428.1442469249129,96
2024-09-20 15:30:10.815000,428.0939972892184,14
2024-09-20 15:30:10.840000,428.16696158752967,5
2024-09-20 15:30:10.851000,428.1324614838944,1002
2024-09-20 15:30:10.853000,428.1125755168068,11
2024-09-20 15:30:10.935000,428.1281991821687,13
2024-09-20 15:30:10.935000,428.1511210721238,13
2024-09-20 15:30:10.996000,428.1709225095377,8
2024-09-20 15:30:11.011000,428.1028908217531,15
2024-09-20 15:30:11.024000,428.1229629593215,1001
2024-09-20 15:30:11.184000,428.1250760872192,101
2024-09-20 15:30:11.352000,428.1073329491821,98
2024-09-20 15:30:11.667000,428.1028182732812,13
2024-09-20 15:30:11.874000,428.1321793603322,1003
2024-09-20 15:30:11.883000,428.1045291904481,98
2024-09-20 15:30:12.080000,428.0882024738603,996
2024-09-20 15:30:12.112000,428.0661856395478,998
2024-09-20 15:30:12.208000,428.0721589806679,999
2024-09-20 15:30:12.289000,428.0743078577566,1003
2024-09-20 15:30:12.378000,428.0614649444647,12
2024-09-20 15:30:12.500000,428.0740187072252,101
2024-09-20 15:30:12.527000,428.0642358988985,104
2024-09-20 15:30:12.542000,428.0483888887249,1001
2024-09-20 15:30:12.728000,428.0841509789542,103
2024-09-20 15:30:12.749000,428.0923544482266,11
2024-09-20 15:30:12.859000,428.0609828747479,15
2024-09-20 15:30:12.945000,428.0918960448439,10
2024-09-20 15:30:12.990000,428.0927566791263,996
2024-09-20 15:30:13.183000,428.08417187497207,997
2024-09-20 15:30:13.190000,428.0772046452728,104
2024-09-20 15:30:13.317000,427.96932226447234,98
2024-09-20 15:30:13.345000,427.9922407063164,105
2024-09-20 15:30:13.496000,428.00139253770857,998
2024-09-20 15:30:13.524000,427.97612130562567,1003
2024-09-20 15:30:13.589000,428.0130024827799,8
2024-09-20 15:30:13.651000,428.0150879951301,14
2024-09-20 15:30:13.728000,428.0409836058892,996
2024-09-20 15:30:13.803000,428.0760182913068,995
2024-09-20 15:30:13.823000,427.9883104998597,5
2024-09-20 15:30:13.853000,428.067102083016,1001
2024-09-20 15:30:13.931000,427.9907553485216,100
2024-09-20 15:30:13.941000,427.9888443548919,13
2024-09-20 15:30:14.058000,427.97029178650985,99
2024-09-20 15:30:14.082000,427.9663439897249,96
2024-09-20 15:30:14.186000,427.9748174700025,100
2024-09-20 15:30:14.340000,427.9952886336413,15
2024-09-20 15:30:14.349000,427.9586561364116,13
2024-09-20 15:30:14.423000,427.9766327335788,14
2024-09-20 15:30:14.811000,427.96700275041326,15
2024-09-20 15:30:15.026000,427.9575433912589,8
2024-09-20 15:30:15.147000,427.9689674319185,1001
2024-09-20 15:30:15.153000,427.9644591798303,1004
2024-09-20 15:30:15.408000,427.9581731143427,96
2024-09-20 15:30:15.451000,427.9511149287723,999
2024-09-20 15:30:15.461000,427.977716920536,7
2024-09-20 15:30:15.481000,427.9425828021096,997
2024-09-20 15:30:15.505000,427.9736158723802,97
2024-09-20 15:30:15.558000,427.9552033987688,98
2024-09-20 15:30:15.682000,427.9749823162214,102
2024-09-20 15:30:15.742000,427.9482035799937,98
2024-09-20 15:30:15.786000,427.97079306163937,1001
2024-09-20 15:30:15.791000,427.9779493578361,101
2024-09-20 15:30:15.899000,427.9638700873663,105
2024-09-20 15:30:16.155000,427.9439338688586,998
2024-09-20 15:30:16.231000,427.97320397702816,101
2024-09-20 15:30:16.273000,428.00790166028514,14
2024-09-20 15:30:16.282000,427.963134659387,99
2024-09-20 15:30:16.295000,428.015915111784,99
2024-09-20 15:30:16.351000,427.9686217450776,98
2024-09-20 15:30:16.399000,427.94257317577967,104
2024-09-20 15:30:16.418000,427.9541099684099,1003
2024-09-20 15:30:16.418000,427.9563822032792,104
2024-09-20 15:30:16.421000,427.9926982876096,103
2024-09-20 15:30:16.438000,427.9758753354871,8
2024-09-20 15:30:16.508000,427.9750634986768,15
2024-09-20 15:30:16.528000,427.97358121295815,12
2024-09-20 15:30:16.528000,427.979188498298,95
2024-09-20 15:30:16.590000,427.9622948741235,12
2024-09-20 15:30:16.675000,427.9695811219827,998
2024-09-20 15:30:16.684000,428.00768172671394,995
2024-09-20 15:30:16.690000,428.01235476974017,99
2024-09-20 15:30:16.700000,427.957914145541,100
2024-09-20 15:30:16.726000,427.9495003517689,996
2024-09-20 15:30:16.806000,427.9752256012829,99
2024-09-20 15:30:16.866000,427.9937821295895,99
2024-09-20 15:30:16.960000,428.01627335497005,5
2024-09-20 15:30:16.964000,427.9563713470996,13
2024-09-20 15:30:17.240000,427.9737724632496,99
2024-09-20 15:30:17.242000,427.9874086874121,99
2024-09-20 15:30:17.308000,423.581490944614,1001
2024-09-20 15:30:17.386000,427.9974092540977,996
2024-09-20 15:30:17.497000,427.9584607325919,102
2024-09-20 15:30:17.813000,427.98595842535366,104
2024-09-20 15:30:17.835000,427.970493013325,9
2024-09-20 15:30:17.951000,427.99713396109945,1003
2024-09-20 15:30:18.171000,428.0076107403494,1004
2024-09-20 15:30:18.181000,427.98454607239336,997
2024-09-20 15:30:18.187000,427.9890638041202,9
2024-09-20 15:30:18.214000,428.01524579026005,996
2024-09-20 15:30:18.225000,428.00481961518034,97
2024-09-20 15:30:18.230000,427.9940852937485,96
2024-09-20 15:30:18.440000,427.9872122249061,95
2024-09-20 15:30:18.739000,428.0618208928432,102
2024-09-20 15:30:18.791000,428.0587621237388,95
2024-09-20 15:30:18.883000,428.0553887692515,1002
2024-09-20 15:30:18.961000,427.9920821378436,6
2024-09-20 15:30:19.163000,428.0815286411273,1003
2024-09-20 15:30:19.319000,428.08063064236654,1001
2024-09-20 15:30:19.479000,428.0634381275932,102
2024-09-20 15:30:19.611000,428.0780867492778,997
2024-09-20 15:30:19.716000,428.0837556097667,999
2024-09-20 15:30:19.818000,428.06302346878255,5
2024-09-20 15:30:20.067000,428.0659653328273,8
2024-09-20 15:30:20.099000,428.0663243106866,101
2024-09-20 15:30:20.109000,428.0740947586991,7
2024-09-20 15:30:20.138000,428.1065393642206,105
2024-09-20 15:30:20.142000,428.06859406486535,14
2024-09-20 15:30:20.149000,428.1503744372672,96
2024-09-20 15:30:20.182000,428.07627742179966,102
2024-09-20 15:30:20.187000,428.0458075799994,103
2024-09-20 15:30:20.221000,428.0997553893617,11
2024-09-20 15:30:20.242000,428.08166847389657,12
2024-09-20 15:30:20.292000,428.0725382174166,97
2024-09-20 15:30:20.376000,428.07411823301874,99
2024-09-20 15:30:20.378000,428.0812787020944,9
2024-09-20 15:30:20.416000,428.0556785518679,102
2024-09-20 15:30:20.462000,428.1226686338496,9
2024-09-20 15:30:20.485000,428.07868607880175,7
2024-09-20 15:30:20.520000,428.062014332759,997
2024-09-20 15:30:20.564000,428.0745676665991,97
2024-09-20 15:30:20.582000,428.09705801351583,98
2024-09-20 15:30:20.736000,428.1206722303797,8
2024-09-20 15:30:20.782000,428.185506522752,13
2024-09-20 15:30:20.821000,428.11310773075945,103
2024-09-20 15:30:20.875000,428.1003374234627,12
2024-09-20 15:30:20.876000,428.09859899940255,96
2024-09-20 15:30:20.943000,428.06763944323984,5
2024-09-20 15:30:20.947000,428.1068479918041,7
2024-09-20 15:30:20.956000,428.101460847281,10
2024-09-20 15:30:20.995000,428.084997754357,995
2024-09-20 15:30:21.038000,428.1259331276914,103
2024-09-20 15:30:21.086000,428.21177280263794,6
2024-09-20 15:30:21.138000,428.20400430122015,6
2024-09-20 15:30:21.186000,428.2234601630223,99
2024-09-20 15:30:21.189000,428.21365394898095,11
2024-09-20 15:30:21.205000,428.2033410576412,6
2024-09-20 15:30:21.206000,428.2091511777408,12
2024-09-20 15:30:21.308000,428.19244145024646,102
2024-09-20 15:30:21.313000,428.17341255887226,6
2024-09-20 15:30:21.322000,428.20727934617,9
2024-09-20 15:30:21.332000,428.2044940779312,6
2024-09-20 15:30:21.356000,428.16636639727386,99
2024-09-20 15:30:21.377000,428.1787430842695,96
2024-09-20 15:30:21.389000,428.1369324113828,97
2024-09-20 15:30:21.415000,428.20961221568666,999
2024-09-20 15:30:21.473000,428.21660363336974,99
2024-09-20 15:30:21.576000,428.19488992488647,10
2024-09-20 15:30:21.589000,428.1977280240623,997
2024-09-20 15:30:21.626000,428.14942931562575,8
2024-09-20 15:30:21.627000,428.2168449551008,6
2024-09-20 15:30:21.652000,428.13987398365657,96
2024-09-20 15:30:21.721000,428.1887135612439,1001
2024-09-20 15:30:21.729000,428.221243159998,98
2024-09-20 15:30:21.760000,428.2030797706548,1005
2024-09-20 15:30:21.768000,428.1928072843848,15
2024-09-20 15:30:21.793000,428.2032247762971,996
2024-09-20 15:30:21.892000,428.1785719962782,103
2024-09-20 15:30:21.936000,428.14628637924784,9
2024-09-20 15:30:21.954000,428.1898683315825,100
2024-09-20 15:30:22.020000,428.1174376846485,1004
2024-09-20 15:30:22.033000,428.11794252981207,997
2024-09-20 15:30:22.069000,428.1395754185544,7
2024-09-20 15:30:22.073000,428.1264148143717,1000
2024-09-20 15:30:22.084000,428.1529954494013,11
2024-09-20 15:30:22.133000,428.15542447119634,997
2024-09-20 15:30:22.152000,428.1569557586109,996
2024-09-20 15:30:22.160000,428.1167188290184,998
2024-09-20 15:30:22.164000,428.14148736656296,8
2024-09-20 15:30:22.190000,428.1199949732924,98
2024-09-20 15:30:22.314000,428.1349991988509,99
2024-09-20 15:30:22.424000,428.1366111472609,100
2024-09-20 15:30:22.444000,428.1019283065038,5
2024-09-20 15:30:22.469000,428.154987524108,6
2024-09-20 15:30:22.481000,428.1338939172044,95
2024-09-20 15:30:22.558000,428.1586123359629,1005
2024-09-20 15:30:22.580000,428.1223351564051,98
2024-09-20 15:30:22.628000,428.1178383799939,1002
2024-09-20 15:30:22.632000,428.1449877170349,103
2024-09-20 15:30:22.638000,428.1003304369388,105
2024-09-20 15:30:22.642000,428.1224489068949,1003
2024-09-20 15:30:22.693000,428.12092680588,8
2024-09-20 15:30:22.748000,428.14118424012696,996
2024-09-20 15:30:22.856000,428.1304953546344,1002
2024-09-20 15:30:22.867000,428.1202485845071,96
2024-09-20 15:30:22.905000,428.1222047408794,12
2024-09-20 15:30:22.958000,428.1539789449669,1002
2024-09-20 15:30:22.997000,428.1537445489007,101
2024-09-20 15:30:23.074000,428.14159504209454,996
2024-09-20 15:30:23.085000,428.1289354945529,997
2024-09-20 15:30:23.125000,428.16977722083664,97
2024-09-20 15:30:23.187000,428.1640066589614,997
2024-09-20 15:30:23.308000,428.1709781265392,10
2024-09-20 15:30:23.356000,428.1383164059882,10
2024-09-20 15:30:23.366000,428.1574993434812,9
2024-09-20 15:30:23.380000,428.1133254451312,105
2024-09-20 15:30:23.472000,428.18076774392296,1004
2024-09-20 15:30:23.494000,428.16803087058906,1002
2024-09-20 15:30:23.519000,428.1452093713093,10
2024-09-20 15:30:23.534000,428.125279370468,101
2024-09-20 15:30:23.569000,428.1439857684029,99
2024-09-20 15:30:23.576000,428.1376748248096,104
2024-09-20 15:30:23.620000,428.1184938515514,1002
2024-09-20 15:30:23.700000,428.1369653785519,105
2024-09-20 15:30:23.732000,428.12124043408977,1005
2024-09-20 15:30:23.806000,428.11554520101566,14
2024-09-20 15:30:23.892000,428.15176226944646,1000
2024-09-20 15:30:23.930000,428.1363567544087,999
2024-09-20 15:30:23.975000,428.1078301502164,14
2024-09-20 15:30:24.016000,428.0442786526853,1000
2024-09-20 15:30:24.074000,428.0986407725971,104
2024-09-20 15:30:24.139000,428.0456945982745,102
2024-09-20 15:30:24.228000,428.0937546460013,10
2024-09-20 15:30:24.507000,428.1230060778356,98
2024-09-20 15:30:24.666000,428.04523933344086,102
2024-09-20 15:30:24.799000,428.0873255186439,999
2024-09-20 15:30:24.937000,428.099420789774,998
2024-09-20 15:30:24.945000,428.0867439323512,99
2024-09-20 15:30:26.033000,428.0729736220776,10
2024-09-20 15:30:26.108000,428.0550207685412,9
2024-09-20 15:30:26.196000,428.0035261914418,10
2024-09-20 15:30:26.356000,428.0678319282335,104
2024-09-20 15:30:26.412000,428.0811172335808,101
2024-09-20 15:30:26.537000,428.0518405497977,1000
2024-09-20 15:30:26.578000,428.0526229864534,7
2024-09-20 15:30:26.590000,428.0466301739225,12
2024-09-20 15:30:26.594000,428.0668494016141,5
2024-09-20 15:30:26.648000,428.0739502188762,1004
2024-09-20 15:30:26.848000,428.0680874428025,10
2024-09-20 15:30:26.914000,428.042707989097,96
2024-09-20 15:30:26.934000,428.07737761808886,997
2024-09-20 15:30:26.973000,428.0298873749289,1002
2024-09-20 15:30:27.006000,427.9831700606241,1002
2024-09-20 15:30:27.074000,427.9760417607848,12
2024-09-20 15:30:27.076000,427.9803560912165,96
2024-09-20 15:30:27.085000,427.9988912027329,104
2024-09-20 15:30:27.124000,427.98110943863446,1001
2024-09-20 15:30:27.151000,427.97577883786863,8
2024-09-20 15:30:27.174000,427.98077472080365,1004
2024-09-20 15:30:27.194000,427.98850129195375,14
2024-09-20 15:30:27.209000,427.9885994633757,995
2024-09-20 15:30:27.335000,427.9958944425625,9
2024-09-20 15:30:27.336000,427.9837258774453,99
2024-09-20 15:30:27.360000,427.96579354409664,96
2024-09-20 15:30:27.363000,427.97297775459447,995
2024-09-20 15:30:27.368000,427.973650453587,105
2024-09-20 15:30:27.467000,427.9496656321504,1005
2024-09-20 15:30:27.563000,427.97590359242565,999
2024-09-20 15:30:27.623000,427.9889084505541,8
2024-09-20 15:30:27.627000,427.977450105331,13
2024-09-20 15:30:27.648000,427.9829739661549,999
2024-09-20 15:30:27.679000,427.9962994210638,999
2024-09-20 15:30:27.748000,427.96247619600433,998
2024-09-20 15:30:27.768000,427.9869489468736,1001
2024-09-20 15:30:27.797000,428.0085751226607,999
2024-09-20 15:30:27.814000,427.9953046003176,97
2024-09-20 15:30:27.865000,427.98823722392615,998
2024-09-20 15:30:27.890000,427.9645545265712,1002
2024-09-20 15:30:27.912000,427.98981232138647,995
2024-09-20 15:30:27.959000,427.9682085058817,1005
2024-09-20 15:30:27.985000,427.9689266659013,5
2024-09-20 15:30:28.119000,427.9422871411584,102
2024-09-20 15:30:28.285000,427.9836430221948,95
2024-09-20 15:30:28.439000,427.9690594456094,11
2024-09-20 15:30:28.584000,427.947070695724,1005
2024-09-20 15:30:28.798000,427.9064829927249,997
2024-09-20 15:30:28.862000,427.9318256262951,103
2024-09-20 15:30:29.029000,427.8950778382932,998
2024-09-20 15:30:29.220000,427.89500479831287,1002
2024-09-20 15:30:29.373000,427.91466278269513,101
2024-09-20 15:30:29.474000,427.90005814097896,104
2024-09-20 15:30:29.530000,427.9330115560268,5
2024-09-20 15:30:29.577000,427.9304869763415,95
2024-09-20 15:30:29.589000,427.8925739922684,104
2024-09-20 15:30:29.667000,427.9189459228718,10
2024-09-20 15:30:29.688000,427.9204736372496,102
2024-09-20 15:30:29.710000,427.9193952202465,102
2024-09-20 15:30:29.752000,427.9158872382989,11
2024-09-20 15:30:29.878000,427.9274594321033,996
2024-09-20 15:30:29.887000,427.9181498646867,997
2024-09-20 15:30:29.941000,427.91403613360046,1004
2024-09-20 15:30:30.038000,427.9269866113453,999
2024-09-20 15:30:30.113000,427.9053306337815,1002
2024-09-20 15:30:30.120000,427.9281150013956,8
2024-09-20 15:30:30.248000,427.9231998736406,95
2024-09-20 15:30:30.304000,427.937868429556,6
2024-09-20 15:30:30.387000,427.9225995823149,98
2024-09-20 15:30:30.494000,427.9066323273357,12
2024-09-20 15:30:30.638000,427.94334459571775,1002
2024-09-20 15:30:30.768000,427.919353798183,98
2024-09-20 15:30:31.333000,427.9234465158047,1004
2024-09-20 15:30:31.613000,427.9113979330696,101
2024-09-20 15:30:31.756000,427.92142003441774,7
2024-09-20 15:30:31.773000,427.9095268608544,14
2024-09-20 15:30:31.856000,427.9372337173456,10
2024-09-20 15:30:32.046000,427.9407338640375,105
2024-09-20 15:30:32.050000,427.9627583982243,1003
2024-09-20 15:30:32.173000,427.9381095806844,995
2024-09-20 15:30:32.233000,427.9409918493485,99
2024-09-20 15:30:32.263000,427.9457835606002,998
2024-09-20 15:30:32.266000,423.6884981882576,5
2024-09-20 15:30:32.285000,427.9234552835791,104
2024-09-20 15:30:32.285000,427.9641175608633,1003
2024-09-20 15:30:32.501000,427.9439436556319,13
2024-09-20 15:30:32.509000,427.9248253824845,998
2024-09-20 15:30:32.633000,427.9467813887474,5
2024-09-20 15:30:32.816000,427.9242658403498,1002
2024-09-20 15:30:32.857000,427.9476405514168,1000
2024-09-20 15:30:32.898000,427.93307505219946,96
2024-09-20 15:30:32.964000,427.934799974839,9
2024-09-20 15:30:32.983000,427.9439378337319,996
2024-09-20 15:30:32.990000,423.7455174583495,7
2024-09-20 15:30:33.122000,427.949725995105,99
2024-09-20 15:30:33.172000,427.9383943970672,1004
2024-09-20 15:30:33.261000,427.93597468789,14
2024-09-20 15:30:33.310000,427.9503451673585,15
2024-09-20 15:30:33.310000,427.9463619119749,996
2024-09-20 15:30:33.399000,423.7346111271364,99
2024-09-20 15:30:33.569000,427.9619320196096,996
2024-09-20 15:30:33.575000,427.9643878947522,95
2024-09-20 15:30:33.605000,427.9369465518006,996
2024-09-20 15:30:33.744000,427.9443282422845,96
2024-09-20 15:30:33.753000,427.9339830030892,997
2024-09-20 15:30:33.874000,427.96585405340414,100
2024-09-20 15:30:33.920000,427.9389105584182,9
2024-09-20 15:30:33.951000,427.977903848917,9
2024-09-20 15:30:34.005000,428.0038209499924,97
2024-09-20 15:30:34.090000,428.0168805398464,7
2024-09-20 15:30:34.131000,427.9830293824954,996
2024-09-20 15:30:34.171000,428.0089629059912,1003
2024-09-20 15:30:34.285000,427.975755766609,10
2024-09-20 15:30:34.391000,423.7278349604599,995
2024-09-20 15:30:34.542000,427.9720184393279,95
2024-09-20 15:30:34.763000,428.0041476255857,102
2024-09-20 15:30:34.832000,427.974016772995,996
2024-09-20 15:30:34.856000,428.0236086288003,1001
2024-09-20 15:30:34.907000,427.9518405533062,997
2024-09-20 15:30:34.923000,427.9393244969046,7
2024-09-20 15:30:35.032000,427.9591235388487,99
2024-09-20 15:30:35.139000,427.9380262652506,1001
2024-09-20 15:30:35.231000,427.96937836331455,96
2024-09-20 15:30:35.255000,427.9297577689052,1000
2024-09-20 15:30:35.318000,427.90365255423006,9
2024-09-20 15:30:35.330000,427.9512206156157,1003
2024-09-20 15:30:35.364000,427.9916632112602,997
2024-09-20 15:30:35.374000,427.9139560499359,103
2024-09-20 15:30:35.447000,427.89277491569294,101
2024-09-20 15:30:35.466000,427.978574021019,96
2024-09-20 15:30:35.663000,427.9705275449097,15
2024-09-20 15:30:35.708000,427.975098341533,1005
2024-09-20 15:30:35.786000,427.9239833083829,1002
2024-09-20 15:30:35.821000,427.92326891762696,100
2024-09-20 15:30:35.893000,427.9193468292237,8
2024-09-20 15:30:35.979000,427.9048526333783,102
2024-09-20 15:30:36.076000,427.9338821078753,96
2024-09-20 15:30:36.184000,427.92942444846574,98
2024-09-20 15:30:36.270000,427.93696808944605,103
2024-09-20 15:30:36.439000,427.9337552177458,97
2024-09-20 15:30:36.646000,427.9150015780193,96
2024-09-20 15:30:36.681000,427.94490287540367,104
2024-09-20 15:30:36.740000,427.9388877930447,95
2024-09-20 15:30:36.844000,427.91656227901234,996
2024-09-20 15:30:36.982000,427.9412098888463,8
2024-09-20 15:30:37.013000,427.9495701163643,97
2024-09-20 15:30:37.034000,427.9447959976413,10
2024-09-20 15:30:37.052000,427.934831402168,98
2024-09-20 15:30:37.090000,427.975228798745,1005
2024-09-20 15:30:37.108000,427.9663763229959,1005
2024-09-20 15:30:37.148000,427.9536397266633,96
2024-09-20 15:30:37.157000,427.93667241203775,999
2024-09-20 15:30:37.166000,427.89689914846,7
2024-09-20 15:30:37.268000,427.94852867407286,6
2024-09-20 15:30:37.353000,427.94050286592056,100
2024-09-20 15:30:37.420000,427.93818763163625,5
2024-09-20 15:30:37.424000,427.9798893073808,996
2024-09-20 15:30:37.473000,427.9217464704407,997
2024-09-20 15:30:37.527000,427.94399360838105,1005
2024-09-20 15:30:37.581000,427.9892608392229,103
2024-09-20 15:30:37.604000,427.95805103589566,13
2024-09-20 15:30:37.627000,427.9499871617003,96
2024-09-20 15:30:37.644000,427.9001110028862,5
2024-09-20 15:30:37.654000,427.9731662299644,104
2024-09-20 15:30:37.671000,427.955912218856,995
2024-09-20 15:30:37.685000,427.9559175562674,101
2024-09-20 15:30:37.697000,427.955427387188,13
2024-09-20 15:30:37.831000,427.98721646833854,13
2024-09-20 15:30:37.858000,427.9449879250315,10
2024-09-20 15:30:37.945000,427.9384796319044,102
2024-09-20 15:30:37.949000,427.97531439027705,12
2024-09-20 15:30:37.971000,427.91063281022247,99
2024-09-20 15:30:38.121000,427.9447768882795,8
2024-09-20 15:30:38.145000,427.9238782540658,8
2024-09-20 15:30:38.164000,427.9228506319221,102
2024-09-20 15:30:38.194000,427.958597217299,8
2024-09-20 15:30:38.235000,427.965297035075,995
2024-09-20 15:30:38.296000,427.9739503169153,95
2024-09-20 15:30:38.340000,427.9613615842634,96
2024-09-20 15:30:38.369000,427.9482590545306,99
2024-09-20 15:30:39.006000,427.9306521411755,995
2024-09-20 15:30:39.050000,427.93353943053,998
2024-09-20 15:30:39.316000,427.9186985703716,101
2024-09-20 15:30:39.517000,427.95921390279614,11
2024-09-20 15:30:39.605000,427.9256270933258,103
2024-09-20 15:30:39.998000,427.9503348670628,95
2024-09-20 15:30:40.039000,427.9280984724637,96
2024-09-20 15:30:40.048000,427.9420131010669,1002
2024-09-20 15:30:40.054000,427.9294625345895,98
2024-09-20 15:30:40.089000,427.87401761540536,1002
2024-09-20 15:30:40.104000,427.9090434730514,7
2024-09-20 15:30:40.123000,427.9156784521135,14
2024-09-20 15:30:40.156000,427.9339944331488,9
2024-09-20 15:30:40.199000,427.9139609247272,1002
2024-09-20 15:30:40.207000,427.9346717636974,8
2024-09-20 15:30:40.219000,427.9272551642143,1005
2024-09-20 15:30:40.285000,427.9288611038022,1000
2024-09-20 15:30:40.304000,427.9464224888907,100
2024-09-20 15:30:40.337000,427.9179445634447,103
2024-09-20 15:30:40.353000,427.9190660980169,102
2024-09-20 15:30:40.354000,427.8701908584757,103
2024-09-20 15:30:40.424000,427.88244384192745,96
2024-09-20 15:30:40.456000,427.920597743137,96
2024-09-20 15:30:40.517000,427.90250519449233,1000
2024-09-20 15:30:40.520000,427.9285895700507,1004
2024-09-20 15:30:40.717000,427.9260664140862,1004
2024-09-20 15:30:40.760000,427.9239404920445,998
2024-09-20 15:30:40.773000,427.9284666592546,101
2024-09-20 15:30:40.953000,427.9218462261265,96
2024-09-20 15:30:40.964000,423.6017728515245,1001
2024-09-20 15:30:41,427.84849757248816,15
2024-09-20 15:30:41.026000,427.8646518644134,12
2024-09-20 15:30:41.034000,427.8328041456756,1004
2024-09-20 15:30:41.272000,427.8393842857302,6
2024-09-20 15:30:41.365000,427.8730353147076,97
2024-09-20 15:30:41.388000,427.8758417095704,995
2024-09-20 15:30:41.412000,427.843949117318,102
2024-09-20 15:30:41.594000,427.8563225841297,1004
2024-09-20 15:30:41.606000,427.8719462258656,1003
2024-09-20 15:30:41.652000,427.8672326393235,96
2024-09-20 15:30:42.042000,427.8224172609932,9
2024-09-20 15:30:42.043000,427.7922519827703,95
2024-09-20 15:30:42.051000,427.8085448262861,15
2024-09-20 15:30:42.069000,427.8298838368765,996
2024-09-20 15:30:42.126000,427.78215445491264,10
2024-09-20 15:30:42.146000,427.81878563045154,104
2024-09-20 15:30:42.266000,427.8267745431941,5
2024-09-20 15:30:42.339000,427.8499825719825,98
2024-09-20 15:30:42.354000,427.8321872259552,99
2024-09-20 15:30:42.430000,427.8414949924312,95
2024-09-20 15:30:42.453000,427.8440171148301,104
2024-09-20 15:30:42.552000,427.8236155999164,98
2024-09-20 15:30:42.670000,427.8105012032064,104
2024-09-20 15:30:42.681000,427.7868475271348,997
2024-09-20 15:30:42.681000,427.8224458721449,12
2024-09-20 15:30:42.693000,427.8410897860605,997
2024-09-20 15:30:42.695000,427.8482398514878,102
2024-09-20 15:30:42.735000,427.7945741533612,995
2024-09-20 15:30:42.764000,427.8428774313514,98
2024-09-20 15:30:42.769000,427.81562616094914,998
2024-09-20 15:30:42.783000,427.8534538962115,15
2024-09-20 15:30:42.784000,427.8017343544557,999
2024-09-20 15:30:42.810000,427.7907050033436,995
2024-09-20 15:30:42.828000,427.79650248778375,8
2024-09-20 15:30:42.904000,427.8302791565232,96
2024-09-20 15:30:42.915000,427.77660214468784,5
2024-09-20 15:30:43.009000,427.8033135776065,8
2024-09-20 15:30:43.027000,427.8397601563354,14
2024-09-20 15:30:43.110000,427.8323828696199,999
2024-09-20 15:30:43.142000,427.8275584757024,95
2024-09-20 15:30:43.190000,427.82658746150304,5
2024-09-20 15:30:43.292000,427.8142244732053,96
2024-09-20 15:30:43.338000,427.8133236045259,100
2024-09-20 15:30:43.388000,427.8137663741499,14
2024-09-20 15:30:43.469000,427.85008893678105,99
2024-09-20 15:30:43.519000,427.83903614014,1000
2024-09-20 15:30:43.638000,427.8199435349798,11
2024-09-20 15:30:43.686000,427.8191984429882,1004
2024-09-20 15:30:43.771000,427.8196228818034,15
2024-09-20 15:30:43.878000,427.8503772576494,7
2024-09-20 15:30:43.905000,427.8378126341327,104
2024-09-20 15:30:43.992000,427.8129554752517,103
2024-09-20 15:30:44.017000,427.8603946130046,97
2024-09-20 15:30:44.044000,427.8609149090438,998
2024-09-20 15:30:44.092000,427.8974927114666,995
2024-09-20 15:30:44.168000,427.8125224940418,995
2024-09-20 15:30:44.372000,427.82354170566776,5
2024-09-20 15:30:44.394000,427.8447644700829,96
2024-09-20 15:30:44.402000,427.8287125519835,1004
2024-09-20 15:30:44.500000,427.8317272430089,102
2024-09-20 15:30:44.558000,427.8187862354337,9
2024-09-20 15:30:44.765000,427.8191101600096,11
2024-09-20 15:30:44.975000,427.8324499815013,101
2024-09-20 15:30:45.026000,427.9186799919552,7
2024-09-20 15:30:45.063000,427.9567618805489,104
2024-09-20 15:30:45.195000,427.9660594143095,13
2024-09-20 15:30:45.258000,427.9459033433562,1003
2024-09-20 15:30:45.284000,427.9200909758506,996
2024-09-20 15:30:45.341000,427.9262453025288,5
2024-09-20 15:30:45.352000,427.9780770445915,98
2024-09-20 15:30:45.392000,427.942827807158,1005
2024-09-20 15:30:45.545000,427.9501055746868,1001
2024-09-20 15:30:45.569000,427.9585576155996,999
2024-09-20 15:30:45.707000,427.934261980068,95
2024-09-20 15:30:45.726000,427.9699030665452,99
2024-09-20 15:30:45.727000,427.9672734896666,102
2024-09-20 15:30:45.766000,427.9554799557508,100
2024-09-20 15:30:45.780000,427.91648370591577,999
2024-09-20 15:30:45.824000,427.9526629683971,11
2024-09-20 15:30:45.939000,427.9433849854895,1005
2024-09-20 15:30:45.974000,427.9485459925117,11
2024-09-20 15:30:45.991000,427.9528634506956,96
2024-09-20 15:30:46.149000,427.9538816117823,7
2024-09-20 15:30:46.174000,427.9490582380099,13
2024-09-20 15:30:46.219000,427.95818268695984,10
2024-09-20 15:30:46.282000,427.96238229538216,104
2024-09-20 15:30:46.284000,427.9340979629633,12
2024-09-20 15:30:46.314000,427.9812994703247,996
2024-09-20 15:30:46.329000,427.9763514920722,103
2024-09-20 15:30:46.396000,427.9553022883101,12
2024-09-20 15:30:46.476000,427.929488195104,5
2024-09-20 15:30:46.527000,427.9679613713901,999
2024-09-20 15:30:46.541000,427.9548431632476,12
2024-09-20 15:30:46.552000,427.9427904089738,98
2024-09-20 15:30:46.785000,427.9487313997529,8
2024-09-20 15:30:46.811000,427.9618645254206,100
2024-09-20 15:30:46.944000,427.9561395225263,95
2024-09-20 15:30:47.020000,427.97840661765,1004
2024-09-20 15:30:47.024000,427.97598166531895,98
2024-09-20 15:30:47.063000,427.9994530027312,13
2024-09-20 15:30:47.120000,427.9684690883429,99
2024-09-20 15:30:47.140000,428.01753050829547,11
2024-09-20 15:30:47.144000,427.9606095089444,14
2024-09-20 15:30:47.146000,427.9965470469952,105
2024-09-20 15:30:47.155000,427.986983191948,95
2024-09-20 15:30:47.161000,428.0328022393069,95
2024-09-20 15:30:47.184000,427.97822526004177,12
2024-09-20 15:30:47.217000,428.0248362120804,104
2024-09-20 15:30:47.388000,427.9937077825147,5
2024-09-20 15:30:47.435000,427.99985883612334,995
2024-09-20 15:30:47.469000,427.9601469762829,97
2024-09-20 15:30:47.473000,427.98748321049897,13
2024-09-20 15:30:47.493000,427.9877554984704,96
2024-09-20 15:30:47.546000,427.9875789176676,95
2024-09-20 15:30:47.596000,427.9830275694565,9
2024-09-20 15:30:47.625000,427.99020254019655,7
2024-09-20 15:30:47.635000,427.972062910504,97
2024-09-20 15:30:47.745000,427.9849126435272,102
2024-09-20 15:30:47.815000,427.97317871803966,98
2024-09-20 15:30:47.838000,427.9842678469791,7
2024-09-20 15:30:47.904000,427.9768562635196,1003
2024-09-20 15:30:48.134000,428.1574389083671,9
2024-09-20 15:30:48.136000,428.1486053527897,1004
2024-09-20 15:30:48.266000,428.0772146931765,104
2024-09-20 15:30:48.371000,428.1643401175076,9
2024-09-20 15:30:48.395000,428.10096492939766,97
2024-09-20 15:30:48.408000,428.0134837493374,5
2024-09-20 15:30:48.415000,428.0168883238837,7
2024-09-20 15:30:48.499000,428.1743408552443,98
2024-09-20 15:30:48.518000,428.0188229557031,105
2024-09-20 15:30:48.551000,428.1284866618865,999
2024-09-20 15:30:48.593000,428.0608864517196,995
2024-09-20 15:30:48.614000,428.0256943819603,998
2024-09-20 15:30:48.622000,428.1340007300243,98
2024-09-20 15:30:48.647000,428.01676209513215,103
2024-09-20 15:30:48.677000,428.0222961465796,13
2024-09-20 15:30:48.707000,428.0878370481659,997
2024-09-20 15:30:48.729000,428.1051191807461,1001
2024-09-20 15:30:48.841000,428.0927985781939,103
2024-09-20 15:30:48.906000,428.0204428977907,15
2024-09-20 15:30:48.949000,428.0283544321735,999
2024-09-20 15:30:48.965000,428.0392898918978,1000
2024-09-20 15:30:48.987000,428.0457978531397,98
2024-09-20 15:30:49.030000,428.15524794635,14
2024-09-20 15:30:49.053000,428.1639307137912,6
2024-09-20 15:30:49.106000,428.19642537028585,102
2024-09-20 15:30:49.129000,428.2074722353872,8
2024-09-20 15:30:49.183000,428.1892327043445,95
2024-09-20 15:30:49.302000,428.17329838556975,11
2024-09-20 15:30:49.534000,428.1672612224898,999
2024-09-20 15:30:49.536000,428.19856068167206,11
2024-09-20 15:30:49.637000,428.17729011985045,103
2024-09-20 15:30:49.756000,428.1642470337256,12
2024-09-20 15:30:49.799000,428.1585692434133,9
2024-09-20 15:30:49.853000,428.1888566019617,995
2024-09-20 15:30:50.169000,428.2198540856952,1000
2024-09-20 15:30:50.172000,428.1920053029687,999
2024-09-20 15:30:50.181000,428.2024000592213,13
2024-09-20 15:30:50.261000,428.20165274931054,103
2024-09-20 15:30:50.263000,428.2082783790812,1000
2024-09-20 15:30:50.298000,428.1931698793984,11
2024-09-20 15:30:50.392000,428.21922680889537,101
2024-09-20 15:30:50.471000,428.2184136663301,95
2024-09-20 15:30:50.756000,428.1922293448738,1005
2024-09-20 15:30:50.905000,428.2068608836903,1003
2024-09-20 15:30:50.939000,428.20070030266106,7
2024-09-20 15:30:51.014000,428.16809474430295,996
2024-09-20 15:30:51.378000,428.2205325738541,104
2024-09-20 15:30:51.552000,428.1749585788186,99
2024-09-20 15:30:51.568000,428.2126148166359,12
2024-09-20 15:30:51.630000,428.2127622056281,95
2024-09-20 15:30:51.714000,428.1853331934722,9
2024-09-20 15:30:51.760000,428.19874277089,5
2024-09-20 15:30:51.761000,428.23105681357407,5
2024-09-20 15:30:51.921000,428.1670870940143,15
2024-09-20 15:30:51.930000,428.17204820369983,14
2024-09-20 15:30:51.984000,428.1808070348122,9
2024-09-20 15:30:52.019000,428.23739411025946,996
2024-09-20 15:30:52.055000,428.215940762063,97
2024-09-20 15:30:52.085000,428.1999114321789,995
2024-09-20 15:30:52.110000,428.2182124100143,11
2024-09-20 15:30:52.175000,428.1974803826688,998
2024-09-20 15:30:52.256000,428.2107896428952,97
2024-09-20 15:30:52.314000,428.21767000867015,96
2024-09-20 15:30:52.355000,428.22527262170513,14
2024-09-20 15:30:52.374000,428.1989407366696,14
2024-09-20 15:30:52.413000,428.1932433339903,97
2024-09-20 15:30:52.427000,428.1928439781013,95
2024-09-20 15:30:52.428000,428.19768578034353,96
2024-09-20 15:30:52.489000,428.18930747237215,100
2024-09-20 15:30:52.501000,428.2269041233886,95
2024-09-20 15:30:52.544000,428.2310356624948,999
2024-09-20 15:30:52.548000,428.2076675419648,15
2024-09-20 15:30:52.560000,428.2041566316212,8
2024-09-20 15:30:52.648000,428.19762044170886,9
2024-09-20 15:30:52.710000,428.2154035954855,998
2024-09-20 15:30:52.779000,428.212657535487,1003
2024-09-20 15:30:52.838000,428.220982043648,98
2024-09-20 15:30:52.926000,428.2061835536076,105
2024-09-20 15:30:52.930000,428.2237593460584,11
2024-09-20 15:30:52.944000,428.2025684458517,104
2024-09-20 15:30:52.991000,428.2207888868395,1005
2024-09-20 15:30:53.094000,428.2397818562996,5
2024-09-20 15:30:53.171000,428.2567643496199,5
2024-09-20 15:30:53.276000,428.2631287713815,999
2024-09-20 15:30:53.387000,428.2321765997408,1005
2024-09-20 15:30:53.633000,428.2716497434888,999
2024-09-20 15:30:53.638000,428.2431925869583,96
2024-09-20 15:30:53.828000,428.2584300823099,98
2024-09-20 15:30:53.897000,428.2363095498863,999
2024-09-20 15:30:53.940000,428.2455902914332,998
2024-09-20 15:30:53.946000,428.2556065743746,11
2024-09-20 15:30:53.976000,428.2474867214512,104
2024-09-20 15:30:53.979000,428.2333197536015,999
2024-09-20 15:30:54.067000,428.2403671671139,1004
2024-09-20 15:30:54.108000,428.24927059478,1005
2024-09-20 15:30:54.177000,428.2775061044687,11
2024-09-20 15:30:54.179000,428.259971107384,995
2024-09-20 15:30:54.280000,428.2401944522423,95
2024-09-20 15:30:54.339000,428.2592367264069,7
2024-09-20 15:30:54.442000,423.4217349231387,1001
2024-09-20 15:30:54.535000,428.2519762340013,14
2024-09-20 15:30:54.616000,428.2863461095434,104
2024-09-20 15:30:54.639000,428.2460793240582,100
2024-09-20 15:30:54.650000,428.23234889893416,103
2024-09-20 15:30:54.662000,428.25329444038346,995
2024-09-20 15:30:54.690000,428.2582234563283,97
2024-09-20 15:30:54.813000,428.26649790371954,995
2024-09-20 15:30:54.914000,428.2931463342366,1005
2024-09-20 15:30:54.994000,428.2522355436234,1003
2024-09-20 15:30:56.032000,428.19718613039066,95
2024-09-20 15:30:56.043000,428.242745078933,95
2024-09-20 15:30:56.063000,428.2467657888464,995
2024-09-20 15:30:56.087000,428.268883880237,99
2024-09-20 15:30:56.121000,428.2355084466239,1002
2024-09-20 15:30:56.157000,428.2321504985934,998
2024-09-20 15:30:56.160000,428.22204030484494,13
2024-09-20 15:30:56.236000,428.2109060672049,13
2024-09-20 15:30:56.260000,428.2235755958491,13
2024-09-20 15:30:56.297000,428.2035036202636,97
2024-09-20 15:30:56.319000,428.2610912121332,1001
2024-09-20 15:30:56.383000,428.2488042285792,102
2024-09-20 15:30:56.457000,428.23836221289565,997
2024-09-20 15:30:56.504000,428.2390238595096,5
2024-09-20 15:30:56.534000,428.2136569082994,1005
2024-09-20 15:30:56.612000,428.2081447262085,995
2024-09-20 15:30:56.662000,428.2055477549352,14
2024-09-20 15:30:56.723000,428.2322676117031,10
2024-09-20 15:30:56.752000,428.1970218515128,1005
2024-09-20 15:30:56.793000,428.20416065044327,5
2024-09-20 15:30:56.877000,428.2316041162523,1002
2024-09-20 15:30:56.894000,428.2288985815069,97
2024-09-20 15:30:57.038000,428.2112198213704,1000
2024-09-20 15:30:57.128000,428.19856402272165,10
2024-09-20 15:30:57.143000,428.2381554149868,998
2024-09-20 15:30:57.210000,428.2335286545165,101
2024-09-20 15:30:57.227000,428.2268055773594,1000
2024-09-20 15:30:57.367000,428.2350543186403,8
2024-09-20 15:30:57.444000,428.209406489093,102
2024-09-20 15:30:57.662000,428.19510386149454,8
2024-09-20 15:30:57.696000,423.4011663816679,1000
2024-09-20 15:30:57.720000,428.22028286548135,13
2024-09-20 15:30:57.747000,428.2546089160575,96
2024-09-20 15:30:57.949000,428.2388506037588,11
2024-09-20 15:30:58.028000,428.22393776038666,1004
2024-09-20 15:30:58.241000,428.229255958455,102
2024-09-20 15:30:58.421000,428.227575663748,96
2024-09-20 15:30:58.494000,428.254009695444,102
2024-09-20 15:30:58.581000,428.2155610321205,12
2024-09-20 15:30:58.710000,428.2402839749062,9
2024-09-20 15:30:58.999000,428.2184046762574,1003
2024-09-20 15:30:59.021000,428.2864967821502,1004
2024-09-20 15:30:59.034000,428.2555445697424,998
2024-09-20 15:30:59.068000,428.23895532046913,996
2024-09-20 15:30:59.147000,428.26071464152153,100
2024-09-20 15:30:59.542000,428.26087767144776,999
2024-09-20 15:30:59.624000,428.2746814678977,10
2024-09-20 15:30:59.640000,428.28460939085306,1003
2024-09-20 15:30:59.773000,428.2515370898253,998
2024-09-20 15:30:59.888000,428.2730134514839,996
2024-09-20 15:30:59.976000,428.263133578698,11
2024-09-20 15:30:59.997000,428.27223470432347,13
