Timestamp,Price,Size
2024-09-19 10:20:00.071000,419.3369309307344,102
2024-09-19 10:20:00.097000,419.26648511757134,97
2024-09-19 10:20:00.111000,419.2754054618845,101
2024-09-19 10:20:00.202000,419.2899200674257,13
2024-09-19 10:20:00.257000,419.28841789939446,13
2024-09-19 10:20:00.265000,419.292237184518,10
2024-09-19 10:20:00.276000,419.32336431657006,99
2024-09-19 10:20:00.303000,419.29971088458433,102
2024-09-19 10:20:00.315000,419.2888382877388,96
2024-09-19 10:20:00.326000,419.2700476430476,1000
2024-09-19 10:20:00.329000,419.2698360784439,99
2024-09-19 10:20:00.339000,419.28573482744576,5
2024-09-19 10:20:00.371000,419.3092034262269,9
2024-09-19 10:20:00.422000,419.2748817941561,100
2024-09-19 10:20:00.433000,419.27062474038286,1004
2024-09-19 10:20:00.529000,419.3060754738627,1002
2024-09-19 10:20:00.578000,419.2683711202144,101
2024-09-19 10:20:00.589000,419.3008999948033,15
2024-09-19 10:20:00.597000,419.2768600181291,97
2024-09-19 10:20:00.609000,419.3009183971592,99
2024-09-19 10:20:00.725000,419.30127345287406,7
2024-09-19 10:20:00.737000,419.2345632406791,999
2024-09-19 10:20:00.768000,419.2490139354306,998
2024-09-19 10:20:00.807000,419.29405133453633,998
2024-09-19 10:20:00.808000,419.2609362677406,14
2024-09-19 10:20:00.857000,419.3126675963064,95
2024-09-19 10:20:00.878000,419.3083267105308,102
2024-09-19 10:20:00.888000,419.28275019232046,98
2024-09-19 10:20:00.920000,419.3403882156096,1003
2024-09-19 10:20:00.981000,419.25267605532736,1001
2024-09-19 10:20:01.032000,419.3441455509008,14
2024-09-19 10:20:01.115000,419.3733255823786,8
2024-09-19 10:20:01.196000,419.35250813280834,13
2024-09-19 10:20:01.526000,419.3512966496341,103
2024-09-19 10:20:01.711000,419.3375307623468,100
2024-09-19 10:20:01.901000,419.3584429896064,8
2024-09-19 10:20:01.935000,419.34337406957206,105
2024-09-19 10:20:02.274000,419.3406458998164,98
2024-09-19 10:20:02.323000,419.3113765424631,1003
2024-09-19 10:20:02.382000,419.3183079070033,9
2024-09-19 10:20:02.476000,419.329021045087,11
2024-09-19 10:20:02.630000,419.3188151138359,1004
2024-09-19 10:20:02.652000,419.3520625163014,1003
2024-09-19 10:20:02.685000,419.31135094228233,5
2024-09-19 10:20:02.692000,419.3217359600347,1004
2024-09-19 10:20:02.950000,419.3065293946508,11
2024-09-19 10:20:03.025000,419.2767800457128,103
2024-09-19 10:20:03.066000,419.28160532696575,8
2024-09-19 10:20:03.076000,419.2868731815231,14
2024-09-19 10:20:03.124000,419.29936560140766,100
2024-09-19 10:20:03.174000,419.3032608496237,11
2024-09-19 10:20:03.178000,419.30245846737387,1003
2024-09-19 10:20:03.319000,419.2990481329212,12
2024-09-19 10:20:03.331000,419.3133555588255,1001
2024-09-19 10:20:03.416000,419.2795141522536,1004
2024-09-19 10:20:03.439000,419.30306448360943,10
2024-09-19 10:20:03.526000,419.26704574360383,103
2024-09-19 10:20:03.531000,419.30030120630994,8
2024-09-19 10:20:03.599000,419.2733615034487,96
2024-09-19 10:20:03.666000,419.2758650471586,12
2024-09-19 10:20:03.804000,419.2715195292945,1003
2024-09-19 10:20:03.990000,419.29777832428806,997
2024-09-19 10:20:04.059000,419.267593451772,996
2024-09-19 10:20:04.331000,419.2656743752018,98
2024-09-19 10:20:04.387000,419.2650397306589,96
2024-09-19 10:20:04.423000,419.26918919123466,103
2024-09-19 10:20:04.430000,419.26078352488366,998
2024-09-19 10:20:04.468000,419.2407243300448,103
2024-09-19 10:20:04.480000,419.2646032006143,105
2024-09-19 10:20:04.577000,419.2733427183318,104
2024-09-19 10:20:04.658000,419.26777357871,1004
2024-09-19 10:20:04.705000,419.2614893853765,13
2024-09-19 10:20:04.705000,419.29017909314206,7
2024-09-19 10:20:04.757000,419.2704774288354,12
2024-09-19 10:20:04.880000,419.26633657427607,101
2024-09-19 10:20:04.906000,419.2753268307637,100
2024-09-19 10:20:05.101000,419.293787325436,14
2024-09-19 10:20:05.398000,419.2856756053636,13
2024-09-19 10:20:05.419000,419.2999152006787,101
2024-09-19 10:20:05.439000,419.27204971210296,8
2024-09-19 10:20:05.441000,419.29324615597056,96
2024-09-19 10:20:05.498000,419.2949633445492,98
2024-09-19 10:20:05.552000,419.27588096236224,15
2024-09-19 10:20:05.671000,419.2871040280614,98
2024-09-19 10:20:05.842000,419.2918016752394,1000
2024-09-19 10:20:06.011000,419.3331693161704,99
2024-09-19 10:20:06.060000,419.3245945082506,13
2024-09-19 10:20:06.152000,419.3172641756268,997
2024-09-19 10:20:06.176000,419.2956541979557,105
2024-09-19 10:20:06.326000,419.3205557208712,97
2024-09-19 10:20:06.722000,419.2955754303748,99
2024-09-19 10:20:06.748000,419.3204308958964,999
2024-09-19 10:20:06.798000,419.3024602206774,5
2024-09-19 10:20:06.812000,419.3071982347658,1001
2024-09-19 10:20:06.848000,419.279191557343,1004
2024-09-19 10:20:06.909000,419.3072412760637,11
2024-09-19 10:20:06.925000,419.30230873006144,13
2024-09-19 10:20:06.951000,419.3262271336776,14
2024-09-19 10:20:06.977000,419.3061763942056,997
2024-09-19 10:20:07.042000,419.260266211058,1003
2024-09-19 10:20:07.099000,419.2903919318606,997
2024-09-19 10:20:07.156000,419.27580187031,13
2024-09-19 10:20:07.169000,419.3070392654064,11
2024-09-19 10:20:07.198000,419.27297421383696,6
2024-09-19 10:20:07.226000,419.2790732301733,998
2024-09-19 10:20:07.245000,419.3106807939821,14
2024-09-19 10:20:07.261000,419.259545677746,7
2024-09-19 10:20:07.404000,419.2927371738078,100
2024-09-19 10:20:07.457000,419.2711935222932,12
2024-09-19 10:20:07.661000,419.3092690651932,8
2024-09-19 10:20:07.760000,419.2947912734916,996
2024-09-19 10:20:07.980000,419.3152735944663,996
2024-09-19 10:20:08.088000,419.2621410426326,13
2024-09-19 10:20:08.107000,419.2396954625352,999
2024-09-19 10:20:08.125000,419.2380733581141,1003
2024-09-19 10:20:08.137000,419.2126180650843,13
2024-09-19 10:20:08.147000,419.25969675082433,7
2024-09-19 10:20:08.153000,419.2665081406517,102
2024-09-19 10:20:08.205000,419.2486675118018,105
2024-09-19 10:20:08.313000,419.2630795584339,1004
2024-09-19 10:20:08.416000,419.205330992127,1004
2024-09-19 10:20:08.430000,419.2198279840725,99
2024-09-19 10:20:08.444000,419.20832649843527,102
2024-09-19 10:20:08.498000,419.2503066413144,96
2024-09-19 10:20:08.553000,419.2084674745808,101
2024-09-19 10:20:08.742000,419.2087675991712,8
2024-09-19 10:20:08.800000,419.2360906740336,1002
2024-09-19 10:20:08.997000,419.2425432554872,13
2024-09-19 10:20:09.315000,419.17830375476217,6
2024-09-19 10:20:09.924000,419.1797700692397,998
2024-09-19 10:20:09.986000,419.18576669152014,13
2024-09-19 10:20:10.041000,419.1554835622448,100
2024-09-19 10:20:10.138000,419.1595587862354,997
2024-09-19 10:20:10.171000,419.1741515109339,96
2024-09-19 10:20:10.204000,419.1940942422912,10
2024-09-19 10:20:10.215000,419.1843183597493,1003
2024-09-19 10:20:10.216000,419.2008839992104,98
2024-09-19 10:20:10.224000,419.19942499738687,995
2024-09-19 10:20:10.253000,419.1669417149171,101
2024-09-19 10:20:10.392000,419.166296813728,99
2024-09-19 10:20:10.426000,419.1852619517368,96
2024-09-19 10:20:10.512000,419.1944886832925,6
2024-09-19 10:20:10.535000,419.1630293245522,101
2024-09-19 10:20:10.627000,419.2086192364496,102
2024-09-19 10:20:10.666000,419.1810598039735,1005
2024-09-19 10:20:10.702000,419.1530595010978,96
2024-09-19 10:20:10.705000,419.2079741887552,1005
2024-09-19 10:20:10.728000,419.14798017323005,101
2024-09-19 10:20:10.739000,419.17386858900335,96
2024-09-19 10:20:10.749000,419.1849441900672,15
2024-09-19 10:20:10.754000,419.1972848439247,13
2024-09-19 10:20:10.865000,419.1611004592627,104
2024-09-19 10:20:10.973000,419.1542465155246,95
2024-09-19 10:20:10.995000,419.1626676967507,6
2024-09-19 10:20:11.246000,419.1696248206136,14
2024-09-19 10:20:11.476000,419.1694696734225,1002
2024-09-19 10:20:11.510000,419.1621147351933,105
2024-09-19 10:20:11.575000,419.1624066516725,996
2024-09-19 10:20:11.777000,419.163828012478,5
2024-09-19 10:20:11.942000,419.1694047965339,1003
2024-09-19 10:20:12.043000,419.1941782960481,104
2024-09-19 10:20:12.056000,419.2122002753499,104
2024-09-19 10:20:12.122000,419.1731644406081,1001
2024-09-19 10:20:12.221000,419.1917504379717,15
2024-09-19 10:20:12.224000,419.192951795398,95
2024-09-19 10:20:12.290000,419.1968679204077,10
2024-09-19 10:20:12.327000,419.19199280494473,1000
2024-09-19 10:20:12.391000,419.2079220346997,103
2024-09-19 10:20:12.401000,419.2329281230265,98
2024-09-19 10:20:12.425000,419.226864558024,96
2024-09-19 10:20:12.496000,419.2022015761573,103
2024-09-19 10:20:12.498000,419.18143756145673,103
2024-09-19 10:20:12.535000,419.2501275717517,1003
2024-09-19 10:20:12.661000,419.1875739674639,12
2024-09-19 10:20:12.667000,419.2072100794207,15
2024-09-19 10:20:12.693000,419.21079595538544,996
2024-09-19 10:20:12.778000,419.2075654483259,12
2024-09-19 10:20:12.783000,419.1895332304546,9
2024-09-19 10:20:12.804000,419.1746198229049,1003
2024-09-19 10:20:12.811000,419.21480388180646,14
2024-09-19 10:20:12.823000,419.2109360612407,995
2024-09-19 10:20:12.865000,419.2285218449447,7
2024-09-19 10:20:12.865000,419.2388565360936,11
2024-09-19 10:20:12.928000,419.2041909671535,98
2024-09-19 10:20:12.963000,419.21933644791176,998
2024-09-19 10:20:12.979000,419.1766687483714,997
2024-09-19 10:20:13.001000,419.2499774458345,99
2024-09-19 10:20:13.030000,419.19589434243807,95
2024-09-19 10:20:13.056000,419.2240606948996,7
2024-09-19 10:20:13.101000,419.2233190370136,995
2024-09-19 10:20:13.139000,419.2193561784962,998
2024-09-19 10:20:13.143000,419.22315879281393,105
2024-09-19 10:20:13.245000,419.2184486198764,6
2024-09-19 10:20:13.281000,419.1854880704885,997
2024-09-19 10:20:13.343000,419.26925262168425,6
2024-09-19 10:20:13.375000,419.2514370203515,96
2024-09-19 10:20:13.451000,419.2536970835624,1003
2024-09-19 10:20:13.468000,419.2569706424279,14
2024-09-19 10:20:13.499000,419.2191998298069,14
2024-09-19 10:20:13.543000,419.2669076517659,996
2024-09-19 10:20:13.568000,419.260672172842,998
2024-09-19 10:20:13.588000,419.2257845069997,11
2024-09-19 10:20:13.614000,419.2175195928791,998
2024-09-19 10:20:13.623000,419.2306104945468,997
2024-09-19 10:20:13.647000,419.2082390631616,98
2024-09-19 10:20:13.675000,419.1876193246461,12
2024-09-19 10:20:13.701000,419.23624001933865,103
2024-09-19 10:20:13.787000,419.2030631805573,7
2024-09-19 10:20:13.878000,419.2556215084844,1005
2024-09-19 10:20:13.918000,419.19919116173617,996
2024-09-19 10:20:13.939000,419.2501084609841,102
2024-09-19 10:20:14.009000,419.1564245394271,100
2024-09-19 10:20:14.020000,419.1751405013563,98
2024-09-19 10:20:14.098000,419.1305412537888,8
2024-09-19 10:20:14.222000,419.1170819517288,5
2024-09-19 10:20:14.244000,419.1698971971815,997
2024-09-19 10:20:14.268000,419.17345836304406,995
2024-09-19 10:20:14.329000,419.14986339247474,105
2024-09-19 10:20:14.404000,419.0908751971808,1004
2024-09-19 10:20:14.474000,419.0989829826358,12
2024-09-19 10:20:14.522000,419.114078809298,1002
2024-09-19 10:20:14.747000,419.0974809399186,97
2024-09-19 10:20:15.035000,419.1190780978148,95
2024-09-19 10:20:15.063000,419.1452304333769,14
2024-09-19 10:20:15.156000,419.1226994665145,6
2024-09-19 10:20:15.199000,419.1277328247479,6
2024-09-19 10:20:15.238000,419.1928863116183,8
2024-09-19 10:20:15.286000,419.1971577053672,100
2024-09-19 10:20:15.319000,419.1121740564176,100
2024-09-19 10:20:15.419000,419.1213464692421,13
2024-09-19 10:20:15.446000,419.2005841541573,96
2024-09-19 10:20:15.469000,419.1220704779051,1003
2024-09-19 10:20:15.647000,419.13577619219177,1000
2024-09-19 10:20:15.649000,419.1257558359355,1005
2024-09-19 10:20:15.681000,419.1214342737918,100
2024-09-19 10:20:15.698000,419.1265033487381,97
2024-09-19 10:20:15.708000,419.1280465163204,8
2024-09-19 10:20:15.709000,419.1454726192819,1003
2024-09-19 10:20:15.811000,419.1258090979421,8
2024-09-19 10:20:15.901000,419.1788810854344,12
2024-09-19 10:20:15.912000,419.1443327217685,8
2024-09-19 10:20:15.926000,419.19991116659867,103
2024-09-19 10:20:15.942000,419.1374447625748,10
2024-09-19 10:20:15.959000,419.1698064773676,11
2024-09-19 10:20:16.051000,419.2132286345486,98
2024-09-19 10:20:16.083000,419.2126242834935,7
2024-09-19 10:20:16.363000,419.2408261953543,12
2024-09-19 10:20:16.444000,419.2124664799047,1002
2024-09-19 10:20:16.517000,419.22907619517446,14
2024-09-19 10:20:16.634000,419.2144209376244,99
2024-09-19 10:20:16.666000,419.22269207437233,12
2024-09-19 10:20:16.779000,419.21285345196776,14
2024-09-19 10:20:16.884000,419.1999842671614,997
2024-09-19 10:20:16.995000,419.217855816307,998
2024-09-19 10:20:17.051000,419.23989121817374,14
2024-09-19 10:20:17.063000,419.2043608292489,10
2024-09-19 10:20:17.073000,419.24009487800754,1001
2024-09-19 10:20:17.097000,419.2172397082944,1004
2024-09-19 10:20:17.167000,419.22379855883423,999
2024-09-19 10:20:17.200000,419.23876001444233,103
2024-09-19 10:20:17.207000,419.243552765278,1002
2024-09-19 10:20:17.209000,419.2273148450817,97
2024-09-19 10:20:17.309000,419.21093048746167,10
2024-09-19 10:20:17.310000,419.2254895755205,1002
2024-09-19 10:20:17.404000,419.1983410669527,996
2024-09-19 10:20:17.453000,419.2025886595943,101
2024-09-19 10:20:17.476000,419.1979075019192,996
2024-09-19 10:20:17.521000,419.1965070199522,13
2024-09-19 10:20:17.542000,419.20028123863534,5
2024-09-19 10:20:17.568000,419.239541256545,100
2024-09-19 10:20:17.576000,419.2165497293437,98
2024-09-19 10:20:17.635000,419.2314408281313,1003
2024-09-19 10:20:17.642000,419.2393033384419,997
2024-09-19 10:20:17.660000,419.24262908677423,104
2024-09-19 10:20:17.838000,419.216335001901,102
2024-09-19 10:20:17.875000,419.2411199545851,995
2024-09-19 10:20:17.881000,419.2213805198058,996
2024-09-19 10:20:17.906000,419.1800159343175,1000
2024-09-19 10:20:17.920000,419.19789622239546,103
2024-09-19 10:20:18.001000,419.27938550485067,8
2024-09-19 10:20:18.034000,419.259925839291,99
2024-09-19 10:20:18.126000,419.239673362764,996
2024-09-19 10:20:18.218000,419.22032797575054,1004
2024-09-19 10:20:18.227000,419.2571499148112,97
2024-09-19 10:20:18.252000,419.2252336741094,99
2024-09-19 10:20:18.254000,419.29038763433215,13
2024-09-19 10:20:18.277000,419.2687348544549,997
2024-09-19 10:20:18.293000,419.22889141625774,5
2024-09-19 10:20:18.394000,419.2804698476298,5
2024-09-19 10:20:18.519000,419.1993139858514,1004
2024-09-19 10:20:18.547000,419.2307267434478,1005
2024-09-19 10:20:18.574000,419.264642947588,9
2024-09-19 10:20:18.578000,419.2345838161508,6
2024-09-19 10:20:18.622000,419.2248522918039,104
2024-09-19 10:20:18.679000,419.2335803853522,101
2024-09-19 10:20:18.753000,419.29748927013407,98
2024-09-19 10:20:18.774000,419.2195914245488,14
2024-09-19 10:20:19.021000,419.2085540641727,7
2024-09-19 10:20:19.044000,419.2349114367239,102
2024-09-19 10:20:19.086000,419.2057424355133,1004
2024-09-19 10:20:19.120000,419.2288483119684,101
2024-09-19 10:20:19.265000,419.25562293349606,100
2024-09-19 10:20:19.275000,419.2209226252252,1000
2024-09-19 10:20:19.315000,419.2224346786032,95
2024-09-19 10:20:19.352000,419.24115133208727,99
2024-09-19 10:20:19.367000,419.2039503648118,1000
2024-09-19 10:20:19.414000,419.2462844180906,997
2024-09-19 10:20:19.430000,419.23837143641606,8
2024-09-19 10:20:19.546000,419.2338136937504,11
2024-09-19 10:20:19.626000,419.2349445937629,98
2024-09-19 10:20:19.778000,419.2257923339958,13
2024-09-19 10:20:19.786000,419.2048287785852,95
2024-09-19 10:20:19.796000,419.1972477516831,1003
2024-09-19 10:20:19.901000,419.20559353060224,95
2024-09-19 10:20:19.905000,419.2192742504544,104
2024-09-19 10:20:19.928000,419.2065666916503,996
2024-09-19 10:20:21.091000,419.1745190436471,1005
2024-09-19 10:20:21.196000,419.2397180415529,103
2024-09-19 10:20:21.235000,419.1917027992526,15
2024-09-19 10:20:21.265000,419.1868995604148,9
2024-09-19 10:20:21.367000,419.17848369736834,103
2024-09-19 10:20:21.403000,419.1630634687936,97
2024-09-19 10:20:21.419000,419.1856398730174,1005
2024-09-19 10:20:21.437000,419.231704629559,10
2024-09-19 10:20:21.473000,419.2186334563945,999
2024-09-19 10:20:21.475000,419.239018124163,99
2024-09-19 10:20:21.521000,419.1773338152319,1001
2024-09-19 10:20:21.549000,419.225640730069,13
2024-09-19 10:20:21.621000,419.22009655784,997
2024-09-19 10:20:21.636000,419.2043615091155,1003
2024-09-19 10:20:21.780000,419.2283636134366,105
2024-09-19 10:20:21.877000,419.1749586792098,995
2024-09-19 10:20:21.888000,419.2311378063994,1000
2024-09-19 10:20:21.948000,419.1764867970937,103
2024-09-19 10:20:21.997000,419.1704217835687,8
2024-09-19 10:20:22.120000,419.1906479091916,100
2024-09-19 10:20:22.172000,419.19213598509737,97
2024-09-19 10:20:22.194000,419.19087082881066,1002
2024-09-19 10:20:22.254000,419.2025604155392,100
2024-09-19 10:20:22.286000,419.1687911148088,9
2024-09-19 10:20:22.295000,419.1800886903546,1001
2024-09-19 10:20:22.324000,419.187906865721,13
2024-09-19 10:20:22.344000,419.17238362170485,1001
2024-09-19 10:20:22.361000,419.176933965956,101
2024-09-19 10:20:22.390000,419.1733614349692,102
2024-09-19 10:20:22.408000,419.1947767990941,96
2024-09-19 10:20:22.418000,419.1925229926005,13
2024-09-19 10:20:22.568000,419.1940729889964,96
2024-09-19 10:20:22.569000,419.1904228338045,1002
2024-09-19 10:20:22.650000,419.1942075882557,104
2024-09-19 10:20:22.706000,419.2049910984715,95
2024-09-19 10:20:22.717000,419.1555300650747,102
2024-09-19 10:20:22.801000,419.1794927857008,1004
2024-09-19 10:20:22.834000,419.16312969376565,97
2024-09-19 10:20:22.865000,419.1512632063393,11
2024-09-19 10:20:22.893000,419.1857719353172,98
2024-09-19 10:20:22.911000,419.2013982122487,996
2024-09-19 10:20:22.940000,419.20008794154455,996
2024-09-19 10:20:23.018000,419.2767499399392,1004
2024-09-19 10:20:23.059000,419.2917973305444,998
2024-09-19 10:20:23.125000,419.31637999672887,6
2024-09-19 10:20:23.146000,419.2638741626938,8
2024-09-19 10:20:23.149000,419.24510057155936,9
2024-09-19 10:20:23.159000,419.2502086113191,1002
2024-09-19 10:20:23.194000,419.3042392741643,5
2024-09-19 10:20:23.230000,419.2858991805661,6
2024-09-19 10:20:23.263000,419.1909909085574,12
2024-09-19 10:20:23.273000,419.283036385916,95
2024-09-19 10:20:23.346000,419.2299469930438,9
2024-09-19 10:20:23.408000,419.2582071609013,1002
2024-09-19 10:20:23.412000,419.2795774927759,997
2024-09-19 10:20:23.454000,419.2471353488624,11
2024-09-19 10:20:23.506000,419.238810189822,8
2024-09-19 10:20:23.548000,419.259640366936,1001
2024-09-19 10:20:23.552000,419.27239830067725,13
2024-09-19 10:20:23.582000,419.2394414522467,10
2024-09-19 10:20:23.614000,419.1865604891034,101
2024-09-19 10:20:23.665000,419.2854060570525,1004
2024-09-19 10:20:23.710000,419.2249494770673,97
2024-09-19 10:20:23.721000,419.2534936688081,9
2024-09-19 10:20:23.767000,419.1903714782436,9
2024-09-19 10:20:23.814000,419.2450897380486,995
2024-09-19 10:20:23.924000,419.2531017747488,997
2024-09-19 10:20:23.946000,419.21181745494346,10
2024-09-19 10:20:23.998000,419.2050737960623,1003
2024-09-19 10:20:24.037000,419.3020992392614,1003
2024-09-19 10:20:24.090000,419.2664897528211,105
2024-09-19 10:20:24.109000,419.2682726467068,998
2024-09-19 10:20:24.308000,419.3144495681992,15
2024-09-19 10:20:24.532000,419.3039643575796,102
2024-09-19 10:20:24.704000,419.2844274815658,5
2024-09-19 10:20:24.790000,419.30868760829367,100
2024-09-19 10:20:24.832000,419.2890044920047,997
2024-09-19 10:20:24.994000,419.3143488889272,101
2024-09-19 10:20:25.017000,419.2889164511565,97
2024-09-19 10:20:25.037000,419.3297000837195,9
2024-09-19 10:20:25.071000,419.29114037720046,100
2024-09-19 10:20:25.096000,419.2844245595136,999
2024-09-19 10:20:25.108000,419.3011645962767,9
2024-09-19 10:20:25.116000,419.29929245944095,14
2024-09-19 10:20:25.118000,419.29507305267504,100
2024-09-19 10:20:25.121000,419.3124443500682,6
2024-09-19 10:20:25.264000,419.2838443109686,995
2024-09-19 10:20:25.495000,419.3069132248921,9
2024-09-19 10:20:25.514000,419.3057541840535,1005
2024-09-19 10:20:25.625000,419.3028444613222,102
2024-09-19 10:20:25.638000,419.320963074126,104
2024-09-19 10:20:25.652000,419.2773559761754,99
2024-09-19 10:20:25.711000,419.3231661268151,1005
2024-09-19 10:20:25.744000,419.3035033504112,1003
2024-09-19 10:20:25.794000,419.3118292533524,10
2024-09-19 10:20:25.835000,419.3086978617376,103
2024-09-19 10:20:25.890000,419.2817624166212,997
2024-09-19 10:20:25.939000,419.3404744888581,7
2024-09-19 10:20:25.962000,419.2705063612649,995
2024-09-19 10:20:25.998000,419.28077670178783,8
2024-09-19 10:20:26.044000,419.304693050056,995
2024-09-19 10:20:26.099000,419.3282574472371,15
2024-09-19 10:20:26.101000,419.30546136089055,996
2024-09-19 10:20:26.112000,419.2796566136629,101
2024-09-19 10:20:26.125000,419.2746194237883,997
2024-09-19 10:20:26.183000,419.2708485962552,10
2024-09-19 10:20:26.227000,419.2671957599315,97
2024-09-19 10:20:26.313000,419.29825622677225,1004
2024-09-19 10:20:26.361000,419.3102074622433,5
2024-09-19 10:20:26.396000,419.2823271425,99
2024-09-19 10:20:26.408000,419.2922818743504,6
2024-09-19 10:20:26.480000,419.2775287080189,8
2024-09-19 10:20:26.497000,419.3135402312632,995
2024-09-19 10:20:26.500000,419.3370111304748,5
2024-09-19 10:20:26.544000,419.3026761699521,1004
2024-09-19 10:20:26.597000,419.2936230973692,101
2024-09-19 10:20:26.631000,419.2613963861286,997
2024-09-19 10:20:26.687000,419.2476647219801,13
2024-09-19 10:20:26.738000,419.3238071554822,1003
2024-09-19 10:20:26.742000,419.2443549673225,103
2024-09-19 10:20:26.744000,419.3318145914178,10
2024-09-19 10:20:26.745000,419.2732660632946,1005
2024-09-19 10:20:26.797000,419.2694311321688,105
2024-09-19 10:20:26.800000,419.2973224081088,1000
2024-09-19 10:20:26.825000,419.292935759654,5
2024-09-19 10:20:26.851000,419.2883976461283,105
2024-09-19 10:20:26.878000,419.2607796446281,100
2024-09-19 10:20:26.884000,419.317730737386,15
2024-09-19 10:20:26.891000,419.32260807730086,1000
2024-09-19 10:20:27.031000,419.30092577443486,99
2024-09-19 10:20:27.053000,419.2841123473439,101
2024-09-19 10:20:27.164000,419.2831252743323,997
2024-09-19 10:20:27.186000,419.2726881078301,1005
2024-09-19 10:20:27.485000,419.28246006439446,12
2024-09-19 10:20:27.941000,419.2841772717709,103
2024-09-19 10:20:28.091000,419.28852190616016,96
2024-09-19 10:20:28.168000,419.293913224944,15
2024-09-19 10:20:28.178000,419.2906657642527,1005
2024-09-19 10:20:28.304000,419.27475940971874,95
2024-09-19 10:20:28.414000,419.2564519599963,14
2024-09-19 10:20:28.423000,419.2721796534733,102
2024-09-19 10:20:28.453000,419.2937847180111,6
2024-09-19 10:20:28.553000,419.2661594815274,6
2024-09-19 10:20:28.626000,419.266121314604,1002
2024-09-19 10:20:28.633000,419.2517979838179,6
2024-09-19 10:20:28.727000,419.3003819706931,997
2024-09-19 10:20:28.921000,419.2878280301256,997
2024-09-19 10:20:29.276000,419.27365744653633,995
2024-09-19 10:20:31.306000,419.27743880588594,10
2024-09-19 10:20:31.394000,419.2670010976322,1005
2024-09-19 10:20:31.725000,419.2814848863492,999
2024-09-19 10:20:32.153000,419.2625667477457,996
2024-09-19 10:20:32.624000,419.2660525316899,104
2024-09-19 10:20:32.651000,419.28893878855104,97
2024-09-19 10:20:32.713000,419.2716221471099,102
2024-09-19 10:20:32.714000,419.27289080963607,8
2024-09-19 10:20:32.813000,419.2801292304763,1003
2024-09-19 10:20:32.874000,419.2692523801738,97
2024-09-19 10:20:33.013000,419.239825159969,102
2024-09-19 10:20:33.048000,419.2514314653962,101
2024-09-19 10:20:33.071000,419.2894407731357,997
2024-09-19 10:20:33.126000,419.2729243998358,13
2024-09-19 10:20:33.141000,419.2743255027903,1002
2024-09-19 10:20:33.168000,419.2714356348569,5
2024-09-19 10:20:33.185000,419.2157490137652,1005
2024-09-19 10:20:33.229000,419.2075017318376,10
2024-09-19 10:20:33.232000,419.289768388186,1000
2024-09-19 10:20:33.302000,419.2087525067743,996
2024-09-19 10:20:33.422000,419.2040182639011,97
2024-09-19 10:20:33.445000,419.25854328002384,95
2024-09-19 10:20:33.470000,419.2594009462916,96
2024-09-19 10:20:33.492000,419.2407843637705,103
2024-09-19 10:20:33.571000,419.2323015424829,101
2024-09-19 10:20:33.584000,419.2631494454646,11
2024-09-19 10:20:33.638000,419.2850106480495,1005
2024-09-19 10:20:33.736000,419.2446855482528,997
2024-09-19 10:20:33.813000,419.2425147029621,13
2024-09-19 10:20:33.817000,419.2087449543421,1005
2024-09-19 10:20:33.822000,419.2789654951997,6
2024-09-19 10:20:33.843000,419.2171117018995,13
2024-09-19 10:20:33.867000,419.2608079778564,995
2024-09-19 10:20:33.907000,419.2691834483754,12
2024-09-19 10:20:33.932000,419.2715482905244,7
2024-09-19 10:20:33.946000,419.266132687406,12
2024-09-19 10:20:33.986000,419.2466052067755,12
2024-09-19 10:20:34.034000,419.2557346513482,7
2024-09-19 10:20:34.183000,419.2339170217264,97
2024-09-19 10:20:34.290000,419.2057608134586,97
2024-09-19 10:20:34.345000,419.2651759762159,6
2024-09-19 10:20:34.379000,419.183959644044,995
2024-09-19 10:20:34.451000,419.254395816616,6
2024-09-19 10:20:34.576000,419.2535444633919,101
2024-09-19 10:20:34.655000,419.2515049125016,5
2024-09-19 10:20:34.696000,419.2406062078712,96
2024-09-19 10:20:34.720000,419.2583439343774,102
2024-09-19 10:20:34.798000,419.1934641176488,997
2024-09-19 10:20:34.823000,419.262369580432,103
2024-09-19 10:20:34.869000,419.2076373073903,96
2024-09-19 10:20:34.907000,419.2641648427827,10
2024-09-19 10:20:34.971000,419.2670817881423,101
2024-09-19 10:20:35.008000,419.3696565394041,1003
2024-09-19 10:20:35.102000,419.1969639266648,7
2024-09-19 10:20:35.167000,419.3481099528118,1005
2024-09-19 10:20:35.173000,419.3144107616543,100
2024-09-19 10:20:35.301000,419.2216627709745,1000
2024-09-19 10:20:35.304000,419.2367454303933,9
2024-09-19 10:20:35.379000,419.2728947080999,101
2024-09-19 10:20:35.433000,419.3634918833773,1000
2024-09-19 10:20:35.440000,419.3129415984989,96
2024-09-19 10:20:35.457000,419.2069524962164,96
2024-09-19 10:20:35.477000,419.37023656638536,98
2024-09-19 10:20:35.513000,419.2412150206995,105
2024-09-19 10:20:35.514000,419.2303257524,98
2024-09-19 10:20:35.534000,419.2159865915765,99
2024-09-19 10:20:35.556000,419.3154104793081,97
2024-09-19 10:20:35.677000,419.2355802773391,105
2024-09-19 10:20:35.701000,419.2034918512207,1003
2024-09-19 10:20:35.744000,419.2026128711945,100
2024-09-19 10:20:35.820000,419.22138972812775,96
2024-09-19 10:20:35.868000,419.2986072722834,98
2024-09-19 10:20:35.869000,419.2888933246976,998
2024-09-19 10:20:35.902000,419.3812250801585,1005
2024-09-19 10:20:35.905000,419.3026905136667,99
2024-09-19 10:20:35.955000,419.36788215954886,12
2024-09-19 10:20:35.959000,419.20836811405934,95
2024-09-19 10:20:36.052000,419.3781265162138,10
2024-09-19 10:20:36.075000,419.353491568581,5
2024-09-19 10:20:36.105000,419.3628084471547,99
2024-09-19 10:20:36.118000,419.3881739784711,105
2024-09-19 10:20:36.153000,419.3595844981602,11
2024-09-19 10:20:36.216000,419.35283818507054,14
2024-09-19 10:20:36.367000,419.357624971755,1003
2024-09-19 10:20:36.392000,419.3506376146185,100
2024-09-19 10:20:36.417000,419.3370920647108,995
2024-09-19 10:20:36.424000,419.36183912711977,5
2024-09-19 10:20:36.559000,419.3509169909451,999
2024-09-19 10:20:36.593000,419.3680593266346,7
2024-09-19 10:20:36.594000,419.3704101326869,99
2024-09-19 10:20:36.654000,419.38036657129663,105
2024-09-19 10:20:36.690000,419.3365962585772,100
2024-09-19 10:20:36.767000,419.3455880168456,1004
2024-09-19 10:20:36.829000,419.3397430156547,95
2024-09-19 10:20:37.014000,419.3704872844905,101
2024-09-19 10:20:37.093000,419.3499795502237,97
2024-09-19 10:20:37.107000,419.3636122344448,10
2024-09-19 10:20:37.171000,419.3767572244216,6
2024-09-19 10:20:37.189000,419.38386237515374,999
2024-09-19 10:20:37.228000,419.3378778975941,1005
2024-09-19 10:20:37.234000,419.37289736167673,101
2024-09-19 10:20:37.266000,419.3839958442412,14
2024-09-19 10:20:37.280000,419.37311719990015,5
2024-09-19 10:20:37.313000,419.356013819956,1004
2024-09-19 10:20:37.343000,419.396390698154,999
2024-09-19 10:20:37.455000,419.35584089482336,101
2024-09-19 10:20:37.485000,419.38251019179165,996
2024-09-19 10:20:37.501000,419.3680395768068,998
2024-09-19 10:20:37.509000,419.3837658784468,97
2024-09-19 10:20:37.529000,419.3719816248495,7
2024-09-19 10:20:37.624000,419.3908787580637,7
2024-09-19 10:20:37.743000,419.3449443483519,12
2024-09-19 10:20:37.761000,419.4029423456087,12
2024-09-19 10:20:37.849000,419.3926246602071,8
2024-09-19 10:20:37.884000,419.3568975708046,13
2024-09-19 10:20:37.972000,419.34410187999856,95
2024-09-19 10:20:38.067000,419.3932875987196,105
2024-09-19 10:20:38.264000,419.4155639614799,999
2024-09-19 10:20:38.299000,419.39538302843687,105
2024-09-19 10:20:38.789000,419.3817829329985,997
2024-09-19 10:20:39.008000,419.4138017437849,96
2024-09-19 10:20:39.079000,419.37649327453016,101
2024-09-19 10:20:39.089000,419.41837597161447,8
2024-09-19 10:20:39.113000,419.38171471601737,995
2024-09-19 10:20:39.121000,419.4211998345125,96
2024-09-19 10:20:39.262000,419.3729754498038,15
2024-09-19 10:20:39.269000,419.3823010175985,6
2024-09-19 10:20:39.274000,419.44463877189423,10
2024-09-19 10:20:39.281000,419.4297429862736,995
2024-09-19 10:20:39.353000,419.4158552173764,11
2024-09-19 10:20:39.408000,419.4076988336124,12
2024-09-19 10:20:39.414000,419.4417761407921,14
2024-09-19 10:20:39.432000,419.4267308248215,97
2024-09-19 10:20:39.462000,419.437387598537,105
2024-09-19 10:20:39.528000,419.42910517071607,12
2024-09-19 10:20:39.536000,419.41104552361975,99
2024-09-19 10:20:39.578000,419.41080326773977,996
2024-09-19 10:20:39.622000,419.41954022968,5
2024-09-19 10:20:39.672000,419.4114549177109,10
2024-09-19 10:20:39.688000,419.4420777941981,11
2024-09-19 10:20:39.735000,419.41668722401926,103
2024-09-19 10:20:39.776000,419.4250395901152,101
2024-09-19 10:20:39.817000,419.4211307929404,996
2024-09-19 10:20:39.847000,419.43448930730574,102
2024-09-19 10:20:39.860000,419.4139908555738,102
2024-09-19 10:20:39.932000,419.3870880512612,1004
2024-09-19 10:20:39.944000,419.41616014908544,9
2024-09-19 10:20:39.953000,419.38397867268094,101
2024-09-19 10:20:39.984000,419.4370899959392,8
2024-09-19 10:20:39.993000,419.4266898611178,995
2024-09-19 10:20:40.006000,419.4882824762063,999
2024-09-19 10:20:40.127000,419.4573851349951,11
2024-09-19 10:20:40.483000,419.42558708065246,15
2024-09-19 10:20:40.505000,419.49028024339947,996
2024-09-19 10:20:41.006000,419.4874688265706,1005
2024-09-19 10:20:41.027000,419.4917636428251,996
2024-09-19 10:20:41.068000,419.4798804693224,95
2024-09-19 10:20:41.205000,419.467011936886,1002
2024-09-19 10:20:41.232000,419.4824060253201,103
2024-09-19 10:20:41.370000,419.4993144578888,1003
2024-09-19 10:20:41.426000,419.4907667516173,1000
2024-09-19 10:20:41.540000,419.4855734665176,1002
2024-09-19 10:20:41.680000,419.4739244125138,96
2024-09-19 10:20:41.891000,419.48869388985713,99
2024-09-19 10:20:41.975000,419.4820663599101,104
2024-09-19 10:20:42.070000,419.49822609346666,102
2024-09-19 10:20:42.074000,419.50779927951095,998
2024-09-19 10:20:42.147000,419.51948721009546,8
2024-09-19 10:20:42.207000,419.50196721292656,97
2024-09-19 10:20:42.208000,419.5181586325463,1003
2024-09-19 10:20:42.227000,419.5359578383839,11
2024-09-19 10:20:42.349000,419.48993164725374,96
2024-09-19 10:20:42.476000,419.519264668816,998
2024-09-19 10:20:42.480000,419.49450251726944,12
2024-09-19 10:20:42.592000,419.51348691539306,98
2024-09-19 10:20:42.608000,419.5215829094825,10
2024-09-19 10:20:42.650000,419.5014014960761,97
2024-09-19 10:20:42.675000,419.48465344940473,1003
2024-09-19 10:20:42.691000,419.4926412208298,1003
2024-09-19 10:20:42.715000,419.4827928460875,5
2024-09-19 10:20:42.721000,419.51655859627647,8
2024-09-19 10:20:42.761000,419.4915179916291,103
2024-09-19 10:20:42.899000,419.519605716484,5
2024-09-19 10:20:42.911000,419.49689352683487,1001
2024-09-19 10:20:42.919000,419.4963493071514,997
2024-09-19 10:20:42.942000,419.51187123720825,105
2024-09-19 10:20:43.020000,419.4591197620039,1002
2024-09-19 10:20:43.058000,419.4319300167145,96
2024-09-19 10:20:43.068000,419.4874956644903,101
2024-09-19 10:20:43.089000,419.4896596920975,10
2024-09-19 10:20:43.128000,419.4616811069969,9
2024-09-19 10:20:43.163000,419.4852119988928,6
2024-09-19 10:20:43.176000,419.45437092042346,96
2024-09-19 10:20:43.206000,419.4719112895012,10
2024-09-19 10:20:43.252000,419.4091362891865,103
2024-09-19 10:20:43.256000,419.4531332984061,95
2024-09-19 10:20:43.405000,419.44955980971736,11
2024-09-19 10:20:43.406000,419.3923937864041,9
2024-09-19 10:20:43.467000,419.48804998652776,996
2024-09-19 10:20:43.491000,419.4185909338068,995
2024-09-19 10:20:43.504000,419.4763608092596,6
2024-09-19 10:20:43.586000,419.45189043848393,15
2024-09-19 10:20:43.600000,419.4485889115638,995
2024-09-19 10:20:43.616000,419.4794175918658,6
2024-09-19 10:20:43.643000,419.4315313039346,5
2024-09-19 10:20:43.682000,419.4077739810595,6
2024-09-19 10:20:43.727000,419.4562841853235,15
2024-09-19 10:20:43.807000,419.4996402958596,1001
2024-09-19 10:20:43.810000,419.455678019814,102
2024-09-19 10:20:43.816000,419.4699969951089,10
2024-09-19 10:20:43.850000,419.4388399781341,105
2024-09-19 10:20:43.879000,419.4705511551616,1005
2024-09-19 10:20:44.018000,419.42834791211584,999
2024-09-19 10:20:44.062000,419.4205149020359,1001
2024-09-19 10:20:44.074000,419.3888157509787,97
2024-09-19 10:20:44.150000,419.35240374701885,1003
2024-09-19 10:20:44.158000,419.3688316691277,995
2024-09-19 10:20:44.245000,419.3890519245905,998
2024-09-19 10:20:44.365000,419.36490204307046,1000
2024-09-19 10:20:44.454000,419.36455900103255,1005
2024-09-19 10:20:44.571000,419.3778391738877,11
2024-09-19 10:20:44.692000,419.3833901265616,13
2024-09-19 10:20:44.703000,419.408692826664,99
2024-09-19 10:20:44.874000,419.3807749563147,11
2024-09-19 10:20:44.918000,419.3862967194154,98
2024-09-19 10:20:44.927000,419.4109469825784,96
2024-09-19 10:20:44.929000,419.3844438921637,999
2024-09-19 10:20:45.006000,419.4412674897586,12
2024-09-19 10:20:45.159000,419.4294607403106,95
2024-09-19 10:20:45.299000,419.40312212177696,996
2024-09-19 10:20:45.540000,419.3792975368224,100
2024-09-19 10:20:45.640000,419.4193057426256,105
2024-09-19 10:20:45.739000,419.4400882649073,105
2024-09-19 10:20:45.756000,419.4291373636519,98
2024-09-19 10:20:45.991000,419.4294048995877,11
2024-09-19 10:20:46.123000,419.4440351801568,101
2024-09-19 10:20:46.234000,419.44456197330726,14
2024-09-19 10:20:46.257000,419.4585235383331,103
2024-09-19 10:20:46.325000,419.4172942130037,96
2024-09-19 10:20:46.556000,419.4460418443287,105
2024-09-19 10:20:46.560000,419.43338868928384,105
2024-09-19 10:20:46.591000,419.4505163063368,1003
2024-09-19 10:20:46.728000,419.4711960037437,12
2024-09-19 10:20:46.764000,419.46058778172414,14
2024-09-19 10:20:46.783000,419.46389656325823,1001
2024-09-19 10:20:46.857000,419.418463676081,100
2024-09-19 10:20:46.869000,419.46191273283466,1005
2024-09-19 10:20:46.877000,419.46353810575295,9
2024-09-19 10:20:46.939000,419.4612004471586,995
2024-09-19 10:20:47.451000,419.448142142856,99
2024-09-19 10:20:47.456000,419.4521768607223,14
2024-09-19 10:20:47.696000,419.45172292732985,997
2024-09-19 10:20:47.775000,419.454977128082,995
2024-09-19 10:20:47.775000,419.475797542357,10
2024-09-19 10:20:47.968000,419.4632759663437,14
2024-09-19 10:20:47.973000,419.455684129708,98
2024-09-19 10:20:48.176000,419.5245289452938,104
2024-09-19 10:20:48.211000,419.4502622136425,6
2024-09-19 10:20:48.266000,419.5035647200229,5
2024-09-19 10:20:48.538000,419.5209601722267,998
2024-09-19 10:20:48.697000,419.5277665290161,102
2024-09-19 10:20:48.878000,419.5006857703675,7
2024-09-19 10:20:48.897000,419.5190339912627,95
2024-09-19 10:20:48.942000,419.5266938582446,1004
2024-09-19 10:20:48.966000,419.46438704231167,1005
2024-09-19 10:20:48.986000,419.5308821813815,104
2024-09-19 10:20:49.133000,419.47781594258566,100
2024-09-19 10:20:49.201000,419.45847035734505,1003
2024-09-19 10:20:49.208000,419.489812875924,14
2024-09-19 10:20:49.272000,419.5217928042948,95
2024-09-19 10:20:49.325000,419.4763836036756,96
2024-09-19 10:20:49.354000,419.4963409716187,998
2024-09-19 10:20:49.371000,419.4749793398261,8
2024-09-19 10:20:49.442000,419.5038458849171,101
2024-09-19 10:20:49.508000,419.486735032001,96
2024-09-19 10:20:49.580000,419.5128673336765,105
2024-09-19 10:20:49.611000,419.5078611176337,999
2024-09-19 10:20:49.800000,419.488956318923,99
2024-09-19 10:20:50.113000,419.4776281455328,105
2024-09-19 10:20:50.176000,419.47863049354953,1005
2024-09-19 10:20:50.195000,419.4572596796346,5
2024-09-19 10:20:50.212000,419.42999262216375,6
2024-09-19 10:20:50.232000,419.4771288322162,97
2024-09-19 10:20:50.265000,419.45855384248273,99
2024-09-19 10:20:50.428000,419.4878626706127,999
2024-09-19 10:20:50.550000,419.44352344549264,10
2024-09-19 10:20:50.598000,419.5028434865846,97
2024-09-19 10:20:50.699000,419.4226766431103,95
2024-09-19 10:20:50.763000,419.4712804498025,11
2024-09-19 10:20:50.779000,419.4665532236946,1002
2024-09-19 10:20:50.859000,419.45548238537526,1005
2024-09-19 10:20:50.938000,419.4738382245883,1003
2024-09-19 10:20:50.966000,419.4946468813782,1004
2024-09-19 10:20:51.146000,419.41934921540025,96
2024-09-19 10:20:51.187000,419.4046921339863,15
2024-09-19 10:20:51.304000,419.39714758275545,995
2024-09-19 10:20:51.386000,419.4000117845893,7
2024-09-19 10:20:51.472000,419.4027512309733,13
2024-09-19 10:20:51.580000,419.3985399453463,1003
2024-09-19 10:20:51.643000,419.4050184003744,1004
2024-09-19 10:20:51.643000,419.426848190062,999
2024-09-19 10:20:51.712000,419.3984356790924,1002
2024-09-19 10:20:51.760000,419.40211075655054,105
2024-09-19 10:20:51.819000,419.381113965719,999
2024-09-19 10:20:51.828000,419.4077983351244,101
2024-09-19 10:20:51.985000,419.3931573817376,996
2024-09-19 10:20:52.030000,419.2552970470563,102
2024-09-19 10:20:52.030000,419.2962411898279,5
2024-09-19 10:20:52.042000,419.2804785046313,996
2024-09-19 10:20:52.053000,419.4134756310305,997
2024-09-19 10:20:52.083000,419.37177762277713,100
2024-09-19 10:20:52.180000,419.2857845398137,102
2024-09-19 10:20:52.181000,419.38043631278174,1000
2024-09-19 10:20:52.200000,419.2442563366025,999
2024-09-19 10:20:52.203000,419.2889756871053,995
2024-09-19 10:20:52.226000,419.2297520590012,1004
2024-09-19 10:20:52.251000,419.2803629650052,99
2024-09-19 10:20:52.252000,419.31524152254207,98
2024-09-19 10:20:52.291000,419.2488270807309,1000
2024-09-19 10:20:52.449000,419.396258783346,1001
2024-09-19 10:20:52.491000,419.40440105514506,13
2024-09-19 10:20:52.498000,419.3707473678064,13
2024-09-19 10:20:52.558000,419.3219526877488,6
2024-09-19 10:20:52.610000,419.35517370931393,8
2024-09-19 10:20:52.631000,419.4087285482205,9
2024-09-19 10:20:52.640000,419.35534214660646,1005
2024-09-19 10:20:52.642000,419.2635462707746,15
2024-09-19 10:20:52.723000,419.2476837479904,996
2024-09-19 10:20:52.823000,419.2851876857501,100
2024-09-19 10:20:52.858000,419.304861304773,95
2024-09-19 10:20:52.938000,419.2773546961447,105
2024-09-19 10:20:52.958000,419.37032054424577,99
2024-09-19 10:20:53.076000,419.2799384618545,1003
2024-09-19 10:20:53.113000,419.2760712432231,11
2024-09-19 10:20:53.155000,419.2764181222633,5
2024-09-19 10:20:53.176000,419.2912848860426,15
2024-09-19 10:20:53.244000,419.2734643481752,6
2024-09-19 10:20:53.245000,419.3147998806098,13
2024-09-19 10:20:53.253000,419.281372593491,9
2024-09-19 10:20:53.414000,419.2722433067715,102
2024-09-19 10:20:53.496000,419.3036386584749,1000
2024-09-19 10:20:53.562000,419.2927106068154,97
2024-09-19 10:20:53.626000,419.2732054459372,995
2024-09-19 10:20:53.640000,419.3246238128162,995
2024-09-19 10:20:53.663000,419.2759603066601,13
2024-09-19 10:20:53.831000,419.2673423446765,102
2024-09-19 10:20:53.855000,419.2741497477174,6
2024-09-19 10:20:53.869000,419.27422419671007,995
2024-09-19 10:20:53.928000,419.2726809722212,8
2024-09-19 10:20:53.948000,419.3077630854183,1000
2024-09-19 10:20:54.173000,419.3450626832639,5
2024-09-19 10:20:54.411000,419.3644310918762,7
2024-09-19 10:20:54.859000,419.31916692225263,1004
2024-09-19 10:20:54.887000,419.3248396346864,995
2024-09-19 10:20:55.070000,419.3697299211445,101
2024-09-19 10:20:55.173000,419.367323099716,11
2024-09-19 10:20:55.186000,419.3713821277797,97
2024-09-19 10:20:55.264000,419.36977757254976,998
2024-09-19 10:20:55.292000,419.3651259771202,999
2024-09-19 10:20:55.297000,419.3625853462378,14
2024-09-19 10:20:55.408000,419.3847181369319,8
2024-09-19 10:20:55.429000,419.3904923132956,1001
2024-09-19 10:20:55.696000,419.35541679585,995
2024-09-19 10:20:55.844000,419.3783752821547,1002
2024-09-19 10:20:55.923000,419.37356300794886,999
2024-09-19 10:20:55.948000,419.35298990633606,7
2024-09-19 10:20:56.037000,419.3896119121735,96
2024-09-19 10:20:56.160000,419.3779000350038,105
2024-09-19 10:20:56.162000,419.3576773208276,95
2024-09-19 10:20:56.251000,419.3860658274041,104
2024-09-19 10:20:56.344000,419.35251435933446,996
2024-09-19 10:20:56.369000,419.3871160515021,6
2024-09-19 10:20:56.415000,419.4019022980314,997
2024-09-19 10:20:56.430000,419.3922549497206,1001
2024-09-19 10:20:56.435000,419.37735467820073,1000
2024-09-19 10:20:56.436000,419.3975001961935,996
2024-09-19 10:20:56.476000,419.3759342700384,1001
2024-09-19 10:20:56.479000,419.40362604389566,105
2024-09-19 10:20:56.492000,419.39752473063794,13
2024-09-19 10:20:56.559000,419.4177195823925,1000
2024-09-19 10:20:56.578000,419.38042026009896,98
2024-09-19 10:20:56.583000,419.40872944885774,12
2024-09-19 10:20:56.623000,419.4044569108352,1000
2024-09-19 10:20:56.685000,419.381574290106,998
2024-09-19 10:20:56.692000,419.4070474543751,996
2024-09-19 10:20:56.775000,419.3860944205018,105
2024-09-19 10:20:56.807000,419.4078044538803,101
2024-09-19 10:20:56.814000,419.38175390154527,5
2024-09-19 10:20:56.896000,419.395162930331,997
2024-09-19 10:20:56.936000,419.40377739457017,995
2024-09-19 10:20:57.100000,419.3570217757778,104
2024-09-19 10:20:57.252000,419.35389119840136,995
2024-09-19 10:20:57.299000,419.35308812245535,99
2024-09-19 10:20:57.577000,419.3540116423265,101
2024-09-19 10:20:57.915000,419.34075217693874,103
2024-09-19 10:20:58.009000,419.3945459251144,1003
2024-09-19 10:20:58.123000,419.355395372861,1001
2024-09-19 10:20:58.132000,419.3683814985122,13
2024-09-19 10:20:58.194000,419.3825724427591,9
2024-09-19 10:20:58.212000,419.35731022234097,1003
2024-09-19 10:20:58.332000,419.3490060348602,98
2024-09-19 10:20:58.469000,419.3490036710273,6
2024-09-19 10:20:58.547000,419.3633827854984,104
2024-09-19 10:20:58.579000,419.3716074241386,9
2024-09-19 10:20:58.637000,419.363926843737,12
2024-09-19 10:20:58.790000,419.3367789207176,102
2024-09-19 10:20:58.855000,419.348744896434,95
2024-09-19 10:20:58.944000,419.3819677427832,97
2024-09-19 10:20:59.266000,419.3489889543874,999
2024-09-19 10:20:59.358000,419.36318005284863,104
2024-09-19 10:20:59.473000,419.3437735375052,1004
2024-09-19 10:20:59.592000,419.3810733641402,996
2024-09-19 10:20:59.964000,419.3669015126797,97
