Timestamp,Price,Size
2024-09-17 15:30:00.155000,408.9742049560478,97
2024-09-17 15:30:00.380000,408.9694840934512,998
2024-09-17 15:30:00.387000,408.9715540409488,1004
2024-09-17 15:30:00.604000,408.9586152733256,101
2024-09-17 15:30:00.819000,408.9615338519504,8
2024-09-17 15:30:00.888000,408.955930058426,10
2024-09-17 15:30:00.942000,408.9610227045224,12
2024-09-17 15:30:01.007000,408.9594600034069,11
2024-09-17 15:30:01.030000,408.9039800701573,998
2024-09-17 15:30:01.045000,408.90463953659633,13
2024-09-17 15:30:01.058000,408.94402975194,997
2024-09-17 15:30:01.063000,408.84922159404607,1002
2024-09-17 15:30:01.121000,408.8209936389289,14
2024-09-17 15:30:01.182000,408.892282528916,1004
2024-09-17 15:30:01.245000,408.847085431048,99
2024-09-17 15:30:01.271000,408.9700141699821,997
2024-09-17 15:30:01.319000,408.8654040538128,10
2024-09-17 15:30:01.352000,408.8407653361116,1003
2024-09-17 15:30:01.367000,408.8829076797739,98
2024-09-17 15:30:01.375000,408.89023857118815,96
2024-09-17 15:30:01.410000,408.8509762935513,997
2024-09-17 15:30:01.439000,408.8470423953719,11
2024-09-17 15:30:01.445000,408.9463797333553,99
2024-09-17 15:30:01.452000,408.94329718902014,6
2024-09-17 15:30:01.529000,408.8841440513682,11
2024-09-17 15:30:01.655000,408.8185552662784,102
2024-09-17 15:30:01.699000,408.9155636112346,999
2024-09-17 15:30:01.805000,408.86736760180855,12
2024-09-17 15:30:01.964000,408.8977517635987,12
2024-09-17 15:30:02.039000,408.8883105555904,998
2024-09-17 15:30:02.049000,408.9124971417529,7
2024-09-17 15:30:02.052000,408.8621232220329,8
2024-09-17 15:30:02.200000,408.9205358438289,100
2024-09-17 15:30:02.353000,408.8866731729667,99
2024-09-17 15:30:02.505000,408.8482121618174,13
2024-09-17 15:30:02.506000,408.8948985096165,8
2024-09-17 15:30:02.560000,408.8623561456325,100
2024-09-17 15:30:02.637000,408.8796637093384,1003
2024-09-17 15:30:02.815000,408.8546498024985,8
2024-09-17 15:30:02.846000,408.8852551530783,15
2024-09-17 15:30:02.847000,408.8886012660045,10
2024-09-17 15:30:02.913000,408.9002970082688,97
2024-09-17 15:30:03.056000,408.9049871791818,996
2024-09-17 15:30:03.079000,408.9153139535899,97
2024-09-17 15:30:03.111000,408.9253476097824,96
2024-09-17 15:30:03.140000,408.8996739507859,6
2024-09-17 15:30:03.168000,408.9146986411812,11
2024-09-17 15:30:03.175000,408.919007799451,1003
2024-09-17 15:30:03.187000,408.9121281669708,103
2024-09-17 15:30:03.210000,408.89896188127625,1005
2024-09-17 15:30:03.295000,408.9409626201128,15
2024-09-17 15:30:03.344000,408.94747129132793,105
2024-09-17 15:30:03.437000,408.8968724714979,5
2024-09-17 15:30:03.679000,408.9127277981016,13
2024-09-17 15:30:03.703000,408.9190082931115,14
2024-09-17 15:30:03.717000,408.8945906218766,10
2024-09-17 15:30:03.750000,408.9252521938095,5
2024-09-17 15:30:03.764000,408.8970709441522,97
2024-09-17 15:30:03.769000,408.925765648404,11
2024-09-17 15:30:03.923000,408.91911437975705,13
2024-09-17 15:30:03.923000,408.9022813921735,15
2024-09-17 15:30:03.929000,408.9283962415571,10
2024-09-17 15:30:03.939000,408.91385698257056,998
2024-09-17 15:30:03.943000,408.9268149498503,104
2024-09-17 15:30:04.025000,408.940722329416,7
2024-09-17 15:30:04.113000,408.8430119031371,13
2024-09-17 15:30:04.175000,408.8623478760337,96
2024-09-17 15:30:04.197000,408.8744938531901,11
2024-09-17 15:30:04.199000,408.8669417915815,10
2024-09-17 15:30:04.246000,408.85259647330446,7
2024-09-17 15:30:04.383000,408.8197531714128,98
2024-09-17 15:30:04.405000,408.8286916967245,12
2024-09-17 15:30:04.497000,408.8689739132086,997
2024-09-17 15:30:04.561000,408.8666813129867,100
2024-09-17 15:30:04.604000,408.8795022241423,100
2024-09-17 15:30:04.771000,408.8855229312799,7
2024-09-17 15:30:04.809000,408.9212770408564,98
2024-09-17 15:30:04.884000,408.85049543259447,1002
2024-09-17 15:30:04.936000,408.89132606037873,1003
2024-09-17 15:30:04.946000,415.4805933478683,10
2024-09-17 15:30:04.946000,408.84115287956456,1003
2024-09-17 15:30:05.015000,408.7948770800177,6
2024-09-17 15:30:05.049000,408.7852214500859,95
2024-09-17 15:30:05.107000,408.80063917252016,1003
2024-09-17 15:30:05.114000,408.8246442296429,995
2024-09-17 15:30:05.145000,408.7876520221262,7
2024-09-17 15:30:05.149000,408.8385280340614,997
2024-09-17 15:30:05.161000,408.78945870430647,15
2024-09-17 15:30:05.169000,408.78482948871095,995
2024-09-17 15:30:05.211000,408.79312723143073,1005
2024-09-17 15:30:05.227000,408.7957682488086,100
2024-09-17 15:30:05.263000,408.8091433074504,1001
2024-09-17 15:30:05.279000,408.8226165157839,96
2024-09-17 15:30:05.332000,408.7833170483176,10
2024-09-17 15:30:05.433000,408.805958957095,13
2024-09-17 15:30:05.566000,408.8091350868141,10
2024-09-17 15:30:05.611000,408.8117027100628,997
2024-09-17 15:30:05.687000,408.7857684886591,1001
2024-09-17 15:30:05.700000,408.8003072985967,1004
2024-09-17 15:30:05.801000,408.8067680440501,97
2024-09-17 15:30:05.810000,408.8019017790109,103
2024-09-17 15:30:05.816000,408.8039116560466,104
2024-09-17 15:30:05.949000,408.806587418776,99
2024-09-17 15:30:05.964000,408.7884165344972,997
2024-09-17 15:30:06.001000,408.7288672258129,1000
2024-09-17 15:30:06.022000,408.74147108953485,99
2024-09-17 15:30:06.076000,408.7425806583604,100
2024-09-17 15:30:06.080000,408.7721864536319,95
2024-09-17 15:30:06.143000,408.7287991247999,995
2024-09-17 15:30:06.181000,408.7453992561421,104
2024-09-17 15:30:06.185000,408.70697861698727,1000
2024-09-17 15:30:06.294000,408.71846373955424,14
2024-09-17 15:30:06.333000,408.72829645809503,10
2024-09-17 15:30:06.340000,408.7325730601718,1001
2024-09-17 15:30:06.402000,408.72962444087176,14
2024-09-17 15:30:06.440000,408.7570353427946,104
2024-09-17 15:30:06.446000,415.7002402291199,1001
2024-09-17 15:30:06.563000,408.7323833571798,98
2024-09-17 15:30:06.593000,408.7557888710718,15
2024-09-17 15:30:06.605000,408.7540143902226,95
2024-09-17 15:30:06.620000,408.7136757016153,7
2024-09-17 15:30:06.853000,408.71841502820814,6
2024-09-17 15:30:06.860000,408.74148208737785,103
2024-09-17 15:30:07.002000,408.7128805643339,10
2024-09-17 15:30:07.068000,408.6926791250492,12
2024-09-17 15:30:07.080000,408.6845879510194,1005
2024-09-17 15:30:07.122000,408.6648861289851,999
2024-09-17 15:30:07.230000,408.68975773349126,97
2024-09-17 15:30:07.247000,408.6914527634628,96
2024-09-17 15:30:07.371000,408.71512845905386,100
2024-09-17 15:30:07.389000,408.6751389191505,10
2024-09-17 15:30:07.411000,408.6670619935512,999
2024-09-17 15:30:07.442000,408.661963877062,99
2024-09-17 15:30:07.545000,408.6778689827833,1005
2024-09-17 15:30:07.567000,408.7232887662823,97
2024-09-17 15:30:07.601000,408.6817810880132,7
2024-09-17 15:30:07.664000,408.6988345771298,1000
2024-09-17 15:30:07.687000,408.66806190531065,10
2024-09-17 15:30:07.791000,408.6828305274229,104
2024-09-17 15:30:07.911000,408.7097246567086,5
2024-09-17 15:30:07.918000,408.7217808195217,100
2024-09-17 15:30:07.961000,408.7174780224621,5
2024-09-17 15:30:07.970000,408.65493513706224,996
2024-09-17 15:30:07.985000,408.7021320648118,96
2024-09-17 15:30:08.405000,408.7079852915613,996
2024-09-17 15:30:08.421000,408.7103676640901,103
2024-09-17 15:30:08.604000,408.70306034812194,96
2024-09-17 15:30:09.010000,408.7363203305756,95
2024-09-17 15:30:09.020000,408.762530695536,101
2024-09-17 15:30:09.064000,408.7863348265317,995
2024-09-17 15:30:09.175000,408.6850991273644,98
2024-09-17 15:30:09.308000,408.7653447787469,102
2024-09-17 15:30:09.372000,408.7398082989832,1004
2024-09-17 15:30:09.523000,408.78606708543,996
2024-09-17 15:30:09.602000,408.7209800666847,1000
2024-09-17 15:30:09.684000,408.7319309783485,8
2024-09-17 15:30:09.697000,408.7618519820011,15
2024-09-17 15:30:09.761000,408.7044219870328,100
2024-09-17 15:30:09.795000,408.69987460496,1001
2024-09-17 15:30:09.838000,408.7853041264826,1000
2024-09-17 15:30:09.915000,408.7015986361289,104
2024-09-17 15:30:09.951000,408.7053941400773,9
2024-09-17 15:30:10.125000,408.7820052128401,1003
2024-09-17 15:30:10.197000,408.7672311523809,103
2024-09-17 15:30:10.372000,408.7639615214014,1000
2024-09-17 15:30:10.430000,408.7919611240983,96
2024-09-17 15:30:10.460000,408.7915574578843,1001
2024-09-17 15:30:10.548000,408.76755371329415,101
2024-09-17 15:30:10.616000,408.7809368207697,995
2024-09-17 15:30:10.771000,408.7782386636858,5
2024-09-17 15:30:10.780000,408.7701866704165,15
2024-09-17 15:30:10.848000,408.7620569503441,10
2024-09-17 15:30:10.934000,408.7937590502461,998
2024-09-17 15:30:11.252000,408.77529511200265,101
2024-09-17 15:30:11.613000,408.7991032194028,1002
2024-09-17 15:30:11.813000,408.8029344538807,104
2024-09-17 15:30:11.988000,408.8092228879021,103
2024-09-17 15:30:12.458000,408.8014704260565,1002
2024-09-17 15:30:12.912000,408.80958267165175,105
2024-09-17 15:30:13.097000,408.7808823920783,10
2024-09-17 15:30:13.133000,408.7846039638152,996
2024-09-17 15:30:13.161000,408.8111153579437,15
2024-09-17 15:30:13.245000,408.8032954689551,97
2024-09-17 15:30:13.752000,408.7801552471272,101
2024-09-17 15:30:13.805000,408.7740221801968,1004
2024-09-17 15:30:13.860000,408.7960651642768,103
2024-09-17 15:30:13.947000,408.7881629528811,10
2024-09-17 15:30:14.033000,408.7703627407237,104
2024-09-17 15:30:14.038000,408.7999563862852,996
2024-09-17 15:30:14.216000,408.77898337746734,97
2024-09-17 15:30:14.231000,408.7493605055885,9
2024-09-17 15:30:14.351000,408.7596976516445,995
2024-09-17 15:30:14.376000,408.75403988471936,997
2024-09-17 15:30:14.429000,408.7739007804122,1005
2024-09-17 15:30:14.437000,408.77746701491,1004
2024-09-17 15:30:14.495000,408.7902413726797,9
2024-09-17 15:30:14.521000,408.7474229107591,1005
2024-09-17 15:30:14.580000,408.7591120053921,1005
2024-09-17 15:30:14.622000,408.7879811311994,998
2024-09-17 15:30:14.630000,408.7813865364029,99
2024-09-17 15:30:14.639000,408.79129915451927,1003
2024-09-17 15:30:14.660000,408.799904349234,97
2024-09-17 15:30:14.735000,408.77644376861326,10
2024-09-17 15:30:14.755000,408.7750947653927,998
2024-09-17 15:30:14.819000,408.78023782722994,104
2024-09-17 15:30:14.881000,408.7540758933874,102
2024-09-17 15:30:15.078000,408.63256542237,1002
2024-09-17 15:30:15.085000,408.6596076491369,995
2024-09-17 15:30:15.088000,408.6584417302772,1004
2024-09-17 15:30:15.100000,408.75348901792654,98
2024-09-17 15:30:15.170000,408.6749695354888,15
2024-09-17 15:30:15.171000,408.7605235060865,1002
2024-09-17 15:30:15.225000,408.7741067865514,10
2024-09-17 15:30:15.230000,408.6599117988808,1002
2024-09-17 15:30:15.264000,408.7299869201802,95
2024-09-17 15:30:15.323000,408.6558579918498,7
2024-09-17 15:30:15.370000,408.72041292963456,1002
2024-09-17 15:30:15.448000,408.75163154370665,999
2024-09-17 15:30:15.533000,408.7693652392604,15
2024-09-17 15:30:15.545000,408.6819105883916,998
2024-09-17 15:30:15.575000,408.6610411733546,96
2024-09-17 15:30:15.641000,408.6647457010954,1005
2024-09-17 15:30:15.644000,408.6624101278391,104
2024-09-17 15:30:15.669000,408.7447558586729,5
2024-09-17 15:30:15.672000,408.6581725536994,8
2024-09-17 15:30:15.736000,408.675712148245,995
2024-09-17 15:30:15.819000,408.6978956464819,99
2024-09-17 15:30:15.860000,408.7516466162728,1001
2024-09-17 15:30:15.912000,408.7657053765527,97
2024-09-17 15:30:15.993000,408.7521768444037,999
2024-09-17 15:30:15.994000,408.6678413219008,8
2024-09-17 15:30:16.027000,408.6615399547246,96
2024-09-17 15:30:16.080000,408.6532373217223,1001
2024-09-17 15:30:16.100000,408.6453399994999,102
2024-09-17 15:30:16.179000,408.646424423403,103
2024-09-17 15:30:16.227000,408.613823049284,8
2024-09-17 15:30:16.285000,408.6578629080529,98
2024-09-17 15:30:16.356000,408.637544487367,1002
2024-09-17 15:30:16.360000,408.6684207440278,100
2024-09-17 15:30:16.386000,408.6206692761971,9
2024-09-17 15:30:16.425000,408.6519143791806,104
2024-09-17 15:30:16.441000,408.6258084726595,96
2024-09-17 15:30:16.490000,408.63171026451874,996
2024-09-17 15:30:16.758000,408.6614848510269,103
2024-09-17 15:30:16.777000,408.66248882968114,1003
2024-09-17 15:30:16.900000,408.6652869384067,1001
2024-09-17 15:30:16.901000,408.6694567120175,1000
2024-09-17 15:30:16.991000,408.6505207429658,96
2024-09-17 15:30:17.145000,408.6236327583124,103
2024-09-17 15:30:17.252000,408.59888524204615,8
2024-09-17 15:30:17.272000,408.6623588636744,999
2024-09-17 15:30:17.331000,408.6137357059782,1001
2024-09-17 15:30:17.462000,408.60819021290695,998
2024-09-17 15:30:17.464000,408.60630216952734,1003
2024-09-17 15:30:17.495000,408.61508822315255,999
2024-09-17 15:30:17.495000,408.6242862849228,9
2024-09-17 15:30:17.585000,408.6363718844451,12
2024-09-17 15:30:17.610000,408.6039765757451,12
2024-09-17 15:30:17.733000,408.61513564928936,96
2024-09-17 15:30:17.775000,408.6482629385549,1004
2024-09-17 15:30:17.815000,408.6637909328675,12
2024-09-17 15:30:17.823000,408.63601869875646,998
2024-09-17 15:30:17.901000,408.618705262332,15
2024-09-17 15:30:17.925000,408.59779055533215,100
2024-09-17 15:30:17.941000,408.63380187465344,9
2024-09-17 15:30:18.041000,408.5738057828692,8
2024-09-17 15:30:18.055000,408.5925077662739,995
2024-09-17 15:30:18.113000,408.5432862865462,995
2024-09-17 15:30:18.196000,408.5663159281333,11
2024-09-17 15:30:18.335000,408.5266689997572,103
2024-09-17 15:30:18.484000,408.5423919995091,997
2024-09-17 15:30:18.535000,408.5429807254034,999
2024-09-17 15:30:18.541000,408.5835562544649,1002
2024-09-17 15:30:18.542000,408.5313828712723,1005
2024-09-17 15:30:18.669000,408.593531986972,7
2024-09-17 15:30:18.764000,408.59148308884807,100
2024-09-17 15:30:18.825000,408.5512509944567,9
2024-09-17 15:30:18.872000,408.5970455019907,102
2024-09-17 15:30:18.882000,408.5096613245156,8
2024-09-17 15:30:18.911000,408.5345831235986,13
2024-09-17 15:30:18.938000,408.59844077408513,104
2024-09-17 15:30:18.940000,408.5025335507232,14
2024-09-17 15:30:18.988000,408.5085881393124,1005
2024-09-17 15:30:19.019000,408.5692830743018,13
2024-09-17 15:30:19.205000,408.5387625454776,999
2024-09-17 15:30:19.225000,408.5356757715555,996
2024-09-17 15:30:19.305000,408.5519045412237,1001
2024-09-17 15:30:19.310000,408.55204331037424,105
2024-09-17 15:30:19.479000,408.5299803854823,95
2024-09-17 15:30:19.504000,408.58015864755646,97
2024-09-17 15:30:19.630000,408.5321760906396,1000
2024-09-17 15:30:19.636000,408.5501877251056,101
2024-09-17 15:30:19.638000,408.5349312031887,96
2024-09-17 15:30:19.651000,408.5359369577337,105
2024-09-17 15:30:19.659000,408.5828331516425,6
2024-09-17 15:30:19.722000,408.525090580644,1000
2024-09-17 15:30:19.825000,408.5482899802009,13
2024-09-17 15:30:19.841000,408.5537938011138,96
2024-09-17 15:30:19.893000,408.5623979262134,102
2024-09-17 15:30:19.929000,408.5565370900678,996
2024-09-17 15:30:19.998000,408.5262041441376,10
2024-09-17 15:30:20.023000,408.57566585053206,97
2024-09-17 15:30:20.140000,408.5530040571661,97
2024-09-17 15:30:20.185000,408.5514087595421,103
2024-09-17 15:30:20.205000,408.5778059786218,13
2024-09-17 15:30:20.275000,408.5840901057199,102
2024-09-17 15:30:20.316000,408.5551020113941,105
2024-09-17 15:30:20.366000,408.5552680805635,1003
2024-09-17 15:30:20.453000,408.5847507344346,11
2024-09-17 15:30:20.509000,408.5556556276028,1002
2024-09-17 15:30:20.525000,408.54678810239,998
2024-09-17 15:30:20.608000,408.5875938042583,1003
2024-09-17 15:30:20.619000,408.5690958609723,95
2024-09-17 15:30:20.620000,408.5477750830223,98
2024-09-17 15:30:20.656000,408.5902715939896,97
2024-09-17 15:30:20.689000,408.57729522311945,105
2024-09-17 15:30:20.714000,408.5884031255479,998
2024-09-17 15:30:20.785000,408.5541651164176,1002
2024-09-17 15:30:20.841000,408.5583679135072,6
2024-09-17 15:30:20.845000,408.5891382777104,1005
2024-09-17 15:30:20.953000,408.5806261435515,7
2024-09-17 15:30:21.010000,408.50983528269535,5
2024-09-17 15:30:21.046000,408.5250150580268,97
2024-09-17 15:30:21.114000,408.5315653315487,998
2024-09-17 15:30:21.116000,408.53686049353706,13
2024-09-17 15:30:21.287000,408.5409150398834,11
2024-09-17 15:30:21.296000,408.5336963518576,11
2024-09-17 15:30:21.469000,408.5385077136221,96
2024-09-17 15:30:21.483000,408.51968636577215,1001
2024-09-17 15:30:21.675000,408.54681117970233,103
2024-09-17 15:30:21.777000,408.5429192275695,6
2024-09-17 15:30:21.824000,408.5302079494195,99
2024-09-17 15:30:21.890000,408.55183830593904,999
2024-09-17 15:30:21.948000,408.53146211099033,10
2024-09-17 15:30:21.975000,408.53976905692247,12
2024-09-17 15:30:23.057000,408.56787829263794,12
2024-09-17 15:30:23.411000,408.52912433785286,14
2024-09-17 15:30:23.814000,408.51593305558566,996
2024-09-17 15:30:23.960000,408.4992349994085,8
2024-09-17 15:30:24.010000,408.5665755546581,998
2024-09-17 15:30:24.118000,408.5633116065281,1005
2024-09-17 15:30:24.147000,408.5528242920879,98
2024-09-17 15:30:24.178000,408.5655686648362,9
2024-09-17 15:30:24.206000,408.55390748570267,1000
2024-09-17 15:30:24.215000,408.59150204484223,100
2024-09-17 15:30:24.256000,408.55559492341314,1005
2024-09-17 15:30:24.367000,408.5407919696301,1000
2024-09-17 15:30:24.486000,408.5498662037919,12
2024-09-17 15:30:24.498000,408.5711645223189,100
2024-09-17 15:30:24.534000,408.5439404740121,102
2024-09-17 15:30:24.572000,415.5941468878326,96
2024-09-17 15:30:24.617000,408.5346070954313,102
2024-09-17 15:30:24.657000,408.6002816909229,1000
2024-09-17 15:30:24.724000,408.5565845566941,997
2024-09-17 15:30:24.747000,408.5567223664327,999
2024-09-17 15:30:24.750000,408.5506771140007,5
2024-09-17 15:30:24.841000,408.5483107853194,95
2024-09-17 15:30:24.848000,408.5832531993912,997
2024-09-17 15:30:24.866000,408.5795653431179,999
2024-09-17 15:30:24.892000,408.5367769658833,999
2024-09-17 15:30:24.980000,408.565781909442,8
2024-09-17 15:30:25.008000,408.5434957314682,102
2024-09-17 15:30:25.011000,408.52720046204666,103
2024-09-17 15:30:25.051000,408.5246916374676,997
2024-09-17 15:30:25.080000,408.5289695494069,104
2024-09-17 15:30:25.103000,408.5284825620176,996
2024-09-17 15:30:25.157000,408.458506908195,100
2024-09-17 15:30:25.172000,408.5219757300573,998
2024-09-17 15:30:25.177000,408.4851340132454,7
2024-09-17 15:30:25.228000,408.46546488554486,15
2024-09-17 15:30:25.305000,408.5336487806817,997
2024-09-17 15:30:25.318000,408.4928555967368,995
2024-09-17 15:30:25.366000,408.4617751719869,5
2024-09-17 15:30:25.376000,408.485436395416,10
2024-09-17 15:30:25.469000,408.4821912433626,96
2024-09-17 15:30:25.493000,408.5174223557831,1001
2024-09-17 15:30:25.548000,408.5422016974757,101
2024-09-17 15:30:25.640000,408.55395792556186,100
2024-09-17 15:30:25.702000,408.4503511249095,102
2024-09-17 15:30:25.736000,408.514450607039,1002
2024-09-17 15:30:25.743000,408.5324826465176,6
2024-09-17 15:30:25.809000,408.49012012717833,999
2024-09-17 15:30:25.809000,408.5370021616369,998
2024-09-17 15:30:25.832000,408.5348575682447,105
2024-09-17 15:30:25.884000,408.5405090260595,105
2024-09-17 15:30:25.896000,408.5230831052872,102
2024-09-17 15:30:25.930000,408.5607212822815,95
2024-09-17 15:30:25.950000,408.4727017089104,10
2024-09-17 15:30:25.969000,408.4900748857973,997
2024-09-17 15:30:25.994000,408.53287407350257,98
2024-09-17 15:30:26,408.4136768632611,1004
2024-09-17 15:30:26.112000,408.38865072905776,1003
2024-09-17 15:30:26.125000,408.4354648233388,1004
2024-09-17 15:30:26.227000,408.3961600986287,1000
2024-09-17 15:30:26.273000,408.3915802588573,101
2024-09-17 15:30:26.392000,408.40859621361255,1005
2024-09-17 15:30:26.423000,408.39453553512726,99
2024-09-17 15:30:26.525000,408.4206215833207,98
2024-09-17 15:30:26.575000,408.3811332646553,10
2024-09-17 15:30:26.825000,408.3801615089108,12
2024-09-17 15:30:26.904000,408.42818438698674,7
2024-09-17 15:30:26.908000,408.40605602191033,95
2024-09-17 15:30:27.007000,408.4961453298749,10
2024-09-17 15:30:27.094000,408.53145624977503,997
2024-09-17 15:30:27.117000,408.5251983337071,1001
2024-09-17 15:30:27.128000,408.46944306381226,996
2024-09-17 15:30:27.224000,408.44430501139226,1005
2024-09-17 15:30:27.238000,408.5588622301439,15
2024-09-17 15:30:27.258000,408.5382456560326,15
2024-09-17 15:30:27.271000,408.4581865811632,97
2024-09-17 15:30:27.275000,408.5349508396147,6
2024-09-17 15:30:27.297000,408.4181519314249,996
2024-09-17 15:30:27.323000,408.50499071916494,1005
2024-09-17 15:30:27.337000,408.53423615184977,8
2024-09-17 15:30:27.404000,408.5391965498779,1003
2024-09-17 15:30:27.472000,408.4769781656881,1003
2024-09-17 15:30:27.539000,408.5465534043559,5
2024-09-17 15:30:27.622000,408.50215314349896,101
2024-09-17 15:30:27.698000,408.5351403907106,98
2024-09-17 15:30:27.706000,408.5307859455297,13
2024-09-17 15:30:27.725000,408.4548698911543,100
2024-09-17 15:30:27.731000,408.5347264743768,14
2024-09-17 15:30:27.736000,408.49825536488777,6
2024-09-17 15:30:27.867000,408.52937121204576,98
2024-09-17 15:30:27.906000,408.5020433040394,997
2024-09-17 15:30:27.924000,408.507625959868,98
2024-09-17 15:30:27.956000,408.5374495324207,6
2024-09-17 15:30:28.069000,408.4934818060724,13
2024-09-17 15:30:28.213000,408.4947851537152,101
2024-09-17 15:30:28.259000,408.5021199079597,15
2024-09-17 15:30:28.301000,408.5044101852726,96
2024-09-17 15:30:28.359000,408.50198529120433,997
2024-09-17 15:30:28.421000,408.49953751299967,99
2024-09-17 15:30:28.462000,408.4888203030727,998
2024-09-17 15:30:28.464000,408.514671153801,96
2024-09-17 15:30:28.549000,408.4806282691284,102
2024-09-17 15:30:28.755000,408.5365313915756,98
2024-09-17 15:30:28.927000,408.52530651580673,104
2024-09-17 15:30:29.010000,408.4790126757304,100
2024-09-17 15:30:29.015000,408.5123396353302,7
2024-09-17 15:30:29.029000,408.4923150150663,95
2024-09-17 15:30:29.119000,408.4443866778382,105
2024-09-17 15:30:29.256000,408.456773500894,996
2024-09-17 15:30:29.301000,408.5427769348488,15
2024-09-17 15:30:29.335000,408.503831094412,11
2024-09-17 15:30:29.338000,408.43527425818695,997
2024-09-17 15:30:29.351000,408.48067703654107,996
2024-09-17 15:30:29.362000,408.471210038532,997
2024-09-17 15:30:29.370000,408.48085274010975,99
2024-09-17 15:30:29.416000,408.5052318374257,1003
2024-09-17 15:30:29.422000,408.4994433249153,5
2024-09-17 15:30:29.447000,408.4900908219718,1000
2024-09-17 15:30:29.453000,408.5130969231926,100
2024-09-17 15:30:29.458000,408.46024434760994,12
2024-09-17 15:30:29.522000,408.4768272450997,14
2024-09-17 15:30:29.528000,408.508531412268,11
2024-09-17 15:30:29.533000,408.4715813344265,102
2024-09-17 15:30:29.534000,408.45250614938703,14
2024-09-17 15:30:29.579000,408.50052685728303,101
2024-09-17 15:30:29.674000,408.5122369569468,13
2024-09-17 15:30:29.808000,408.4850541861081,9
2024-09-17 15:30:29.992000,408.4915355588136,1002
2024-09-17 15:30:30.030000,408.5006977358947,13
2024-09-17 15:30:30.053000,408.4751890497536,11
2024-09-17 15:30:30.082000,408.5076553624861,1002
2024-09-17 15:30:30.095000,408.47045052837376,103
2024-09-17 15:30:30.158000,408.4863046891604,10
2024-09-17 15:30:30.201000,408.49966501708445,1002
2024-09-17 15:30:30.251000,408.4712400138039,9
2024-09-17 15:30:30.274000,408.5206606283297,6
2024-09-17 15:30:30.276000,408.4656044432942,7
2024-09-17 15:30:30.348000,408.5284916319573,14
2024-09-17 15:30:30.394000,408.5050546952235,15
2024-09-17 15:30:30.463000,408.4711959284302,96
2024-09-17 15:30:30.536000,408.4885921632885,104
2024-09-17 15:30:30.537000,408.5214232534577,13
2024-09-17 15:30:30.541000,408.51067344695775,105
2024-09-17 15:30:30.551000,408.51358482189926,9
2024-09-17 15:30:30.560000,408.4833615266344,8
2024-09-17 15:30:30.577000,408.50484810208417,995
2024-09-17 15:30:30.590000,408.4611162864505,97
2024-09-17 15:30:30.606000,408.4437154371635,98
2024-09-17 15:30:30.650000,408.4708944694793,13
2024-09-17 15:30:30.674000,408.4856317365719,97
2024-09-17 15:30:30.941000,408.52798490851904,104
2024-09-17 15:30:30.943000,408.50964295839486,10
2024-09-17 15:30:30.979000,408.4719557806287,14
2024-09-17 15:30:32.011000,408.5154636814834,15
2024-09-17 15:30:32.089000,408.5098215819066,9
2024-09-17 15:30:32.206000,408.523167899905,995
2024-09-17 15:30:32.214000,408.49298601185535,13
2024-09-17 15:30:32.440000,408.5294305486207,1001
2024-09-17 15:30:32.460000,408.5169509918457,1004
2024-09-17 15:30:32.519000,408.52852863419474,101
2024-09-17 15:30:32.562000,408.5055551892303,1001
2024-09-17 15:30:32.585000,408.53063124299126,1004
2024-09-17 15:30:32.666000,408.52607508884506,5
2024-09-17 15:30:32.716000,408.52252689498727,997
2024-09-17 15:30:32.739000,408.5004008485417,101
2024-09-17 15:30:32.795000,408.5057313364295,95
2024-09-17 15:30:33.024000,408.4882304117013,96
2024-09-17 15:30:33.063000,408.501752674137,10
2024-09-17 15:30:33.121000,408.4958211543099,100
2024-09-17 15:30:33.172000,408.4835627752279,1000
2024-09-17 15:30:33.270000,408.4851425623378,14
2024-09-17 15:30:33.290000,408.5161487359366,97
2024-09-17 15:30:33.295000,408.4840497513676,15
2024-09-17 15:30:33.326000,408.5096717923734,1004
2024-09-17 15:30:33.467000,408.4933513873038,996
2024-09-17 15:30:33.610000,415.5699374084875,99
2024-09-17 15:30:33.724000,408.4901421527183,104
2024-09-17 15:30:33.725000,408.4895621466263,100
2024-09-17 15:30:33.741000,408.51159812093545,102
2024-09-17 15:30:33.758000,408.51395758371655,100
2024-09-17 15:30:33.775000,408.4908491088274,996
2024-09-17 15:30:33.782000,408.4997571385614,15
2024-09-17 15:30:33.812000,408.4931925826704,95
2024-09-17 15:30:33.869000,408.4945847727873,105
2024-09-17 15:30:34.096000,408.5022543860442,1001
2024-09-17 15:30:34.097000,408.5079628973574,5
2024-09-17 15:30:34.106000,408.5205449739916,100
2024-09-17 15:30:34.146000,408.48589706824345,13
2024-09-17 15:30:34.177000,408.47525290488886,997
2024-09-17 15:30:34.184000,408.48158353218975,97
2024-09-17 15:30:34.199000,408.5224576557344,1005
2024-09-17 15:30:34.225000,408.4976707735778,996
2024-09-17 15:30:34.414000,408.4782824574832,998
2024-09-17 15:30:34.416000,408.4797890427935,97
2024-09-17 15:30:34.450000,408.4972617102396,6
2024-09-17 15:30:34.522000,408.52852855027646,103
2024-09-17 15:30:34.684000,408.5052432275634,1005
2024-09-17 15:30:34.715000,408.511894526644,5
2024-09-17 15:30:34.968000,408.5139345069176,999
2024-09-17 15:30:34.985000,408.5205626323915,100
2024-09-17 15:30:35.096000,408.54690572780856,1001
2024-09-17 15:30:35.290000,408.5254450994617,103
2024-09-17 15:30:35.320000,408.51910079850734,15
2024-09-17 15:30:35.619000,408.5231604663299,97
2024-09-17 15:30:35.704000,408.5304931639719,999
2024-09-17 15:30:37.006000,408.4723484653108,14
2024-09-17 15:30:37.040000,408.5419530357528,997
2024-09-17 15:30:37.057000,408.4866101336865,996
2024-09-17 15:30:37.094000,408.484470201957,1001
2024-09-17 15:30:37.141000,408.5539698876833,97
2024-09-17 15:30:37.167000,408.4673064394064,1003
2024-09-17 15:30:37.211000,408.5397089864396,1001
2024-09-17 15:30:37.333000,408.4966433802834,996
2024-09-17 15:30:37.338000,408.4984201101649,104
2024-09-17 15:30:37.364000,408.4328754380648,997
2024-09-17 15:30:37.393000,408.4635042839504,103
2024-09-17 15:30:37.396000,408.45038507798,9
2024-09-17 15:30:37.514000,408.5225967883555,999
2024-09-17 15:30:37.542000,408.4294379152383,102
2024-09-17 15:30:37.550000,408.49991679192334,98
2024-09-17 15:30:37.570000,408.4862816474874,1004
2024-09-17 15:30:37.622000,408.4559668586936,998
2024-09-17 15:30:37.639000,408.4879290320061,995
2024-09-17 15:30:37.692000,408.4614176175302,997
2024-09-17 15:30:37.722000,408.5494010510485,996
2024-09-17 15:30:37.739000,408.46757094897737,11
2024-09-17 15:30:37.748000,408.5294035188246,1000
2024-09-17 15:30:37.817000,408.4906278263224,995
2024-09-17 15:30:37.866000,408.4187484605088,5
2024-09-17 15:30:37.971000,408.4912174999638,1002
2024-09-17 15:30:38.004000,408.4538791619977,104
2024-09-17 15:30:38.230000,408.4587373804925,6
2024-09-17 15:30:38.243000,408.4425881393458,998
2024-09-17 15:30:38.246000,408.4691175219028,10
2024-09-17 15:30:38.337000,408.45637942675125,1001
2024-09-17 15:30:38.373000,408.45229255332896,98
2024-09-17 15:30:38.459000,408.42438204696384,95
2024-09-17 15:30:38.577000,408.4317314030339,101
2024-09-17 15:30:38.618000,408.4674002190142,1000
2024-09-17 15:30:38.652000,408.4323559208204,995
2024-09-17 15:30:38.682000,408.4453594552998,103
2024-09-17 15:30:38.684000,408.4316058224149,12
2024-09-17 15:30:38.692000,408.4180464147145,105
2024-09-17 15:30:38.762000,408.4781916451111,96
2024-09-17 15:30:38.892000,408.4554662632429,13
2024-09-17 15:30:38.942000,408.44616068286336,96
2024-09-17 15:30:39.007000,408.4351269944643,6
2024-09-17 15:30:39.056000,408.43642759096144,1001
2024-09-17 15:30:39.141000,408.3772797379229,7
2024-09-17 15:30:39.249000,408.45422994147685,97
2024-09-17 15:30:39.265000,408.40670083558337,5
2024-09-17 15:30:39.270000,408.442113085081,15
2024-09-17 15:30:39.311000,408.444999785883,995
2024-09-17 15:30:39.452000,408.38319529570526,15
2024-09-17 15:30:39.522000,408.3735435179971,997
2024-09-17 15:30:39.534000,408.4256086490775,9
2024-09-17 15:30:39.621000,408.4408204071111,98
2024-09-17 15:30:39.792000,408.4652762090437,9
2024-09-17 15:30:39.845000,408.4166227822124,14
2024-09-17 15:30:39.887000,408.4099473682045,102
2024-09-17 15:30:39.897000,408.47108945735897,13
2024-09-17 15:30:39.942000,408.44828452056913,1002
2024-09-17 15:30:40.068000,408.3753972810417,103
2024-09-17 15:30:40.232000,408.338025784607,1001
2024-09-17 15:30:40.239000,408.351630685146,995
2024-09-17 15:30:40.289000,408.37826030351033,1005
2024-09-17 15:30:40.302000,408.3183410472575,101
2024-09-17 15:30:40.568000,408.3584010655709,10
2024-09-17 15:30:40.581000,408.3768814111683,97
2024-09-17 15:30:40.614000,408.3301053430816,1002
2024-09-17 15:30:40.782000,408.3497209858492,103
2024-09-17 15:30:40.814000,408.3638280460577,95
2024-09-17 15:30:40.820000,408.35639541528985,12
2024-09-17 15:30:40.863000,408.3240446567655,998
2024-09-17 15:30:40.897000,408.3768633726512,97
2024-09-17 15:30:40.990000,408.3366727166418,997
2024-09-17 15:30:41.079000,408.2851340839461,996
2024-09-17 15:30:41.127000,408.33854996102895,999
2024-09-17 15:30:41.137000,408.3227810630722,998
2024-09-17 15:30:41.301000,408.3086136711216,6
2024-09-17 15:30:41.343000,408.2925902230433,103
2024-09-17 15:30:41.412000,408.30387705058814,12
2024-09-17 15:30:41.540000,408.309297326824,11
2024-09-17 15:30:41.639000,408.3237652330237,1005
2024-09-17 15:30:41.718000,408.3154948071998,101
2024-09-17 15:30:41.830000,408.3418642009304,995
2024-09-17 15:30:41.916000,408.3377793949364,8
2024-09-17 15:30:42.004000,408.2950527512521,1001
2024-09-17 15:30:42.115000,408.2939605788428,98
2024-09-17 15:30:42.144000,408.3001559295936,103
2024-09-17 15:30:42.443000,408.2878995805141,9
2024-09-17 15:30:42.539000,408.3039846940523,97
2024-09-17 15:30:42.551000,408.3145951479252,1005
2024-09-17 15:30:42.565000,408.3106505725032,1001
2024-09-17 15:30:42.592000,408.3230779610688,13
2024-09-17 15:30:42.632000,408.331172390991,11
2024-09-17 15:30:42.650000,408.333459836598,14
2024-09-17 15:30:42.762000,408.315382732694,103
2024-09-17 15:30:43.006000,408.3388419910723,97
2024-09-17 15:30:43.051000,408.29476963491567,1005
2024-09-17 15:30:43.091000,408.31690036040857,11
2024-09-17 15:30:43.169000,408.3317896376473,1005
2024-09-17 15:30:43.285000,408.314590213482,95
2024-09-17 15:30:43.356000,408.2691159058181,997
2024-09-17 15:30:43.419000,408.3042251820477,100
2024-09-17 15:30:43.470000,408.3385316181163,102
2024-09-17 15:30:43.474000,408.3358103778439,102
2024-09-17 15:30:43.484000,408.3348443684381,997
2024-09-17 15:30:43.498000,408.2544347586981,996
2024-09-17 15:30:43.587000,408.3336517991867,995
2024-09-17 15:30:43.607000,408.31302152950855,13
2024-09-17 15:30:43.765000,408.3097194345045,997
2024-09-17 15:30:43.851000,408.2775090504877,999
2024-09-17 15:30:43.857000,408.26415262005503,12
2024-09-17 15:30:43.912000,408.3391243105506,997
2024-09-17 15:30:43.917000,408.25759803462233,1004
2024-09-17 15:30:43.974000,408.3230410175909,102
2024-09-17 15:30:44.134000,408.2580017617452,12
2024-09-17 15:30:45.191000,415.8390004996559,101
2024-09-17 15:30:45.503000,408.2272650515986,96
2024-09-17 15:30:45.520000,408.2334227680474,5
2024-09-17 15:30:45.788000,408.2302987858441,11
2024-09-17 15:30:46.142000,408.2259812202745,14
2024-09-17 15:30:46.802000,408.2134518302517,97
2024-09-17 15:30:47.070000,408.3096512802776,5
2024-09-17 15:30:47.110000,408.3711091959833,105
2024-09-17 15:30:47.119000,408.3827158621476,98
2024-09-17 15:30:47.155000,408.3130124738242,15
2024-09-17 15:30:47.300000,408.32774652622,99
2024-09-17 15:30:47.305000,408.32222783031614,997
2024-09-17 15:30:47.361000,408.2831253594756,104
2024-09-17 15:30:47.401000,408.2987796164874,98
2024-09-17 15:30:47.416000,408.3654533999875,14
2024-09-17 15:30:47.446000,408.2561471623087,1000
2024-09-17 15:30:47.478000,408.3870789718839,995
2024-09-17 15:30:47.545000,408.3541942246606,7
2024-09-17 15:30:47.565000,408.3081668697907,98
2024-09-17 15:30:47.583000,408.3675282436293,8
2024-09-17 15:30:47.595000,408.3072218610962,100
2024-09-17 15:30:47.607000,408.31085350491696,10
2024-09-17 15:30:47.619000,415.9545590312864,96
2024-09-17 15:30:47.855000,408.3816329585029,998
2024-09-17 15:30:47.963000,408.3763986817984,1001
2024-09-17 15:30:48.014000,408.30099127509305,14
2024-09-17 15:30:48.126000,415.943390231734,6
2024-09-17 15:30:48.146000,408.3038206940172,95
2024-09-17 15:30:48.148000,408.3886283889401,999
2024-09-17 15:30:48.217000,408.3006051411551,5
2024-09-17 15:30:48.227000,408.3668739981173,1005
2024-09-17 15:30:48.257000,408.3078264039534,105
2024-09-17 15:30:48.278000,408.2927402685045,8
2024-09-17 15:30:48.503000,408.32953209772967,1001
2024-09-17 15:30:48.503000,408.3004864229754,101
2024-09-17 15:30:48.603000,408.29632775544655,9
2024-09-17 15:30:48.610000,408.3179646544155,12
2024-09-17 15:30:48.661000,408.3817603526975,97
2024-09-17 15:30:48.671000,408.3550476290127,998
2024-09-17 15:30:48.708000,408.3588081855197,1002
2024-09-17 15:30:48.805000,408.3155132964716,95
2024-09-17 15:30:48.810000,408.3334233790384,997
2024-09-17 15:30:48.826000,408.3097666955952,998
2024-09-17 15:30:48.842000,408.3182274834286,102
2024-09-17 15:30:48.847000,408.3346135968964,10
2024-09-17 15:30:48.876000,408.34333267738407,11
2024-09-17 15:30:48.888000,408.31718821797546,999
2024-09-17 15:30:48.942000,408.3287093087711,100
2024-09-17 15:30:48.953000,408.2984692934331,100
2024-09-17 15:30:48.990000,408.30780296678046,996
2024-09-17 15:30:49.032000,408.34484655550864,12
2024-09-17 15:30:49.062000,408.3520545176835,11
2024-09-17 15:30:49.077000,408.35591637389456,995
2024-09-17 15:30:49.096000,408.3521527917116,1004
2024-09-17 15:30:49.116000,408.3718503842134,98
2024-09-17 15:30:49.119000,408.3637344928813,998
2024-09-17 15:30:49.160000,415.9404878082757,96
2024-09-17 15:30:49.175000,408.3705203478711,1001
2024-09-17 15:30:49.197000,408.351908124891,7
2024-09-17 15:30:49.217000,408.3842216344522,103
2024-09-17 15:30:49.220000,408.34894744996143,1000
2024-09-17 15:30:49.298000,408.3610445357886,997
2024-09-17 15:30:49.330000,408.357130207104,95
2024-09-17 15:30:49.366000,408.4000235634022,7
2024-09-17 15:30:49.412000,408.369642438733,1000
2024-09-17 15:30:49.413000,408.3824165582089,10
2024-09-17 15:30:49.532000,408.363535716172,996
2024-09-17 15:30:49.536000,408.36885280092406,1004
2024-09-17 15:30:49.635000,408.3932973682536,996
2024-09-17 15:30:49.746000,408.3599262044141,13
2024-09-17 15:30:49.809000,408.3554125830498,997
2024-09-17 15:30:49.811000,408.3718574870086,102
2024-09-17 15:30:49.936000,408.3639044675524,1003
2024-09-17 15:30:49.959000,408.380221551278,104
2024-09-17 15:30:49.991000,408.406704025056,101
2024-09-17 15:30:50.036000,408.40776591387646,1004
2024-09-17 15:30:50.040000,408.4000649798279,1002
2024-09-17 15:30:50.115000,408.3949626506279,13
2024-09-17 15:30:50.265000,408.3800721188424,997
2024-09-17 15:30:50.416000,408.4193493780894,99
2024-09-17 15:30:50.710000,408.3776290116188,98
2024-09-17 15:30:50.919000,408.4364886267795,99
2024-09-17 15:30:51.167000,408.4109163902921,10
2024-09-17 15:30:51.300000,408.3713182047373,9
2024-09-17 15:30:51.338000,408.3912144814347,104
2024-09-17 15:30:51.519000,408.3848280144678,1004
2024-09-17 15:30:51.610000,408.3837773522794,100
2024-09-17 15:30:51.627000,408.3620942352624,96
2024-09-17 15:30:51.797000,408.3751460145536,104
2024-09-17 15:30:51.805000,408.3587754993271,997
2024-09-17 15:30:51.929000,408.3658059458356,1004
2024-09-17 15:30:51.933000,408.4207237771013,13
2024-09-17 15:30:52.023000,408.3667827876896,99
2024-09-17 15:30:52.028000,408.36993987686407,11
2024-09-17 15:30:52.058000,408.3931447288389,104
2024-09-17 15:30:52.066000,408.3655045917237,14
2024-09-17 15:30:52.219000,408.3756826393104,6
2024-09-17 15:30:52.307000,408.3880081049322,8
2024-09-17 15:30:52.426000,408.3999417192896,1000
2024-09-17 15:30:52.594000,408.3852556485631,14
2024-09-17 15:30:52.722000,408.3642396969258,104
2024-09-17 15:30:52.771000,408.3459600202603,1002
2024-09-17 15:30:53.116000,408.376600131066,97
2024-09-17 15:30:53.167000,408.4030847408404,1001
2024-09-17 15:30:53.366000,408.3918223204287,13
2024-09-17 15:30:53.402000,408.4112367825983,105
2024-09-17 15:30:53.468000,408.39443697307934,1000
2024-09-17 15:30:53.523000,408.40630924656847,102
2024-09-17 15:30:53.675000,408.4000073106005,14
2024-09-17 15:30:53.719000,408.3840893011728,98
2024-09-17 15:30:53.731000,408.40116694644826,102
2024-09-17 15:30:54.015000,408.4589921625176,998
2024-09-17 15:30:54.026000,408.4590647870321,95
2024-09-17 15:30:54.295000,408.4518051968713,99
2024-09-17 15:30:54.387000,408.4244144664478,104
2024-09-17 15:30:54.393000,408.4390808548421,96
2024-09-17 15:30:54.399000,408.4176872848305,995
2024-09-17 15:30:54.417000,408.4549594549111,5
2024-09-17 15:30:54.471000,408.4094417477976,997
2024-09-17 15:30:54.489000,408.4590523733864,99
2024-09-17 15:30:54.532000,408.4161567680537,95
2024-09-17 15:30:54.572000,408.47358672189137,1003
2024-09-17 15:30:54.594000,408.45039189119376,998
2024-09-17 15:30:54.611000,408.46678944717263,7
2024-09-17 15:30:54.628000,408.4104789514111,6
2024-09-17 15:30:54.631000,408.4533190671373,996
2024-09-17 15:30:54.709000,408.4767642431797,1003
2024-09-17 15:30:54.711000,408.5026967021112,1000
2024-09-17 15:30:54.740000,408.4401460096689,99
2024-09-17 15:30:54.827000,408.4035009556004,103
2024-09-17 15:30:54.952000,408.4610215417404,5
2024-09-17 15:30:54.973000,408.42497422713126,1001
2024-09-17 15:30:54.985000,408.49010768060754,10
2024-09-17 15:30:54.997000,408.42206357153,999
2024-09-17 15:30:55.182000,415.88995009829824,1002
2024-09-17 15:30:56.012000,408.4568432493061,996
2024-09-17 15:30:56.056000,408.4289906814091,995
2024-09-17 15:30:56.074000,408.4553206957834,6
2024-09-17 15:30:56.089000,408.4413681444456,1001
2024-09-17 15:30:56.139000,408.4812514097619,997
2024-09-17 15:30:56.140000,408.4366842327877,1002
2024-09-17 15:30:56.178000,408.4511160237016,6
2024-09-17 15:30:56.215000,408.46425055455455,995
2024-09-17 15:30:56.355000,408.4219874769904,998
2024-09-17 15:30:56.370000,408.4267081450739,10
2024-09-17 15:30:56.478000,408.434935655996,7
2024-09-17 15:30:56.495000,408.4087879653112,9
2024-09-17 15:30:56.522000,408.4228960351507,98
2024-09-17 15:30:56.548000,408.4288258554545,1002
2024-09-17 15:30:56.600000,408.4925674619376,1002
2024-09-17 15:30:56.672000,408.4553986691331,105
2024-09-17 15:30:56.791000,408.4664970269421,11
2024-09-17 15:30:56.825000,408.4392318721154,103
2024-09-17 15:30:56.834000,408.429090941972,100
2024-09-17 15:30:56.857000,408.43315955017954,1000
2024-09-17 15:30:56.864000,408.4626214049211,5
2024-09-17 15:30:56.864000,408.4527981825029,1005
2024-09-17 15:30:56.867000,408.43976501119295,6
2024-09-17 15:30:56.867000,408.4667191421749,15
2024-09-17 15:30:56.902000,408.4306513040782,104
2024-09-17 15:30:56.913000,408.4759517251974,9
2024-09-17 15:30:57.097000,408.4855637924139,999
2024-09-17 15:30:57.188000,408.4886009227808,105
2024-09-17 15:30:57.393000,408.485835761884,1001
2024-09-17 15:30:57.407000,408.4889580359983,14
2024-09-17 15:30:58.056000,408.4839092721466,98
2024-09-17 15:30:58.076000,408.4870331087196,97
2024-09-17 15:30:58.151000,408.4931577060474,1004
2024-09-17 15:30:58.186000,408.48567843407216,995
2024-09-17 15:30:58.201000,408.4732236454021,95
2024-09-17 15:30:58.258000,408.5091284330531,12
2024-09-17 15:30:58.271000,408.49949928892033,996
2024-09-17 15:30:58.408000,408.5115211074623,101
2024-09-17 15:30:58.426000,408.5270299614898,1005
2024-09-17 15:30:58.482000,408.52347230151145,10
2024-09-17 15:30:58.535000,408.5353180022541,1005
2024-09-17 15:30:58.557000,408.5231132924212,7
2024-09-17 15:30:58.625000,408.4909545246245,105
2024-09-17 15:30:58.675000,408.55171550296313,12
2024-09-17 15:30:58.675000,408.5040957161997,997
2024-09-17 15:30:58.710000,408.4863975253021,6
2024-09-17 15:30:58.714000,408.48656590549416,5
2024-09-17 15:30:58.743000,408.5129917069461,101
2024-09-17 15:30:58.775000,408.4799012391469,995
2024-09-17 15:30:58.803000,408.5205730824242,104
2024-09-17 15:30:58.848000,408.47462261172507,101
2024-09-17 15:30:58.852000,408.5269473976331,996
2024-09-17 15:30:58.864000,408.4794498917794,9
2024-09-17 15:30:58.953000,408.5010313930299,13
2024-09-17 15:30:58.974000,408.49559322076135,7
2024-09-17 15:30:58.989000,408.5327129103549,101
2024-09-17 15:30:59.041000,408.4761363209802,96
2024-09-17 15:30:59.054000,408.4696940944167,1005
2024-09-17 15:30:59.065000,408.4896176736584,998
2024-09-17 15:30:59.095000,408.491309160269,101
2024-09-17 15:30:59.153000,408.4843266748167,1005
2024-09-17 15:30:59.160000,408.48701544056274,1004
2024-09-17 15:30:59.208000,408.4966003172743,9
2024-09-17 15:30:59.290000,408.4869305101272,1003
2024-09-17 15:30:59.293000,408.4956371563789,1005
2024-09-17 15:30:59.351000,408.4560958081405,12
2024-09-17 15:30:59.389000,408.51511775662914,998
2024-09-17 15:30:59.391000,408.4823609262423,1002
2024-09-17 15:30:59.443000,408.4883110537041,103
2024-09-17 15:30:59.516000,408.4843354753551,5
2024-09-17 15:30:59.529000,408.4925558052893,10
2024-09-17 15:30:59.608000,408.4913390773811,103
2024-09-17 15:30:59.609000,408.4789594109469,996
2024-09-17 15:30:59.613000,408.4699398313529,5
2024-09-17 15:30:59.619000,408.4901582862811,11
2024-09-17 15:30:59.632000,408.4685244586968,13
2024-09-17 15:30:59.641000,408.49364867608176,1005
2024-09-17 15:30:59.829000,408.4856414489884,101
2024-09-17 15:30:59.854000,408.4745126306326,11
2024-09-17 15:30:59.863000,408.49062796065385,105
2024-09-17 15:30:59.887000,408.4877930506245,7
2024-09-17 15:30:59.956000,408.4928469737984,8
2024-09-17 15:30:59.999000,408.4831662205502,999
