Timestamp,Price,Size
2024-09-18 15:56:00.259000,415.83058164359113,8
2024-09-18 15:56:00.316000,415.8221541875613,998
2024-09-18 15:56:00.328000,415.8268499719295,9
2024-09-18 15:56:00.890000,415.8342572411758,8
2024-09-18 15:56:00.970000,415.83231562976806,1000
2024-09-18 15:56:00.973000,415.8371838155173,102
2024-09-18 15:56:01.253000,415.8411786498422,1002
2024-09-18 15:56:01.280000,415.84313174740765,104
2024-09-18 15:56:01.443000,415.8416109670434,995
2024-09-18 15:56:02.110000,415.8590690189361,103
2024-09-18 15:56:02.135000,415.819428857348,15
2024-09-18 15:56:02.190000,415.8249252630759,6
2024-09-18 15:56:02.524000,415.84139388174736,13
2024-09-18 15:56:02.682000,415.8396071940253,1004
2024-09-18 15:56:02.750000,415.8304573452659,98
2024-09-18 15:56:02.975000,415.839296998076,12
2024-09-18 15:56:02.983000,415.8308226592065,101
2024-09-18 15:56:03.055000,415.7882306099506,99
2024-09-18 15:56:03.133000,415.8166972453988,15
2024-09-18 15:56:03.257000,415.83088841733024,996
2024-09-18 15:56:03.264000,415.7342187595966,105
2024-09-18 15:56:03.372000,415.8281535984282,105
2024-09-18 15:56:03.386000,415.8267719708072,1000
2024-09-18 15:56:03.423000,415.8092243858193,1005
2024-09-18 15:56:03.433000,415.7887780873263,8
2024-09-18 15:56:03.489000,415.8270534287046,997
2024-09-18 15:56:03.599000,415.755954392574,6
2024-09-18 15:56:03.601000,415.8368754774036,96
2024-09-18 15:56:03.673000,415.8349612601255,14
2024-09-18 15:56:03.687000,415.824072759285,99
2024-09-18 15:56:03.811000,415.8211363073774,1005
2024-09-18 15:56:03.837000,415.76247701101096,14
2024-09-18 15:56:03.897000,415.7811953736514,999
2024-09-18 15:56:03.901000,415.7661015048583,98
2024-09-18 15:56:04.396000,415.7401362538504,11
2024-09-18 15:56:04.447000,415.7318516078045,1003
2024-09-18 15:56:04.581000,415.72965934388645,1005
2024-09-18 15:56:04.673000,415.7413302410324,15
2024-09-18 15:56:04.694000,415.7173168137951,5
2024-09-18 15:56:04.998000,415.741752061724,1000
2024-09-18 15:56:05.012000,415.7008946855169,12
2024-09-18 15:56:05.093000,415.6661409275111,1004
2024-09-18 15:56:05.159000,415.7084486106159,104
2024-09-18 15:56:05.222000,415.6952723481497,98
2024-09-18 15:56:05.247000,415.6812410613309,98
2024-09-18 15:56:05.262000,415.73514798965306,996
2024-09-18 15:56:05.361000,415.6967474480933,97
2024-09-18 15:56:05.394000,415.693808977249,98
2024-09-18 15:56:05.595000,415.6772379399114,15
2024-09-18 15:56:05.700000,415.7125751474191,100
2024-09-18 15:56:05.765000,415.6979637453008,12
2024-09-18 15:56:05.782000,415.6979251716168,104
2024-09-18 15:56:05.915000,415.7069379241994,1001
2024-09-18 15:56:05.944000,415.7213224461482,97
2024-09-18 15:56:06.046000,415.6968644665897,104
2024-09-18 15:56:06.373000,415.7061613545053,6
2024-09-18 15:56:07.041000,415.7352516731394,995
2024-09-18 15:56:07.070000,415.696445707124,101
2024-09-18 15:56:07.111000,415.6605029064983,13
2024-09-18 15:56:07.111000,415.7103356204415,97
2024-09-18 15:56:07.149000,415.67841247089353,6
2024-09-18 15:56:07.214000,415.7228551886008,1003
2024-09-18 15:56:07.220000,415.7223348380739,1003
2024-09-18 15:56:07.273000,415.68611908025554,15
2024-09-18 15:56:07.283000,415.6673739700803,995
2024-09-18 15:56:07.356000,415.7393575013805,1000
2024-09-18 15:56:07.417000,415.7063020714984,11
2024-09-18 15:56:07.498000,415.6818447835555,997
2024-09-18 15:56:07.528000,415.7425904242243,998
2024-09-18 15:56:07.550000,415.70793346596287,6
2024-09-18 15:56:07.587000,415.6631368189943,1004
2024-09-18 15:56:07.588000,415.737483472259,6
2024-09-18 15:56:07.592000,415.665846084766,100
2024-09-18 15:56:07.600000,415.6707290261029,104
2024-09-18 15:56:07.609000,415.6839641625315,15
2024-09-18 15:56:07.609000,415.6532861617482,101
2024-09-18 15:56:07.658000,415.6810634431257,10
2024-09-18 15:56:07.661000,415.6659384998488,102
2024-09-18 15:56:07.683000,415.7114804661029,1004
2024-09-18 15:56:07.703000,415.6715642541716,5
2024-09-18 15:56:07.755000,415.6653938974498,11
2024-09-18 15:56:07.867000,415.711742741606,15
2024-09-18 15:56:07.932000,415.7016422285054,104
2024-09-18 15:56:07.940000,415.7177603683878,5
2024-09-18 15:56:07.947000,415.6688967138808,102
2024-09-18 15:56:08.070000,415.6773278103351,104
2024-09-18 15:56:08.108000,415.6617586551363,12
2024-09-18 15:56:08.121000,415.6782914501592,102
2024-09-18 15:56:08.135000,415.657140616904,95
2024-09-18 15:56:08.146000,415.6860291774432,1005
2024-09-18 15:56:08.292000,415.688016693994,11
2024-09-18 15:56:08.300000,415.6653219533893,1000
2024-09-18 15:56:08.369000,415.68154270045056,100
2024-09-18 15:56:08.406000,415.6846858648393,995
2024-09-18 15:56:08.459000,415.6833832168052,1005
2024-09-18 15:56:08.473000,415.67956901760687,5
2024-09-18 15:56:08.487000,415.696913180662,1001
2024-09-18 15:56:08.543000,415.6644820801666,1003
2024-09-18 15:56:08.564000,415.6960004890445,5
2024-09-18 15:56:08.578000,415.6724823482815,12
2024-09-18 15:56:08.579000,415.64780462845454,997
2024-09-18 15:56:08.643000,415.63791212332,1002
2024-09-18 15:56:08.646000,415.69494686592674,10
2024-09-18 15:56:08.650000,415.6961996070489,1002
2024-09-18 15:56:08.685000,415.68825681396345,998
2024-09-18 15:56:08.800000,415.6808887534279,95
2024-09-18 15:56:08.905000,415.6938567593244,101
2024-09-18 15:56:08.986000,415.7005055429411,96
2024-09-18 15:56:08.993000,415.6957472876512,999
2024-09-18 15:56:09.013000,415.63080966416766,14
2024-09-18 15:56:09.133000,415.6428604519073,9
2024-09-18 15:56:09.198000,415.6350929795812,13
2024-09-18 15:56:09.246000,415.6241624211755,105
2024-09-18 15:56:09.309000,415.5995995783316,5
2024-09-18 15:56:09.371000,415.6440568550231,100
2024-09-18 15:56:09.511000,415.6205565356488,1005
2024-09-18 15:56:09.650000,415.62132109293066,12
2024-09-18 15:56:09.834000,415.6289827205951,99
2024-09-18 15:56:09.986000,415.64281739075415,103
2024-09-18 15:56:09.996000,415.6206892289764,9
2024-09-18 15:56:10.007000,415.5968121869951,998
2024-09-18 15:56:10.088000,415.61680954569147,9
2024-09-18 15:56:10.142000,415.6063122501108,1001
2024-09-18 15:56:10.145000,415.6341784103965,997
2024-09-18 15:56:10.209000,415.6193327186463,15
2024-09-18 15:56:10.213000,415.60805355850135,95
2024-09-18 15:56:10.220000,415.6102110175924,1002
2024-09-18 15:56:10.239000,415.6111742783239,11
2024-09-18 15:56:10.281000,415.60823126096926,95
2024-09-18 15:56:10.448000,415.6249164936668,9
2024-09-18 15:56:10.466000,415.588431562134,98
2024-09-18 15:56:10.477000,415.5807247154064,14
2024-09-18 15:56:10.480000,415.6314116526957,1005
2024-09-18 15:56:10.485000,415.60618282682935,5
2024-09-18 15:56:10.516000,415.60179534021006,11
2024-09-18 15:56:10.521000,415.6035976591426,1003
2024-09-18 15:56:10.616000,415.6237446001072,11
2024-09-18 15:56:10.702000,415.57631240254807,13
2024-09-18 15:56:10.723000,415.5856006264137,11
2024-09-18 15:56:10.795000,415.62162782679326,11
2024-09-18 15:56:10.856000,415.59951886142704,101
2024-09-18 15:56:10.965000,415.5882825960999,999
2024-09-18 15:56:11.467000,415.5961906770516,998
2024-09-18 15:56:11.817000,412.1573107048919,998
2024-09-18 15:56:12.090000,415.61551356547,11
2024-09-18 15:56:12.141000,415.6215411641609,14
2024-09-18 15:56:12.189000,415.5888984191743,104
2024-09-18 15:56:12.202000,415.641999440855,100
2024-09-18 15:56:12.214000,415.64073475812256,1000
2024-09-18 15:56:12.224000,415.6544645268999,99
2024-09-18 15:56:12.249000,415.6187499452808,105
2024-09-18 15:56:12.301000,415.59952127218094,995
2024-09-18 15:56:12.365000,415.6157038458097,7
2024-09-18 15:56:12.485000,415.6232177068103,100
2024-09-18 15:56:12.625000,415.58880028291,6
2024-09-18 15:56:12.647000,415.6010306518008,8
2024-09-18 15:56:12.701000,415.6111559315973,8
2024-09-18 15:56:12.702000,415.5995630917101,103
2024-09-18 15:56:12.753000,415.6000684005486,999
2024-09-18 15:56:12.760000,415.65218047987287,103
2024-09-18 15:56:12.904000,415.59337794042057,995
2024-09-18 15:56:13.024000,415.6485460070776,1005
2024-09-18 15:56:13.029000,415.67522948833,10
2024-09-18 15:56:13.091000,415.6450993804327,102
2024-09-18 15:56:13.136000,415.6501792406053,14
2024-09-18 15:56:13.168000,415.6299512684319,5
2024-09-18 15:56:13.238000,415.6341988507143,1001
2024-09-18 15:56:13.240000,415.6506711212842,103
2024-09-18 15:56:13.269000,415.7046983205232,105
2024-09-18 15:56:13.274000,415.6894046258499,5
2024-09-18 15:56:13.284000,415.66773693010094,998
2024-09-18 15:56:13.350000,415.68124946178034,13
2024-09-18 15:56:13.512000,415.6469044065487,99
2024-09-18 15:56:13.665000,415.64473094181056,1004
2024-09-18 15:56:13.687000,415.6544559234008,102
2024-09-18 15:56:13.767000,415.6808773393266,1003
2024-09-18 15:56:13.773000,415.7025481125579,95
2024-09-18 15:56:13.832000,415.65139552796273,1004
2024-09-18 15:56:13.842000,415.6466538036564,1004
2024-09-18 15:56:13.857000,415.6644975090121,13
2024-09-18 15:56:13.879000,415.6584740094705,996
2024-09-18 15:56:13.905000,415.6799785690273,1000
2024-09-18 15:56:13.945000,415.6532778746165,995
2024-09-18 15:56:14.150000,415.7174462956322,11
2024-09-18 15:56:14.370000,415.7149585713015,998
2024-09-18 15:56:14.842000,415.6987090936879,103
2024-09-18 15:56:14.864000,415.7275234399264,105
2024-09-18 15:56:15.008000,415.7191205477678,998
2024-09-18 15:56:15.012000,415.7094010046628,11
2024-09-18 15:56:15.053000,415.7026570831426,995
2024-09-18 15:56:15.144000,415.7164846304865,998
2024-09-18 15:56:15.191000,415.6830415471903,1004
2024-09-18 15:56:15.301000,415.6752844810126,13
2024-09-18 15:56:15.341000,415.71098173778097,999
2024-09-18 15:56:15.561000,415.7183146464593,100
2024-09-18 15:56:15.798000,415.68586824509583,96
2024-09-18 15:56:15.925000,415.68746604477457,6
2024-09-18 15:56:16.004000,415.6873289617199,6
2024-09-18 15:56:16.092000,415.6991560565808,96
2024-09-18 15:56:16.236000,415.71246804579016,6
2024-09-18 15:56:16.246000,415.7221245815103,6
2024-09-18 15:56:16.296000,415.71224045953136,100
2024-09-18 15:56:16.326000,415.7326439331405,98
2024-09-18 15:56:16.458000,415.7056317165199,95
2024-09-18 15:56:16.469000,415.7660876761335,996
2024-09-18 15:56:16.532000,415.7437171556596,104
2024-09-18 15:56:16.606000,415.7536423702351,6
2024-09-18 15:56:16.709000,415.6912741304569,1003
2024-09-18 15:56:16.742000,415.717314242274,98
2024-09-18 15:56:16.787000,415.76889698649205,96
2024-09-18 15:56:16.795000,415.6872887629637,5
2024-09-18 15:56:16.916000,415.6932133736464,1003
2024-09-18 15:56:16.933000,415.72414723733147,9
2024-09-18 15:56:17.112000,415.7849437602063,997
2024-09-18 15:56:17.315000,412.00185857590753,9
2024-09-18 15:56:17.349000,415.7620813324284,6
2024-09-18 15:56:17.528000,415.7742690750916,102
2024-09-18 15:56:17.559000,415.78128208951887,104
2024-09-18 15:56:17.815000,415.7592657130703,97
2024-09-18 15:56:17.894000,412.0394993137429,1002
2024-09-18 15:56:17.924000,415.7589152423248,99
2024-09-18 15:56:17.993000,415.7627651530546,1003
2024-09-18 15:56:18.014000,415.8330887790878,6
2024-09-18 15:56:18.104000,415.8219922619928,10
2024-09-18 15:56:18.116000,415.8092743427388,104
2024-09-18 15:56:18.130000,415.84381265854006,7
2024-09-18 15:56:18.199000,415.8302450795362,7
2024-09-18 15:56:18.312000,415.8293214068996,102
2024-09-18 15:56:18.342000,415.8224151406772,102
2024-09-18 15:56:18.454000,415.8314299942038,999
2024-09-18 15:56:18.471000,415.7910865720429,7
2024-09-18 15:56:18.598000,415.8147792109229,999
2024-09-18 15:56:18.717000,415.8244892654309,95
2024-09-18 15:56:18.934000,415.840648992433,6
2024-09-18 15:56:19.050000,415.88290282771527,96
2024-09-18 15:56:19.205000,415.86361389148095,101
2024-09-18 15:56:19.297000,415.881387603384,101
2024-09-18 15:56:19.375000,415.85879130910456,996
2024-09-18 15:56:19.453000,415.8970907139129,104
2024-09-18 15:56:19.526000,415.8503861526208,995
2024-09-18 15:56:19.633000,415.8864156182049,1005
2024-09-18 15:56:19.790000,415.8824259143042,98
2024-09-18 15:56:20.166000,415.8842571570469,8
2024-09-18 15:56:21.052000,415.9552326207343,1003
2024-09-18 15:56:21.060000,415.9679415737037,8
2024-09-18 15:56:21.061000,415.9248819763727,6
2024-09-18 15:56:21.259000,415.9554693299727,97
2024-09-18 15:56:21.357000,415.9634147115523,99
2024-09-18 15:56:21.434000,415.9685343651472,15
2024-09-18 15:56:21.488000,415.8972377083192,7
2024-09-18 15:56:21.524000,415.902812272856,102
2024-09-18 15:56:21.528000,415.9046815978999,8
2024-09-18 15:56:21.774000,415.9175080470111,9
2024-09-18 15:56:21.795000,415.92605295507065,1003
2024-09-18 15:56:21.842000,415.8988130547687,95
2024-09-18 15:56:21.855000,415.9113094988803,1004
2024-09-18 15:56:21.868000,415.9153791834229,1005
2024-09-18 15:56:21.896000,415.9479632338617,1000
2024-09-18 15:56:21.915000,415.9264671202794,998
2024-09-18 15:56:22.144000,415.9744390862309,14
2024-09-18 15:56:22.203000,415.9608772594319,10
2024-09-18 15:56:22.232000,415.953235343428,1001
2024-09-18 15:56:22.257000,415.9790619357822,14
2024-09-18 15:56:22.351000,415.9710934610531,1003
2024-09-18 15:56:22.358000,415.9649688827533,100
2024-09-18 15:56:22.431000,415.9649753430979,11
2024-09-18 15:56:22.729000,415.9491285526652,14
2024-09-18 15:56:22.732000,415.94614630727074,12
2024-09-18 15:56:22.751000,415.9589724294783,10
2024-09-18 15:56:22.785000,415.968102402959,1002
2024-09-18 15:56:22.869000,415.9683470689877,1000
2024-09-18 15:56:22.883000,415.9622593592373,103
2024-09-18 15:56:22.996000,415.9520844226139,7
2024-09-18 15:56:23.021000,416.0250754589839,999
2024-09-18 15:56:23.026000,415.9601785306364,1004
2024-09-18 15:56:23.033000,416.0553721482834,98
2024-09-18 15:56:23.059000,416.033247053759,96
2024-09-18 15:56:23.180000,416.0263774681152,99
2024-09-18 15:56:23.188000,416.0611050308685,995
2024-09-18 15:56:23.242000,416.0116190837636,98
2024-09-18 15:56:23.277000,416.0326806717937,1002
2024-09-18 15:56:23.292000,416.0057390844455,5
2024-09-18 15:56:23.423000,415.95920071251294,10
2024-09-18 15:56:23.506000,415.9872243182041,13
2024-09-18 15:56:23.514000,415.9570709216197,97
2024-09-18 15:56:23.535000,415.9831266579412,99
2024-09-18 15:56:23.547000,416.0234826606928,1002
2024-09-18 15:56:23.668000,415.9664408269678,1001
2024-09-18 15:56:23.670000,416.0355164996075,103
2024-09-18 15:56:23.686000,416.02291748238,102
2024-09-18 15:56:23.726000,415.9740767076766,103
2024-09-18 15:56:23.796000,416.0655353266003,1005
2024-09-18 15:56:23.918000,415.955964260503,12
2024-09-18 15:56:23.930000,415.9549403089701,102
2024-09-18 15:56:23.991000,416.04052106136265,1005
2024-09-18 15:56:24.002000,416.0894609603185,100
2024-09-18 15:56:24.002000,416.08902794551074,98
2024-09-18 15:56:24.004000,416.07951085580174,998
2024-09-18 15:56:24.194000,416.0772104519805,1002
2024-09-18 15:56:24.276000,416.08335514171085,5
2024-09-18 15:56:24.350000,416.0625888165314,997
2024-09-18 15:56:24.367000,416.0580885308921,1005
2024-09-18 15:56:24.768000,416.0745029774845,105
2024-09-18 15:56:24.809000,416.06544140384096,99
2024-09-18 15:56:24.928000,416.08690300916646,995
2024-09-18 15:56:25.005000,416.0242317951706,10
2024-09-18 15:56:25.011000,416.0450187843032,1001
2024-09-18 15:56:25.062000,416.0713842618694,95
2024-09-18 15:56:25.072000,416.0004073945436,1001
2024-09-18 15:56:25.143000,416.0767670107277,5
2024-09-18 15:56:25.178000,415.9945282608613,96
2024-09-18 15:56:25.182000,416.0101059909948,101
2024-09-18 15:56:25.206000,416.03848809989984,6
2024-09-18 15:56:25.291000,416.08923323561777,12
2024-09-18 15:56:25.300000,416.040540932719,100
2024-09-18 15:56:25.429000,416.0320489650256,996
2024-09-18 15:56:25.431000,416.052277553804,105
2024-09-18 15:56:25.481000,415.9928594118948,10
2024-09-18 15:56:25.629000,416.085326552624,95
2024-09-18 15:56:25.680000,416.0758953753066,998
2024-09-18 15:56:25.694000,416.0848449540664,13
2024-09-18 15:56:25.766000,416.0629357944515,11
2024-09-18 15:56:25.828000,416.04798428097286,12
2024-09-18 15:56:25.828000,416.0635854240352,98
2024-09-18 15:56:25.847000,416.0526510315572,103
2024-09-18 15:56:25.895000,416.0045169843705,1001
2024-09-18 15:56:25.926000,416.0809681373619,1001
2024-09-18 15:56:25.932000,416.01416119957366,1002
2024-09-18 15:56:26.034000,415.9720152394709,8
2024-09-18 15:56:26.097000,415.9860566842829,13
2024-09-18 15:56:26.121000,415.9944032774255,1004
2024-09-18 15:56:26.139000,415.9885041504724,1002
2024-09-18 15:56:26.161000,415.9784461268924,12
2024-09-18 15:56:26.168000,416.02065318733736,15
2024-09-18 15:56:26.543000,416.0036656103501,996
2024-09-18 15:56:26.637000,415.98802075285136,1000
2024-09-18 15:56:26.649000,416.0401116605928,1000
2024-09-18 15:56:26.701000,415.9835387484987,96
2024-09-18 15:56:26.771000,415.96022351574,95
2024-09-18 15:56:26.789000,415.99476411807177,7
2024-09-18 15:56:26.802000,415.9478863277214,8
2024-09-18 15:56:26.828000,415.9787108603239,96
2024-09-18 15:56:27.018000,416.0224631755027,995
2024-09-18 15:56:27.157000,416.0101805717134,5
2024-09-18 15:56:27.163000,416.03129890087047,101
2024-09-18 15:56:27.215000,416.0051531476147,95
2024-09-18 15:56:27.224000,416.0539993884414,5
2024-09-18 15:56:27.245000,416.02953665825953,102
2024-09-18 15:56:27.249000,416.0294426550349,1003
2024-09-18 15:56:27.336000,416.0470402066845,12
2024-09-18 15:56:27.412000,416.0160076789102,98
2024-09-18 15:56:27.527000,416.0060031937703,995
2024-09-18 15:56:27.577000,416.0050582726573,14
2024-09-18 15:56:27.599000,416.0102791046086,1004
2024-09-18 15:56:27.604000,416.030241337,96
2024-09-18 15:56:27.715000,416.0221227990276,5
2024-09-18 15:56:27.746000,416.0279893352768,7
2024-09-18 15:56:27.802000,416.0255388305855,103
2024-09-18 15:56:27.805000,416.0165056224751,101
2024-09-18 15:56:27.806000,416.0169676717388,100
2024-09-18 15:56:27.952000,416.0498053381005,102
2024-09-18 15:56:27.956000,416.0424703108086,1004
2024-09-18 15:56:28.109000,416.0232857679584,10
2024-09-18 15:56:28.118000,416.04281979946745,99
2024-09-18 15:56:28.132000,416.0314464467027,95
2024-09-18 15:56:28.286000,416.02084933067,999
2024-09-18 15:56:28.368000,416.0415327136676,996
2024-09-18 15:56:28.406000,416.0163222827585,95
2024-09-18 15:56:28.447000,416.0492400414274,96
2024-09-18 15:56:28.468000,416.03043026956425,13
2024-09-18 15:56:28.472000,415.9998466028091,1003
2024-09-18 15:56:28.578000,416.0346222587152,1002
2024-09-18 15:56:28.581000,416.0222901789973,10
2024-09-18 15:56:28.601000,416.0446898116915,7
2024-09-18 15:56:28.634000,416.019969511556,105
2024-09-18 15:56:28.656000,416.02535249243766,1003
2024-09-18 15:56:28.931000,416.0272548425753,96
2024-09-18 15:56:28.994000,416.028132545296,15
2024-09-18 15:56:29.072000,416.0856244246619,14
2024-09-18 15:56:29.075000,416.0930593317975,1003
2024-09-18 15:56:29.082000,416.0829123250696,103
2024-09-18 15:56:29.092000,416.0891127573753,103
2024-09-18 15:56:29.115000,416.0786425001144,95
2024-09-18 15:56:29.130000,416.0778841826992,102
2024-09-18 15:56:29.383000,416.0738851491554,998
2024-09-18 15:56:29.499000,416.1128466808326,996
2024-09-18 15:56:29.744000,416.0643792108943,1002
2024-09-18 15:56:29.880000,416.0959522491826,999
2024-09-18 15:56:29.941000,416.0645875737039,103
2024-09-18 15:56:29.994000,416.05182268995713,995
2024-09-18 15:56:30.078000,416.125011140392,98
2024-09-18 15:56:30.117000,416.13506016391074,97
2024-09-18 15:56:30.127000,416.13086995230674,1003
2024-09-18 15:56:30.129000,416.14063075628144,15
2024-09-18 15:56:30.225000,416.1513904762002,1004
2024-09-18 15:56:30.235000,416.1426815818921,104
2024-09-18 15:56:30.242000,416.1437317174073,95
2024-09-18 15:56:30.263000,416.1199211061642,100
2024-09-18 15:56:30.433000,416.139041616593,96
2024-09-18 15:56:30.465000,416.1585588276792,1000
2024-09-18 15:56:30.466000,416.1518295517412,95
2024-09-18 15:56:30.468000,416.1443219324133,103
2024-09-18 15:56:30.486000,416.1545510029301,10
2024-09-18 15:56:30.584000,416.116888708351,103
2024-09-18 15:56:30.600000,416.1331035575213,96
2024-09-18 15:56:30.630000,416.1891198457964,104
2024-09-18 15:56:30.663000,416.1300584320617,10
2024-09-18 15:56:30.762000,416.1604109960699,998
2024-09-18 15:56:30.774000,416.1516869592625,95
2024-09-18 15:56:30.778000,416.1307907971819,95
2024-09-18 15:56:30.791000,416.1335861933573,12
2024-09-18 15:56:30.799000,416.1171280806408,1002
2024-09-18 15:56:30.827000,416.1563514775066,7
2024-09-18 15:56:30.985000,416.13705338476666,9
2024-09-18 15:56:31.018000,416.1886263178816,8
2024-09-18 15:56:31.026000,416.1831387527394,12
2024-09-18 15:56:31.109000,416.1603422634161,13
2024-09-18 15:56:31.183000,416.1876281588146,9
2024-09-18 15:56:31.299000,416.2175141364086,997
2024-09-18 15:56:31.373000,416.2173725479339,12
2024-09-18 15:56:31.374000,416.1654494710587,95
2024-09-18 15:56:31.412000,416.1729319893274,100
2024-09-18 15:56:31.437000,416.19151988443406,8
2024-09-18 15:56:31.470000,416.1884729155565,6
2024-09-18 15:56:31.488000,416.217252145612,14
2024-09-18 15:56:31.541000,416.1810512298943,8
2024-09-18 15:56:31.601000,416.23153049078695,102
2024-09-18 15:56:31.641000,416.1783747640002,12
2024-09-18 15:56:31.824000,416.1893607032591,996
2024-09-18 15:56:31.855000,416.1802195046723,995
2024-09-18 15:56:31.930000,416.211916415258,996
2024-09-18 15:56:31.948000,416.17437762405984,997
2024-09-18 15:56:31.950000,416.18462668213976,995
2024-09-18 15:56:32.003000,416.2363896275715,1001
2024-09-18 15:56:32.008000,416.2915125755934,11
2024-09-18 15:56:32.018000,416.2330627840186,1004
2024-09-18 15:56:32.137000,416.2694783629779,10
2024-09-18 15:56:32.284000,416.2647461864991,11
2024-09-18 15:56:32.359000,416.2924823784526,8
2024-09-18 15:56:32.417000,416.22485259178313,103
2024-09-18 15:56:32.524000,416.2529675238521,11
2024-09-18 15:56:32.537000,416.2643544727242,95
2024-09-18 15:56:32.661000,416.300975252086,95
2024-09-18 15:56:32.849000,416.29708049242265,9
2024-09-18 15:56:32.862000,416.300890703305,13
2024-09-18 15:56:32.896000,416.22684636813375,7
2024-09-18 15:56:32.927000,416.2344546197616,1005
2024-09-18 15:56:32.988000,416.2373513579733,104
2024-09-18 15:56:33.010000,416.27240853490576,103
2024-09-18 15:56:33.067000,416.263339795786,997
2024-09-18 15:56:33.136000,416.2724007300556,103
2024-09-18 15:56:33.263000,416.276328983813,1000
2024-09-18 15:56:33.300000,416.2690237645911,1005
2024-09-18 15:56:33.315000,416.2742567503518,102
2024-09-18 15:56:33.367000,416.2658418807828,5
2024-09-18 15:56:33.422000,416.26001486222174,999
2024-09-18 15:56:33.470000,416.26128774352696,98
2024-09-18 15:56:33.552000,416.2779974085847,996
2024-09-18 15:56:33.703000,416.2842831659205,1005
2024-09-18 15:56:33.753000,416.2866357614942,1005
2024-09-18 15:56:34.048000,416.2558219578424,1005
2024-09-18 15:56:34.064000,416.2619985209225,1004
2024-09-18 15:56:34.072000,416.2480837837063,997
2024-09-18 15:56:34.082000,416.2585830120059,997
2024-09-18 15:56:34.095000,416.2161029210888,96
2024-09-18 15:56:34.115000,416.2762159181038,101
2024-09-18 15:56:34.152000,416.2732574694526,99
2024-09-18 15:56:34.212000,416.2979926881081,7
2024-09-18 15:56:34.226000,416.27127613912165,103
2024-09-18 15:56:34.267000,416.30016642411,1002
2024-09-18 15:56:34.271000,416.2846038908297,102
2024-09-18 15:56:34.410000,416.2654888542026,995
2024-09-18 15:56:34.415000,416.2993054634983,95
2024-09-18 15:56:34.556000,416.2283446168661,995
2024-09-18 15:56:34.773000,416.2499883122448,9
2024-09-18 15:56:34.802000,416.2325364466096,95
2024-09-18 15:56:34.847000,416.2631482671608,995
2024-09-18 15:56:34.847000,416.269435648428,1002
2024-09-18 15:56:34.938000,416.2399870236136,14
2024-09-18 15:56:34.948000,416.2714691702094,1005
2024-09-18 15:56:34.967000,416.2516233771919,1004
2024-09-18 15:56:34.983000,416.2848768241162,995
2024-09-18 15:56:35.024000,416.2555622541447,1003
2024-09-18 15:56:35.180000,416.332172204994,97
2024-09-18 15:56:35.188000,416.28093692880094,8
2024-09-18 15:56:35.266000,416.301343981762,102
2024-09-18 15:56:35.271000,416.3071166826594,100
2024-09-18 15:56:35.396000,416.27634240025935,99
2024-09-18 15:56:35.477000,416.3120807441682,1004
2024-09-18 15:56:35.618000,416.28078323778345,999
2024-09-18 15:56:35.675000,416.2713738374919,102
2024-09-18 15:56:35.688000,416.2685744728561,995
2024-09-18 15:56:35.722000,416.3012527579368,104
2024-09-18 15:56:35.820000,416.27619122420265,1002
2024-09-18 15:56:35.851000,416.2959681819833,1002
2024-09-18 15:56:35.865000,416.2448200245329,100
2024-09-18 15:56:36.146000,416.320220712134,97
2024-09-18 15:56:37.008000,416.2918086475315,999
2024-09-18 15:56:37.020000,416.2996540908103,97
2024-09-18 15:56:37.025000,416.35080473003575,99
2024-09-18 15:56:37.069000,416.3423735483525,12
2024-09-18 15:56:37.092000,416.34172179633873,97
2024-09-18 15:56:37.093000,416.2696353702859,103
2024-09-18 15:56:37.182000,416.3619052884818,102
2024-09-18 15:56:37.246000,416.3313748451594,998
2024-09-18 15:56:37.266000,416.342067527741,14
2024-09-18 15:56:37.295000,416.3103704845282,14
2024-09-18 15:56:37.378000,416.3276525399835,103
2024-09-18 15:56:37.530000,416.3057200566028,1002
2024-09-18 15:56:37.603000,416.3071519959449,996
2024-09-18 15:56:37.651000,416.3177229306113,5
2024-09-18 15:56:37.660000,416.31991634262585,1002
2024-09-18 15:56:37.669000,416.3027244298092,5
2024-09-18 15:56:37.673000,416.3173689788678,15
2024-09-18 15:56:37.752000,416.3454482076667,101
2024-09-18 15:56:37.763000,416.333603806612,102
2024-09-18 15:56:37.793000,412.0575595589883,7
2024-09-18 15:56:37.818000,416.2876984325425,1004
2024-09-18 15:56:37.884000,416.3350475804568,102
2024-09-18 15:56:37.884000,416.31293290211096,14
2024-09-18 15:56:37.931000,416.2965506441652,5
2024-09-18 15:56:37.958000,416.3043282479814,1005
2024-09-18 15:56:38.299000,416.3477652952181,6
2024-09-18 15:56:38.841000,411.9460230062953,12
2024-09-18 15:56:39.031000,416.4179077852267,96
2024-09-18 15:56:39.121000,416.3773585479598,11
2024-09-18 15:56:39.182000,416.394686031788,1005
2024-09-18 15:56:39.270000,416.4369504106635,998
2024-09-18 15:56:39.315000,416.36544848776776,102
2024-09-18 15:56:39.343000,416.4027413281231,95
2024-09-18 15:56:39.357000,416.35391508724257,103
2024-09-18 15:56:39.449000,416.363930853556,12
2024-09-18 15:56:39.463000,416.44105741156375,96
2024-09-18 15:56:39.481000,416.3738750925259,96
2024-09-18 15:56:39.490000,416.4142419675261,1003
2024-09-18 15:56:39.551000,416.3697208796917,9
2024-09-18 15:56:39.640000,416.367735577379,96
2024-09-18 15:56:39.716000,416.37098757217416,10
2024-09-18 15:56:39.988000,416.4175634048288,1002
2024-09-18 15:56:40.016000,416.3639625499074,1005
2024-09-18 15:56:40.020000,416.4127485426706,96
2024-09-18 15:56:40.111000,416.3688686443468,9
2024-09-18 15:56:40.118000,416.39289213829176,12
2024-09-18 15:56:40.139000,416.41136488743433,1001
2024-09-18 15:56:40.178000,416.4397240131864,997
2024-09-18 15:56:40.242000,416.3550977399987,96
2024-09-18 15:56:40.260000,416.4204925560251,101
2024-09-18 15:56:40.289000,416.35926418727007,5
2024-09-18 15:56:40.356000,416.4129424040138,996
2024-09-18 15:56:40.412000,416.3741105118988,100
2024-09-18 15:56:40.470000,416.3782379423905,100
2024-09-18 15:56:40.476000,416.3394464719245,96
2024-09-18 15:56:40.592000,416.4439366165012,9
2024-09-18 15:56:40.612000,416.37322015693,98
2024-09-18 15:56:40.655000,416.4032273714632,95
2024-09-18 15:56:40.659000,416.346215270033,1005
2024-09-18 15:56:40.677000,416.3826793169448,1000
2024-09-18 15:56:40.763000,416.4264359497576,996
2024-09-18 15:56:40.777000,416.3932541182589,1005
2024-09-18 15:56:40.905000,416.4124181705449,105
2024-09-18 15:56:40.919000,416.3979955725993,7
2024-09-18 15:56:40.977000,416.3634463968124,13
2024-09-18 15:56:40.980000,416.3875123963456,1004
2024-09-18 15:56:40.997000,416.3617801510449,1002
2024-09-18 15:56:41.053000,416.37983848610486,5
2024-09-18 15:56:41.085000,416.4215315879593,8
2024-09-18 15:56:41.124000,416.3932827502397,9
2024-09-18 15:56:41.211000,416.3765253961852,1003
2024-09-18 15:56:41.231000,416.3945796280075,5
2024-09-18 15:56:41.250000,416.3873248858305,1004
2024-09-18 15:56:41.275000,416.3869329332091,1001
2024-09-18 15:56:41.371000,416.4035009292984,105
2024-09-18 15:56:41.391000,416.3671487605934,995
2024-09-18 15:56:41.395000,416.4029654289392,995
2024-09-18 15:56:41.446000,416.3981880847891,96
2024-09-18 15:56:41.472000,416.4009580107328,9
2024-09-18 15:56:41.491000,416.4132999716687,995
2024-09-18 15:56:41.499000,416.3658216808904,1003
2024-09-18 15:56:41.642000,416.4117764032588,104
2024-09-18 15:56:41.694000,416.3628620844668,104
2024-09-18 15:56:41.807000,416.3906125941616,6
2024-09-18 15:56:41.820000,416.3939240560996,96
2024-09-18 15:56:41.873000,416.36662667820553,7
2024-09-18 15:56:41.890000,416.3709821289296,103
2024-09-18 15:56:42.002000,416.4054306263031,12
2024-09-18 15:56:42.013000,416.421775833046,102
2024-09-18 15:56:42.055000,416.42870746539967,1005
2024-09-18 15:56:42.083000,416.3817217006367,9
2024-09-18 15:56:42.134000,416.4428847760056,1002
2024-09-18 15:56:42.236000,416.3761218485994,997
2024-09-18 15:56:42.273000,416.3755776305298,10
2024-09-18 15:56:42.279000,416.4003166091534,105
2024-09-18 15:56:42.291000,416.3740837636415,1001
2024-09-18 15:56:42.305000,416.4187365709317,999
2024-09-18 15:56:42.374000,416.4362604013617,97
2024-09-18 15:56:42.587000,416.35668065237024,103
2024-09-18 15:56:42.631000,416.5119009805779,15
2024-09-18 15:56:42.647000,416.476839813302,96
2024-09-18 15:56:42.669000,416.38735195413193,999
2024-09-18 15:56:42.670000,416.44853933729246,998
2024-09-18 15:56:42.681000,416.3984517457515,13
2024-09-18 15:56:42.697000,416.39682274324514,98
2024-09-18 15:56:42.741000,411.9383442851839,997
2024-09-18 15:56:42.764000,416.3902575775845,104
2024-09-18 15:56:42.827000,416.4079128329557,1004
2024-09-18 15:56:42.858000,416.3913229106387,105
2024-09-18 15:56:42.894000,416.4047091510575,96
2024-09-18 15:56:42.905000,416.4028585782906,996
2024-09-18 15:56:42.916000,416.5124575969368,7
2024-09-18 15:56:42.944000,416.4042319711636,7
2024-09-18 15:56:42.948000,416.4953650653971,1005
2024-09-18 15:56:43.171000,416.49424062991926,999
2024-09-18 15:56:43.265000,416.5044193510185,1002
2024-09-18 15:56:43.328000,416.5353795632703,97
2024-09-18 15:56:43.333000,416.5496101992598,5
2024-09-18 15:56:43.374000,416.538159634422,97
2024-09-18 15:56:43.412000,416.5127341133596,103
2024-09-18 15:56:43.438000,416.4929177828093,5
2024-09-18 15:56:43.473000,416.5218156450848,998
2024-09-18 15:56:43.531000,416.546072552722,7
2024-09-18 15:56:43.656000,416.5475003896566,101
2024-09-18 15:56:43.668000,416.5378530304409,95
2024-09-18 15:56:43.699000,416.5462708295888,101
2024-09-18 15:56:43.784000,416.55141106423855,11
2024-09-18 15:56:43.808000,416.53396551906064,97
2024-09-18 15:56:43.887000,416.55346833980906,1003
2024-09-18 15:56:43.923000,416.5345064984206,101
2024-09-18 15:56:43.942000,416.52407533092577,1004
2024-09-18 15:56:43.980000,416.5461674456008,1005
2024-09-18 15:56:43.984000,416.54913135449976,1000
2024-09-18 15:56:44.055000,416.5200984088431,97
2024-09-18 15:56:44.060000,416.5082564196731,998
2024-09-18 15:56:44.127000,416.4937434506124,995
2024-09-18 15:56:44.221000,416.4708459461327,14
2024-09-18 15:56:44.235000,416.51597352956384,1004
2024-09-18 15:56:44.343000,416.4980577244498,95
2024-09-18 15:56:44.572000,416.5051299212631,12
2024-09-18 15:56:44.612000,416.4874292775984,10
2024-09-18 15:56:44.648000,416.52996820505416,10
2024-09-18 15:56:44.672000,416.53463538086623,99
2024-09-18 15:56:44.681000,416.5137667066689,99
2024-09-18 15:56:44.720000,416.5252753400404,997
2024-09-18 15:56:44.725000,416.5122763656908,7
2024-09-18 15:56:44.784000,416.4808940677297,105
2024-09-18 15:56:44.820000,416.5151117884647,12
2024-09-18 15:56:44.846000,416.50784082666,10
2024-09-18 15:56:44.894000,416.4877208442689,10
2024-09-18 15:56:44.958000,416.5039815251562,101
2024-09-18 15:56:45.007000,416.4995448249176,99
2024-09-18 15:56:45.039000,416.50278177512416,98
2024-09-18 15:56:45.135000,416.4928039596071,95
2024-09-18 15:56:45.149000,416.4987469818701,8
2024-09-18 15:56:45.227000,416.499902584689,1004
2024-09-18 15:56:45.262000,416.4954297468098,97
2024-09-18 15:56:45.334000,416.4692433210774,100
2024-09-18 15:56:45.370000,416.4792333024273,1004
2024-09-18 15:56:45.459000,416.48319339343584,98
2024-09-18 15:56:45.505000,416.5215051309568,998
2024-09-18 15:56:45.520000,416.5078717683269,96
2024-09-18 15:56:45.588000,416.5000110817143,998
2024-09-18 15:56:45.591000,416.48196815904464,104
2024-09-18 15:56:45.602000,416.5101756176141,103
2024-09-18 15:56:45.607000,416.4965647982741,100
2024-09-18 15:56:45.612000,416.497797311707,100
2024-09-18 15:56:45.667000,416.492102700116,999
2024-09-18 15:56:45.677000,416.4946099135639,104
2024-09-18 15:56:45.706000,416.4735902075179,11
2024-09-18 15:56:45.779000,416.4970085686196,98
2024-09-18 15:56:45.901000,416.4925940289916,14
2024-09-18 15:56:45.932000,416.4937295227995,1004
2024-09-18 15:56:45.939000,416.50729310596,996
2024-09-18 15:56:45.961000,416.485877395067,998
2024-09-18 15:56:45.981000,416.4840945139799,7
2024-09-18 15:56:45.994000,416.4972742431143,12
2024-09-18 15:56:46.010000,416.4911440272828,7
2024-09-18 15:56:46.113000,416.52292499636616,99
2024-09-18 15:56:46.119000,416.4688910651533,102
2024-09-18 15:56:46.148000,416.4843352109805,1004
2024-09-18 15:56:46.172000,416.52713897650335,105
2024-09-18 15:56:46.207000,416.4803390240496,9
2024-09-18 15:56:46.271000,416.4866004094259,997
2024-09-18 15:56:46.299000,416.4827396042448,102
2024-09-18 15:56:46.332000,416.4758032858424,10
2024-09-18 15:56:46.429000,416.5045533711231,15
2024-09-18 15:56:46.465000,416.47422938494304,96
2024-09-18 15:56:46.527000,416.4764205621185,9
2024-09-18 15:56:46.590000,416.5269451256508,95
2024-09-18 15:56:46.671000,416.4996063236488,100
2024-09-18 15:56:46.924000,416.4915519584294,998
2024-09-18 15:56:46.997000,416.4831506993513,98
2024-09-18 15:56:47.003000,416.4103256208021,105
2024-09-18 15:56:47.047000,416.4304427798392,100
2024-09-18 15:56:47.139000,416.45185709013447,12
2024-09-18 15:56:47.162000,416.4147847498367,101
2024-09-18 15:56:47.176000,416.45358976874354,101
2024-09-18 15:56:47.209000,416.40971747177343,1004
2024-09-18 15:56:47.212000,416.4755090184714,8
2024-09-18 15:56:47.251000,416.4236418667009,7
2024-09-18 15:56:47.448000,416.4402674438753,95
2024-09-18 15:56:47.500000,416.49782108590574,104
2024-09-18 15:56:47.514000,416.4461994533677,11
2024-09-18 15:56:47.539000,416.3991655569749,15
2024-09-18 15:56:47.564000,416.4313351425282,15
2024-09-18 15:56:47.704000,416.4165197243048,96
2024-09-18 15:56:47.735000,416.4596857110924,1000
2024-09-18 15:56:47.745000,416.4406019247653,14
2024-09-18 15:56:47.757000,416.4323933736238,15
2024-09-18 15:56:47.775000,416.52503675243713,7
2024-09-18 15:56:47.790000,416.45127914906334,9
2024-09-18 15:56:47.824000,416.4681483325527,96
2024-09-18 15:56:47.837000,416.4253040217527,13
2024-09-18 15:56:47.849000,416.4386600483201,12
2024-09-18 15:56:47.851000,416.4067667490287,14
2024-09-18 15:56:47.857000,416.43594267291,102
2024-09-18 15:56:47.935000,416.4231517386465,100
2024-09-18 15:56:47.937000,416.4455875659892,98
2024-09-18 15:56:47.972000,416.4345334117164,6
2024-09-18 15:56:47.996000,416.4447833271232,96
2024-09-18 15:56:48.046000,416.4467529541869,99
2024-09-18 15:56:48.284000,416.4600672227852,5
2024-09-18 15:56:48.429000,416.4834168493432,98
2024-09-18 15:56:48.531000,416.4780156456615,96
2024-09-18 15:56:48.653000,416.48002827729096,996
2024-09-18 15:56:48.830000,416.45051295760896,9
2024-09-18 15:56:48.905000,416.4738556959367,101
2024-09-18 15:56:48.989000,416.4526601380284,8
2024-09-18 15:56:49.071000,416.4656746492988,7
2024-09-18 15:56:49.150000,416.4792984671312,996
2024-09-18 15:56:49.162000,416.48816705592816,995
2024-09-18 15:56:49.523000,416.50933748547874,998
2024-09-18 15:56:49.574000,416.46811251402414,7
2024-09-18 15:56:49.588000,416.5060330929744,99
2024-09-18 15:56:49.641000,416.46813664399184,1003
2024-09-18 15:56:49.763000,416.48235508830754,105
2024-09-18 15:56:49.834000,416.46243137818914,1000
2024-09-18 15:56:49.876000,416.4893288008777,97
2024-09-18 15:56:50.010000,416.5277110161605,11
2024-09-18 15:56:50.032000,416.53813524266815,6
2024-09-18 15:56:50.048000,416.5242149467697,100
2024-09-18 15:56:50.077000,416.53038111638153,1000
2024-09-18 15:56:50.137000,416.5954471286636,95
2024-09-18 15:56:50.218000,416.5730635827845,1005
2024-09-18 15:56:50.257000,416.5537270981754,6
2024-09-18 15:56:50.259000,416.5460762962149,6
2024-09-18 15:56:50.337000,416.56746775213617,998
2024-09-18 15:56:50.387000,416.59419695915767,5
2024-09-18 15:56:50.418000,416.5820177721534,9
2024-09-18 15:56:50.491000,416.5381884837667,10
2024-09-18 15:56:50.500000,416.5865343624909,998
2024-09-18 15:56:50.506000,416.5859046380356,6
2024-09-18 15:56:50.556000,416.51822423321954,10
2024-09-18 15:56:50.563000,416.5054463773048,1002
2024-09-18 15:56:50.575000,416.5040361180353,103
2024-09-18 15:56:50.589000,416.5256207671732,1003
2024-09-18 15:56:50.635000,416.52040242790713,99
2024-09-18 15:56:50.648000,416.578258526349,96
2024-09-18 15:56:50.721000,416.5943798883218,15
2024-09-18 15:56:50.862000,416.51018175080833,1004
2024-09-18 15:56:50.921000,416.53442232817815,98
2024-09-18 15:56:50.937000,416.5346893272907,1005
2024-09-18 15:56:50.945000,416.5856977972902,15
2024-09-18 15:56:51.203000,416.58020840326526,1005
2024-09-18 15:56:51.260000,412.0020976250241,9
2024-09-18 15:56:51.900000,416.5752879647741,997
2024-09-18 15:56:52.080000,416.5697209065879,999
2024-09-18 15:56:52.101000,416.5946008776558,997
2024-09-18 15:56:52.115000,416.6028858463798,11
2024-09-18 15:56:52.137000,416.6184654853196,998
2024-09-18 15:56:52.159000,416.57945167850136,1005
2024-09-18 15:56:52.190000,416.6001907840259,10
2024-09-18 15:56:52.195000,416.5875864577182,103
2024-09-18 15:56:52.214000,416.59062659235,96
2024-09-18 15:56:52.228000,416.591164191164,97
2024-09-18 15:56:52.397000,416.595387285445,997
2024-09-18 15:56:52.470000,416.5878243195514,103
2024-09-18 15:56:52.478000,416.62128524574575,104
2024-09-18 15:56:52.507000,416.6083503918461,103
2024-09-18 15:56:52.519000,416.57518133975134,5
2024-09-18 15:56:52.625000,416.5725506115058,12
2024-09-18 15:56:52.633000,416.58070696183546,96
2024-09-18 15:56:52.645000,416.5829314010387,95
2024-09-18 15:56:52.672000,416.58133565990863,102
2024-09-18 15:56:52.685000,416.6139266969461,99
2024-09-18 15:56:52.704000,416.6061541959222,1005
2024-09-18 15:56:52.764000,416.5723898907111,102
2024-09-18 15:56:52.779000,416.5842305871743,99
2024-09-18 15:56:52.811000,416.5795191130122,98
2024-09-18 15:56:52.835000,416.5889925187834,1001
2024-09-18 15:56:52.899000,416.5970703315765,101
2024-09-18 15:56:52.900000,411.9995459528926,1002
2024-09-18 15:56:52.943000,416.58826065636777,12
2024-09-18 15:56:52.994000,416.5921667524611,102
2024-09-18 15:56:53.129000,412.02128133899726,12
2024-09-18 15:56:53.139000,416.5467881191415,999
2024-09-18 15:56:53.306000,416.5484927301041,102
2024-09-18 15:56:53.693000,416.5402743909801,104
2024-09-18 15:56:53.826000,416.552667794563,13
2024-09-18 15:56:53.969000,416.5554636995576,9
2024-09-18 15:56:54.100000,416.54964765665153,96
2024-09-18 15:56:54.103000,416.541280309741,5
2024-09-18 15:56:54.119000,416.53040687296726,7
2024-09-18 15:56:54.145000,416.54788690756754,5
2024-09-18 15:56:54.249000,416.54392662585343,14
2024-09-18 15:56:54.282000,416.5595429694696,999
2024-09-18 15:56:54.377000,416.570862981472,5
2024-09-18 15:56:54.476000,416.5389059282992,995
2024-09-18 15:56:54.491000,416.5535158321909,1004
2024-09-18 15:56:54.514000,416.54302465740375,11
2024-09-18 15:56:54.532000,416.5601317034042,999
2024-09-18 15:56:54.598000,416.5578208997285,995
2024-09-18 15:56:54.665000,416.53808341295183,1001
2024-09-18 15:56:54.694000,416.5278204592477,995
2024-09-18 15:56:54.717000,416.5557970441966,999
2024-09-18 15:56:54.901000,416.5470021844151,6
2024-09-18 15:56:54.913000,416.5608958968147,995
2024-09-18 15:56:54.922000,416.5471828698568,13
2024-09-18 15:56:54.935000,416.5574345367258,997
2024-09-18 15:56:55.345000,416.5180986220361,100
2024-09-18 15:56:55.619000,416.5320665009017,999
2024-09-18 15:56:55.811000,416.5131080226133,99
2024-09-18 15:56:55.823000,416.5278726553663,102
2024-09-18 15:56:56.012000,416.4448041806805,997
2024-09-18 15:56:56.057000,416.4444788748621,1004
2024-09-18 15:56:56.152000,416.4431919895202,996
2024-09-18 15:56:56.160000,416.430693412585,100
2024-09-18 15:56:56.161000,416.4799945410685,1004
2024-09-18 15:56:56.163000,416.4217392133643,5
2024-09-18 15:56:56.183000,416.5174102919408,98
2024-09-18 15:56:56.205000,416.4336670789204,98
2024-09-18 15:56:56.301000,416.5015944462234,98
2024-09-18 15:56:56.349000,416.4329110971414,995
2024-09-18 15:56:56.355000,416.5354983730328,7
2024-09-18 15:56:56.355000,416.5384058753488,1000
2024-09-18 15:56:56.446000,416.5097960955134,9
2024-09-18 15:56:56.597000,416.4197296525649,1001
2024-09-18 15:56:56.604000,416.4605633884892,97
2024-09-18 15:56:56.653000,416.5313892327972,6
2024-09-18 15:56:56.668000,416.5100230607977,97
2024-09-18 15:56:56.708000,416.4888666681576,15
2024-09-18 15:56:56.739000,416.516517415031,95
2024-09-18 15:56:56.773000,416.4956663160796,1003
2024-09-18 15:56:56.804000,416.4294517021476,102
2024-09-18 15:56:56.808000,416.46477041962754,1003
2024-09-18 15:56:56.826000,416.5337933179035,997
2024-09-18 15:56:56.911000,416.4827061153017,10
2024-09-18 15:56:56.935000,416.4347339510422,1003
2024-09-18 15:56:56.954000,416.47887381917417,15
2024-09-18 15:56:57.105000,416.5240046122352,96
2024-09-18 15:56:57.177000,416.47517955714153,15
2024-09-18 15:56:57.182000,416.45700712867966,996
2024-09-18 15:56:57.233000,416.4910070638329,997
2024-09-18 15:56:57.247000,416.4971422043241,104
2024-09-18 15:56:57.295000,416.464076397993,14
2024-09-18 15:56:57.300000,416.5216927220133,14
2024-09-18 15:56:57.329000,416.50369720085206,999
2024-09-18 15:56:57.338000,416.5022074946031,999
2024-09-18 15:56:57.368000,416.5202447838562,96
2024-09-18 15:56:57.508000,416.4837849126997,9
2024-09-18 15:56:57.599000,416.5024063233229,12
2024-09-18 15:56:57.643000,416.4446932426737,97
2024-09-18 15:56:57.672000,416.5290646820729,1003
2024-09-18 15:56:57.702000,416.46928283679256,14
2024-09-18 15:56:57.810000,416.4519866726517,1000
2024-09-18 15:56:57.877000,416.482616728844,95
2024-09-18 15:56:57.885000,416.4603302068588,1003
2024-09-18 15:56:57.890000,416.4406898706205,95
2024-09-18 15:56:57.902000,416.548378264333,1000
2024-09-18 15:56:57.977000,416.4964976782172,1001
2024-09-18 15:56:57.998000,416.49076497865593,101
2024-09-18 15:56:58.079000,416.4965601261647,102
2024-09-18 15:56:58.097000,416.4843684336486,1001
2024-09-18 15:56:58.198000,416.4947555232366,995
2024-09-18 15:56:58.214000,416.4996513534284,12
2024-09-18 15:56:58.217000,416.48612067387086,97
2024-09-18 15:56:58.244000,416.5077108202576,996
2024-09-18 15:56:58.303000,416.5083572273306,13
2024-09-18 15:56:58.407000,416.4953141479929,100
2024-09-18 15:56:58.423000,416.48192840993886,995
2024-09-18 15:56:58.530000,416.5106154200273,1000
2024-09-18 15:56:58.587000,416.50541813656434,997
2024-09-18 15:56:58.598000,416.5065732817841,1005
2024-09-18 15:56:58.601000,416.5073867693207,9
2024-09-18 15:56:58.625000,416.5021133325004,10
2024-09-18 15:56:58.655000,416.5124961190056,996
2024-09-18 15:56:58.719000,416.525977687084,12
2024-09-18 15:56:58.820000,416.48025536366697,99
2024-09-18 15:56:58.869000,416.4995615070517,101
2024-09-18 15:56:58.895000,416.4912453173095,9
2024-09-18 15:56:58.920000,416.48768427110383,8
2024-09-18 15:56:59.056000,416.5290499960778,998
2024-09-18 15:56:59.087000,416.46398397972985,995
2024-09-18 15:56:59.101000,416.4830004188413,13
2024-09-18 15:56:59.183000,416.47512897452856,104
2024-09-18 15:56:59.188000,416.484330514825,103
2024-09-18 15:56:59.190000,416.5215790967726,101
2024-09-18 15:56:59.223000,416.49230739067656,101
2024-09-18 15:56:59.245000,416.4884926089904,96
2024-09-18 15:56:59.316000,416.5051151747126,9
2024-09-18 15:56:59.336000,416.5016557373716,96
2024-09-18 15:56:59.348000,416.4903596970436,1004
2024-09-18 15:56:59.552000,416.4750090527171,105
2024-09-18 15:56:59.634000,416.4837102261105,998
2024-09-18 15:56:59.637000,416.5311812480254,98
2024-09-18 15:56:59.802000,416.5133089437928,102
2024-09-18 15:56:59.830000,416.4517849825159,995
2024-09-18 15:56:59.845000,416.4892327551908,6
2024-09-18 15:56:59.859000,416.4683833719092,10
2024-09-18 15:56:59.859000,416.4827564933365,1000
2024-09-18 15:56:59.881000,416.5221002998507,95
2024-09-18 15:56:59.884000,416.46799767551664,99
2024-09-18 15:56:59.888000,416.4690915760974,997
2024-09-18 15:56:59.900000,416.4860520284015,9
2024-09-18 15:56:59.914000,416.4784748355486,998
2024-09-18 15:56:59.977000,416.5010195665385,12
