Timestamp,Price,Size
2024-09-18 10:07:00.087000,408.2995063791526,1003
2024-09-18 10:07:00.115000,408.32498853734376,97
2024-09-18 10:07:00.448000,408.28100107655183,98
2024-09-18 10:07:00.451000,408.3271145747755,97
2024-09-18 10:07:00.715000,408.3166451102292,1003
2024-09-18 10:07:00.786000,408.3162255308812,97
2024-09-18 10:07:00.789000,408.2676325059632,15
2024-09-18 10:07:00.790000,408.3116295008169,9
2024-09-18 10:07:00.903000,408.2703073839135,13
2024-09-18 10:07:00.904000,408.3073977429265,1000
2024-09-18 10:07:00.951000,408.2931811931688,10
2024-09-18 10:07:02.025000,408.4112116842264,9
2024-09-18 10:07:02.073000,408.3252257825231,103
2024-09-18 10:07:02.097000,408.3984160974127,98
2024-09-18 10:07:02.104000,408.3286567591803,1003
2024-09-18 10:07:02.140000,408.4137725704091,15
2024-09-18 10:07:02.178000,408.3742357638424,105
2024-09-18 10:07:02.193000,408.4000836173432,995
2024-09-18 10:07:02.212000,408.415265468025,1005
2024-09-18 10:07:02.311000,408.3071857621484,10
2024-09-18 10:07:02.315000,408.37353254958543,14
2024-09-18 10:07:02.334000,408.37024352498,98
2024-09-18 10:07:02.369000,408.3989208915678,102
2024-09-18 10:07:02.422000,408.32835818409495,97
2024-09-18 10:07:02.716000,408.43655465710606,1001
2024-09-18 10:07:02.729000,408.39877307092735,10
2024-09-18 10:07:02.781000,408.38595300854007,5
2024-09-18 10:07:02.791000,408.4022902380615,9
2024-09-18 10:07:02.793000,408.34231581424217,998
2024-09-18 10:07:02.828000,408.3916096433704,998
2024-09-18 10:07:02.840000,408.4172416258172,103
2024-09-18 10:07:02.936000,408.4105761948208,98
2024-09-18 10:07:03.076000,408.3716397121204,1000
2024-09-18 10:07:03.101000,408.422903293993,100
2024-09-18 10:07:03.159000,408.36574654975095,103
2024-09-18 10:07:03.160000,408.3983324707139,6
2024-09-18 10:07:03.175000,408.4295050236852,97
2024-09-18 10:07:03.237000,408.4324900916743,1002
2024-09-18 10:07:03.284000,408.43098988802006,1000
2024-09-18 10:07:03.382000,408.4285562371276,995
2024-09-18 10:07:03.428000,408.4239406672506,8
2024-09-18 10:07:03.553000,408.3743504902004,9
2024-09-18 10:07:03.584000,408.4204714504804,102
2024-09-18 10:07:03.586000,408.39591525390944,98
2024-09-18 10:07:03.593000,408.4123272429368,1003
2024-09-18 10:07:03.603000,408.42172940993663,9
2024-09-18 10:07:03.617000,408.3813587293413,95
2024-09-18 10:07:03.663000,408.3639722701374,1005
2024-09-18 10:07:03.667000,408.42957277142665,102
2024-09-18 10:07:03.669000,408.4323811815625,95
2024-09-18 10:07:03.892000,408.36868255908905,11
2024-09-18 10:07:04.692000,408.3960549743383,105
2024-09-18 10:07:04.791000,408.3832944631504,99
2024-09-18 10:07:04.875000,408.3910444221081,1003
2024-09-18 10:07:05.037000,408.3652362276596,5
2024-09-18 10:07:05.083000,408.3831501666988,999
2024-09-18 10:07:05.107000,408.3908214348121,105
2024-09-18 10:07:05.316000,408.3648729706823,998
2024-09-18 10:07:05.349000,408.3902152312417,104
2024-09-18 10:07:05.595000,408.370397876068,96
2024-09-18 10:07:05.797000,408.3812602313115,104
2024-09-18 10:07:05.905000,408.4164706045411,15
2024-09-18 10:07:06.491000,408.3252138975624,100
2024-09-18 10:07:06.562000,408.3571214708035,14
2024-09-18 10:07:06.581000,408.3373568012413,104
2024-09-18 10:07:06.685000,408.3434942993152,9
2024-09-18 10:07:06.873000,408.3543922870231,10
2024-09-18 10:07:06.951000,408.37894838506975,12
2024-09-18 10:07:07.161000,408.2798701391257,100
2024-09-18 10:07:07.234000,408.2829598953081,5
2024-09-18 10:07:07.411000,408.3047188867634,1000
2024-09-18 10:07:07.539000,408.2892570029512,1002
2024-09-18 10:07:07.568000,408.28792853080887,98
2024-09-18 10:07:07.659000,408.27308602661054,8
2024-09-18 10:07:07.691000,408.298483240593,8
2024-09-18 10:07:07.876000,408.2829976429295,1002
2024-09-18 10:07:08.051000,408.2778676719115,10
2024-09-18 10:07:08.163000,408.2668731377212,999
2024-09-18 10:07:08.209000,408.2582508041378,14
2024-09-18 10:07:08.227000,408.27503389928535,101
2024-09-18 10:07:08.281000,408.26081535441136,104
2024-09-18 10:07:08.337000,408.2588544405873,13
2024-09-18 10:07:08.625000,408.2493499656874,999
2024-09-18 10:07:08.729000,408.255846618904,13
2024-09-18 10:07:08.768000,408.26745138213255,997
2024-09-18 10:07:08.828000,408.2571180951476,996
2024-09-18 10:07:08.867000,408.2759901138468,99
2024-09-18 10:07:08.879000,408.2246075720771,101
2024-09-18 10:07:09.067000,408.2556998468102,102
2024-09-18 10:07:09.152000,408.237710405513,14
2024-09-18 10:07:09.212000,408.2261815029634,102
2024-09-18 10:07:09.346000,408.2249489943139,105
2024-09-18 10:07:09.415000,408.2377912477801,6
2024-09-18 10:07:09.502000,408.25506748135126,101
2024-09-18 10:07:09.561000,408.22247095370665,5
2024-09-18 10:07:10.013000,408.1899529772487,11
2024-09-18 10:07:10.055000,408.2444523408794,95
2024-09-18 10:07:10.075000,408.2096653801656,7
2024-09-18 10:07:10.169000,408.232273734826,1001
2024-09-18 10:07:10.213000,408.2155006162452,996
2024-09-18 10:07:10.301000,408.2024087783738,103
2024-09-18 10:07:10.370000,408.22639446123793,103
2024-09-18 10:07:10.394000,408.24455109156935,103
2024-09-18 10:07:10.414000,408.2050253215532,9
2024-09-18 10:07:10.497000,408.2046647812039,998
2024-09-18 10:07:10.531000,408.2159347195424,100
2024-09-18 10:07:10.536000,408.21872132293737,995
2024-09-18 10:07:10.567000,408.2155345202004,100
2024-09-18 10:07:10.603000,408.22927912921085,96
2024-09-18 10:07:10.623000,408.22894437714814,8
2024-09-18 10:07:10.774000,408.2078328751722,997
2024-09-18 10:07:10.892000,408.2322193301072,14
2024-09-18 10:07:10.898000,408.218256068536,1003
2024-09-18 10:07:10.965000,408.2202479199517,104
2024-09-18 10:07:11.070000,408.19197310763,98
2024-09-18 10:07:11.072000,408.17859187398574,1001
2024-09-18 10:07:11.134000,408.1697423264389,97
2024-09-18 10:07:11.231000,408.1813907174375,8
2024-09-18 10:07:11.238000,408.17601653753417,101
2024-09-18 10:07:11.245000,408.1767961908213,97
2024-09-18 10:07:11.369000,408.1830283596659,1001
2024-09-18 10:07:11.581000,408.1947916061315,15
2024-09-18 10:07:11.712000,408.19513895661794,8
2024-09-18 10:07:12.011000,408.192105856351,96
2024-09-18 10:07:12.031000,408.18982594136486,1002
2024-09-18 10:07:12.051000,408.1899582115896,11
2024-09-18 10:07:12.056000,408.1824836447712,999
2024-09-18 10:07:12.071000,408.1495687275663,995
2024-09-18 10:07:12.195000,408.18175507239016,1002
2024-09-18 10:07:12.205000,408.1906281400557,12
2024-09-18 10:07:12.220000,408.1900770393598,12
2024-09-18 10:07:12.220000,408.2038758529068,996
2024-09-18 10:07:12.252000,408.1870770382224,999
2024-09-18 10:07:12.269000,408.1993987420633,97
2024-09-18 10:07:12.297000,408.1858964926762,96
2024-09-18 10:07:12.339000,408.2229609673871,15
2024-09-18 10:07:12.428000,408.204809109881,100
2024-09-18 10:07:12.501000,408.1571806398306,103
2024-09-18 10:07:12.505000,408.1824784001415,14
2024-09-18 10:07:12.510000,408.2001157241792,1003
2024-09-18 10:07:12.535000,408.16223231756726,5
2024-09-18 10:07:12.627000,408.1652830883996,15
2024-09-18 10:07:12.671000,408.20085250539455,98
2024-09-18 10:07:12.680000,408.1639993970267,5
2024-09-18 10:07:12.684000,408.221821879752,12
2024-09-18 10:07:12.731000,408.18168460099145,1000
2024-09-18 10:07:12.762000,408.2052826626846,997
2024-09-18 10:07:12.834000,408.17016588559727,14
2024-09-18 10:07:12.898000,408.18988562858056,6
2024-09-18 10:07:13.327000,408.1350285231405,99
2024-09-18 10:07:13.376000,408.13624950577656,1005
2024-09-18 10:07:13.469000,408.1465413595717,1004
2024-09-18 10:07:13.536000,408.13255893702217,98
2024-09-18 10:07:13.558000,408.130476176768,995
2024-09-18 10:07:13.674000,408.1279706907577,99
2024-09-18 10:07:13.704000,408.12871634930207,7
2024-09-18 10:07:13.841000,408.1442837865925,996
2024-09-18 10:07:13.887000,408.1388262799889,996
2024-09-18 10:07:14.065000,408.1080368331942,1005
2024-09-18 10:07:14.375000,408.1350875943862,1001
2024-09-18 10:07:14.474000,408.1180157351855,7
2024-09-18 10:07:14.557000,408.14255745865296,6
2024-09-18 10:07:14.638000,408.08490325243446,9
2024-09-18 10:07:14.788000,408.1325431747583,997
2024-09-18 10:07:14.954000,408.1274515953545,12
2024-09-18 10:07:15.070000,408.0717319984712,1004
2024-09-18 10:07:15.081000,408.1191215064712,999
2024-09-18 10:07:15.103000,408.08595405316686,998
2024-09-18 10:07:15.127000,408.1339034014289,99
2024-09-18 10:07:15.274000,408.0938177201247,1001
2024-09-18 10:07:15.301000,408.1273111377605,96
2024-09-18 10:07:15.365000,408.0728651822536,1001
2024-09-18 10:07:15.447000,408.0703494635114,5
2024-09-18 10:07:15.475000,408.1464133632266,95
2024-09-18 10:07:15.486000,408.0399721954002,102
2024-09-18 10:07:15.586000,408.102828176951,1003
2024-09-18 10:07:15.643000,408.0318362464459,12
2024-09-18 10:07:15.740000,408.0766201104449,997
2024-09-18 10:07:15.763000,408.1131490573691,1003
2024-09-18 10:07:15.868000,408.045388603198,996
2024-09-18 10:07:15.876000,408.0501649325388,9
2024-09-18 10:07:15.895000,408.0757673236045,102
2024-09-18 10:07:15.934000,408.11967191979767,7
2024-09-18 10:07:15.988000,408.0863989911453,95
2024-09-18 10:07:16.026000,408.0325665824236,1000
2024-09-18 10:07:16.062000,408.073499486632,1002
2024-09-18 10:07:16.272000,408.0435624205792,1004
2024-09-18 10:07:16.400000,408.0778025269501,996
2024-09-18 10:07:16.442000,408.0926852003162,15
2024-09-18 10:07:16.481000,408.14097936881495,7
2024-09-18 10:07:16.538000,408.1132012785178,997
2024-09-18 10:07:16.610000,408.12825833337087,9
2024-09-18 10:07:16.654000,408.13166813928535,98
2024-09-18 10:07:16.853000,408.03917270299576,12
2024-09-18 10:07:16.862000,408.13158462459234,104
2024-09-18 10:07:16.881000,408.1220098355792,97
2024-09-18 10:07:16.936000,408.0568649381794,5
2024-09-18 10:07:16.999000,408.0285850296555,1004
2024-09-18 10:07:18.095000,408.0230795206576,95
2024-09-18 10:07:18.100000,408.0302103188783,98
2024-09-18 10:07:18.108000,408.0436887339748,1001
2024-09-18 10:07:18.141000,407.99962197446655,997
2024-09-18 10:07:18.166000,408.0473335131821,7
2024-09-18 10:07:18.276000,407.9758335744958,102
2024-09-18 10:07:18.281000,408.0494435873058,11
2024-09-18 10:07:18.290000,407.9605892006377,5
2024-09-18 10:07:18.334000,407.9711813821655,98
2024-09-18 10:07:18.334000,407.9961840404802,996
2024-09-18 10:07:18.346000,407.9722740410926,995
2024-09-18 10:07:18.461000,408.003362038998,5
2024-09-18 10:07:18.492000,408.03553312761017,1001
2024-09-18 10:07:18.611000,408.0462210845442,104
2024-09-18 10:07:18.624000,407.9971295314264,103
2024-09-18 10:07:18.705000,407.9998573404922,1000
2024-09-18 10:07:18.717000,407.9875361822048,997
2024-09-18 10:07:18.723000,407.9817228296195,6
2024-09-18 10:07:18.728000,407.9869579433029,997
2024-09-18 10:07:18.730000,408.02855215875786,96
2024-09-18 10:07:18.739000,407.9998674387133,95
2024-09-18 10:07:18.750000,408.0295462826221,5
2024-09-18 10:07:18.778000,408.0379486877234,998
2024-09-18 10:07:18.802000,408.0509444965,95
2024-09-18 10:07:18.812000,407.9718941855569,1000
2024-09-18 10:07:18.962000,408.0398311677925,103
2024-09-18 10:07:19.002000,408.04383058963066,99
2024-09-18 10:07:19.411000,407.9888010830362,102
2024-09-18 10:07:19.441000,408.0118229367755,101
2024-09-18 10:07:19.455000,407.99664094634016,1003
2024-09-18 10:07:19.472000,408.0511503219152,105
2024-09-18 10:07:19.542000,408.0088686368966,6
2024-09-18 10:07:19.569000,408.0565103878607,999
2024-09-18 10:07:19.572000,408.04231889816987,995
2024-09-18 10:07:19.613000,408.059524599323,996
2024-09-18 10:07:19.657000,408.0463314240676,8
2024-09-18 10:07:19.669000,407.9994080349143,996
2024-09-18 10:07:19.724000,408.0521696963274,100
2024-09-18 10:07:19.776000,408.0315069690919,11
2024-09-18 10:07:19.930000,408.0001935674725,97
2024-09-18 10:07:20.009000,408.0889648610616,14
2024-09-18 10:07:20.144000,408.0561287331887,1000
2024-09-18 10:07:20.151000,408.03472146350657,105
2024-09-18 10:07:20.274000,408.0381352615519,6
2024-09-18 10:07:20.277000,408.0517718021727,8
2024-09-18 10:07:20.389000,408.0523224826445,99
2024-09-18 10:07:20.410000,408.078549164558,1000
2024-09-18 10:07:20.425000,408.0403326233014,1002
2024-09-18 10:07:20.453000,408.04113444444016,98
2024-09-18 10:07:20.466000,408.0408287092485,5
2024-09-18 10:07:20.481000,408.09206616359694,10
2024-09-18 10:07:20.492000,408.0569139993084,11
2024-09-18 10:07:20.543000,408.0291162044651,1005
2024-09-18 10:07:20.619000,408.0622973070903,96
2024-09-18 10:07:20.625000,408.0795480684529,1002
2024-09-18 10:07:20.669000,408.0844466334802,997
2024-09-18 10:07:20.702000,408.0309043773444,14
2024-09-18 10:07:20.709000,408.0740117304453,7
2024-09-18 10:07:20.752000,408.04724204969386,6
2024-09-18 10:07:20.923000,408.0511941032563,1002
2024-09-18 10:07:20.950000,408.0333738222908,11
2024-09-18 10:07:20.981000,408.0388888306031,100
2024-09-18 10:07:20.989000,408.05597550892605,95
2024-09-18 10:07:21.098000,408.0697360875129,103
2024-09-18 10:07:21.359000,408.069784306895,97
2024-09-18 10:07:21.410000,408.023421817392,13
2024-09-18 10:07:21.575000,408.0735007797599,1001
2024-09-18 10:07:21.604000,408.0474201991741,5
2024-09-18 10:07:21.627000,408.06762313735976,997
2024-09-18 10:07:21.630000,408.044193530098,101
2024-09-18 10:07:21.637000,408.0654195407764,105
2024-09-18 10:07:21.645000,408.0848301537084,6
2024-09-18 10:07:21.732000,408.0635285982306,11
2024-09-18 10:07:21.780000,408.055578725283,100
2024-09-18 10:07:21.832000,408.0657997324181,1005
2024-09-18 10:07:21.890000,408.05258299157,995
2024-09-18 10:07:21.904000,408.0722756013604,996
2024-09-18 10:07:21.905000,408.0817773756183,1004
2024-09-18 10:07:21.987000,408.075047056499,10
2024-09-18 10:07:22.103000,408.08663556126976,95
2024-09-18 10:07:22.243000,408.1068366341887,6
2024-09-18 10:07:22.308000,408.0763277789799,96
2024-09-18 10:07:22.328000,408.1056860616101,13
2024-09-18 10:07:22.475000,408.1093669122126,9
2024-09-18 10:07:22.601000,408.1094997216696,1005
2024-09-18 10:07:22.660000,408.10635794238135,995
2024-09-18 10:07:22.696000,408.0921097497745,6
2024-09-18 10:07:22.801000,408.1029329329108,103
2024-09-18 10:07:22.841000,408.0895529328486,100
2024-09-18 10:07:22.873000,408.09693991397313,101
2024-09-18 10:07:22.962000,408.09971909589774,1005
2024-09-18 10:07:23.242000,408.0962647408495,7
2024-09-18 10:07:23.303000,408.1077073942682,10
2024-09-18 10:07:23.380000,408.10115407510193,5
2024-09-18 10:07:23.391000,408.0975142209291,1001
2024-09-18 10:07:23.500000,408.0866175964184,95
2024-09-18 10:07:23.525000,408.0943125279509,7
2024-09-18 10:07:23.669000,408.0793643102364,1005
2024-09-18 10:07:23.806000,408.0843422887189,104
2024-09-18 10:07:23.848000,408.0816943557412,9
2024-09-18 10:07:23.937000,408.0889480591998,99
2024-09-18 10:07:23.960000,408.08938470762575,98
2024-09-18 10:07:24.709000,408.0958826627339,95
2024-09-18 10:07:24.961000,408.1079323254001,97
2024-09-18 10:07:25.028000,408.1033792465788,11
2024-09-18 10:07:25.058000,408.2097268832687,100
2024-09-18 10:07:25.068000,408.21039302334606,103
2024-09-18 10:07:25.111000,408.1229860331458,1004
2024-09-18 10:07:25.139000,408.1498745271019,1003
2024-09-18 10:07:25.243000,408.193585346913,995
2024-09-18 10:07:25.309000,408.2150732408163,6
2024-09-18 10:07:25.319000,408.1252021038213,96
2024-09-18 10:07:25.354000,408.1912558413624,15
2024-09-18 10:07:25.367000,408.2039790359594,1005
2024-09-18 10:07:25.431000,408.12949685216415,100
2024-09-18 10:07:25.488000,408.2265560564272,6
2024-09-18 10:07:25.543000,408.1318161151042,998
2024-09-18 10:07:25.566000,408.1639578111288,15
2024-09-18 10:07:25.627000,408.1474870452415,8
2024-09-18 10:07:25.644000,408.1393120041409,996
2024-09-18 10:07:25.730000,408.1255387858673,99
2024-09-18 10:07:25.793000,408.2313852171216,99
2024-09-18 10:07:25.824000,408.2111761378606,105
2024-09-18 10:07:25.906000,408.1226952019971,997
2024-09-18 10:07:25.980000,408.1607098009253,1005
2024-09-18 10:07:26.012000,408.1932862108097,95
2024-09-18 10:07:26.027000,408.2127835549055,98
2024-09-18 10:07:26.098000,408.21938181738216,15
2024-09-18 10:07:26.231000,408.1854181283541,102
2024-09-18 10:07:26.307000,408.19873858019673,96
2024-09-18 10:07:26.326000,408.1947453317186,99
2024-09-18 10:07:26.356000,408.224910647035,9
2024-09-18 10:07:26.460000,408.1945483306242,11
2024-09-18 10:07:26.524000,408.2085039784341,998
2024-09-18 10:07:26.624000,408.1977364617825,1005
2024-09-18 10:07:26.634000,408.1968216489673,9
2024-09-18 10:07:26.669000,408.2014352426749,11
2024-09-18 10:07:26.760000,408.18831881597225,7
2024-09-18 10:07:26.829000,408.2083075843019,15
2024-09-18 10:07:26.844000,408.19360869014827,1000
2024-09-18 10:07:26.880000,408.1971797911815,8
2024-09-18 10:07:26.984000,408.2172638242244,100
2024-09-18 10:07:27.014000,408.2868491771731,1002
2024-09-18 10:07:27.023000,408.28493039344113,1002
2024-09-18 10:07:27.085000,408.275629594869,1001
2024-09-18 10:07:27.127000,408.2996449038771,7
2024-09-18 10:07:27.158000,408.3946880438013,15
2024-09-18 10:07:27.190000,408.22241999576806,104
2024-09-18 10:07:27.236000,408.2965065122807,96
2024-09-18 10:07:27.295000,408.2700037453263,999
2024-09-18 10:07:27.302000,408.36610459109664,14
2024-09-18 10:07:27.310000,408.2979257240263,8
2024-09-18 10:07:27.384000,408.2811087043348,1000
2024-09-18 10:07:27.436000,408.29172612756,12
2024-09-18 10:07:27.460000,408.29550000690665,101
2024-09-18 10:07:27.507000,408.2115069614436,11
2024-09-18 10:07:27.514000,408.312307937973,96
2024-09-18 10:07:27.535000,408.41640291075646,1003
2024-09-18 10:07:27.565000,408.3198214421834,1002
2024-09-18 10:07:27.581000,408.35223167423527,14
2024-09-18 10:07:27.592000,408.2640096323082,996
2024-09-18 10:07:27.679000,408.23735419596426,97
2024-09-18 10:07:27.725000,408.33599782495145,15
2024-09-18 10:07:27.802000,408.2826076275057,1005
2024-09-18 10:07:27.818000,408.3637773838672,6
2024-09-18 10:07:27.844000,408.3434936151218,8
2024-09-18 10:07:27.889000,408.376986440192,13
2024-09-18 10:07:27.920000,408.2653434078356,103
2024-09-18 10:07:27.926000,408.3108619762387,995
2024-09-18 10:07:28.003000,408.4463771877026,101
2024-09-18 10:07:28.024000,408.4156966057525,1002
2024-09-18 10:07:28.055000,408.3724945094344,7
2024-09-18 10:07:28.081000,408.3684739280049,8
2024-09-18 10:07:28.082000,408.43403712174427,1002
2024-09-18 10:07:28.105000,408.4206067914678,105
2024-09-18 10:07:28.196000,408.4046213164606,98
2024-09-18 10:07:28.273000,408.37042892119126,14
2024-09-18 10:07:28.278000,408.422389081326,14
2024-09-18 10:07:28.356000,408.4217677204338,96
2024-09-18 10:07:28.425000,408.4249142344916,103
2024-09-18 10:07:28.466000,408.4146292686562,6
2024-09-18 10:07:28.466000,408.3817002384673,96
2024-09-18 10:07:28.491000,408.4008557036224,5
2024-09-18 10:07:28.717000,408.3637050541456,103
2024-09-18 10:07:28.733000,408.42023057042434,13
2024-09-18 10:07:28.740000,408.4234232802473,100
2024-09-18 10:07:28.745000,408.407929205311,13
2024-09-18 10:07:28.752000,408.3701062478255,995
2024-09-18 10:07:28.780000,408.4163397349653,95
2024-09-18 10:07:28.786000,408.3997884625936,998
2024-09-18 10:07:29.214000,408.34199661423,102
2024-09-18 10:07:29.272000,408.33360804934046,101
2024-09-18 10:07:29.481000,408.3207434651744,96
2024-09-18 10:07:29.598000,408.3305243555102,1000
2024-09-18 10:07:30.334000,408.331563540164,1001
2024-09-18 10:07:30.472000,408.32253946333793,998
2024-09-18 10:07:31.014000,408.2734118779474,998
2024-09-18 10:07:31.126000,408.26623101451617,1003
2024-09-18 10:07:31.160000,408.3111262120398,105
2024-09-18 10:07:31.208000,408.29021072432266,996
2024-09-18 10:07:31.225000,408.265528192636,7
2024-09-18 10:07:31.254000,408.2972292175918,103
2024-09-18 10:07:31.395000,408.27144757468136,14
2024-09-18 10:07:31.443000,408.28003367146295,95
2024-09-18 10:07:31.516000,408.2724936688777,96
2024-09-18 10:07:31.527000,408.2906196757066,99
2024-09-18 10:07:31.543000,408.31880568759584,101
2024-09-18 10:07:31.606000,408.3040799777715,105
2024-09-18 10:07:31.694000,408.2582727987148,11
2024-09-18 10:07:31.697000,408.3124212084642,95
2024-09-18 10:07:31.723000,408.28503084675,103
2024-09-18 10:07:31.724000,408.2727105319001,101
2024-09-18 10:07:31.819000,408.27851234776,13
2024-09-18 10:07:31.877000,408.25674678138273,1000
2024-09-18 10:07:31.885000,408.3104280877252,7
2024-09-18 10:07:31.914000,408.2816891264871,105
2024-09-18 10:07:32.296000,408.3198617924775,5
2024-09-18 10:07:32.341000,408.3389761518917,1002
2024-09-18 10:07:32.580000,408.34188044100654,96
2024-09-18 10:07:32.812000,408.3294928972115,103
2024-09-18 10:07:33.023000,408.4407078280043,100
2024-09-18 10:07:33.047000,408.3766973528269,105
2024-09-18 10:07:33.069000,408.3749832101152,998
2024-09-18 10:07:33.103000,408.4031087750226,1003
2024-09-18 10:07:33.130000,408.4441760145164,15
2024-09-18 10:07:33.165000,408.3960977542672,98
2024-09-18 10:07:33.184000,408.4320548820365,10
2024-09-18 10:07:33.228000,408.374320469249,105
2024-09-18 10:07:33.262000,408.3912706312844,6
2024-09-18 10:07:33.282000,408.40779434002025,99
2024-09-18 10:07:33.320000,408.4025711312613,99
2024-09-18 10:07:33.323000,408.3639855251916,998
2024-09-18 10:07:33.324000,408.3552934059964,1001
2024-09-18 10:07:33.478000,408.39751728382936,100
2024-09-18 10:07:33.483000,408.4246180303534,9
2024-09-18 10:07:33.780000,408.4073095652672,102
2024-09-18 10:07:33.866000,408.3718316170236,1004
2024-09-18 10:07:33.892000,408.3872165111797,6
2024-09-18 10:07:33.920000,408.4072381697303,7
2024-09-18 10:07:33.943000,408.39932131570527,997
2024-09-18 10:07:33.949000,408.3706914772715,97
2024-09-18 10:07:33.955000,408.392819074884,96
2024-09-18 10:07:33.986000,408.36876705028806,99
2024-09-18 10:07:34.028000,408.4647820210977,10
2024-09-18 10:07:34.097000,408.4413258300138,97
2024-09-18 10:07:34.166000,408.4543528350627,95
2024-09-18 10:07:34.174000,408.4371177008675,100
2024-09-18 10:07:34.181000,408.4647083644069,15
2024-09-18 10:07:34.311000,408.47171940153225,8
2024-09-18 10:07:34.318000,408.4525419589176,1005
2024-09-18 10:07:34.340000,408.453574625512,96
2024-09-18 10:07:34.394000,408.4388167822555,105
2024-09-18 10:07:34.434000,408.4432356341162,1002
2024-09-18 10:07:34.508000,408.43125275770046,14
2024-09-18 10:07:34.535000,408.4672833855184,104
2024-09-18 10:07:34.555000,408.43977943623946,14
2024-09-18 10:07:34.569000,408.4301898207669,998
2024-09-18 10:07:34.608000,408.4198303533934,995
2024-09-18 10:07:34.612000,408.4286385918195,100
2024-09-18 10:07:34.689000,408.4572928554667,10
2024-09-18 10:07:34.694000,408.45829246875473,97
2024-09-18 10:07:34.703000,408.4548469739297,11
2024-09-18 10:07:34.716000,408.44313705993926,995
2024-09-18 10:07:34.731000,408.4460562168162,1001
2024-09-18 10:07:34.744000,408.3992083201796,103
2024-09-18 10:07:34.746000,408.4652116811651,5
2024-09-18 10:07:34.809000,408.4558151637132,103
2024-09-18 10:07:34.896000,408.4508854237978,9
2024-09-18 10:07:34.963000,408.4442295387112,7
2024-09-18 10:07:34.974000,408.4366867156796,1002
2024-09-18 10:07:35.005000,408.52612030663175,996
2024-09-18 10:07:35.176000,408.4709802467668,12
2024-09-18 10:07:35.374000,408.5168517675459,101
2024-09-18 10:07:35.415000,408.4512496566591,1003
2024-09-18 10:07:35.433000,408.52142371465726,96
2024-09-18 10:07:35.491000,408.5278479382555,8
2024-09-18 10:07:35.646000,408.50588380675913,1001
2024-09-18 10:07:35.684000,408.4941297780845,1004
2024-09-18 10:07:36.111000,408.5392684382526,1000
2024-09-18 10:07:36.321000,408.5375153028679,997
2024-09-18 10:07:36.800000,408.5166177967649,14
2024-09-18 10:07:36.825000,408.5311713186634,1001
2024-09-18 10:07:36.907000,408.5070091871608,1005
2024-09-18 10:07:37.056000,408.5007901901178,102
2024-09-18 10:07:37.093000,408.5564175922979,998
2024-09-18 10:07:37.095000,408.5109006470694,1002
2024-09-18 10:07:37.106000,408.5738540627662,103
2024-09-18 10:07:37.145000,408.5711620970566,101
2024-09-18 10:07:37.257000,408.5453095282684,104
2024-09-18 10:07:37.287000,408.5543779976376,103
2024-09-18 10:07:37.343000,408.5594261475144,13
2024-09-18 10:07:37.563000,408.536359067342,14
2024-09-18 10:07:37.566000,408.57774423644497,15
2024-09-18 10:07:37.773000,408.5702662095331,15
2024-09-18 10:07:37.780000,408.5462460171349,105
2024-09-18 10:07:37.887000,408.5427874335605,10
2024-09-18 10:07:37.900000,408.57438154178135,99
2024-09-18 10:07:37.998000,408.5153956672976,12
2024-09-18 10:07:38.225000,408.5416318397895,99
2024-09-18 10:07:38.292000,408.544848605026,1000
2024-09-18 10:07:38.354000,408.5338735901125,1003
2024-09-18 10:07:38.365000,408.5444128276448,5
2024-09-18 10:07:38.408000,408.5455308004714,99
2024-09-18 10:07:38.540000,408.54476560802783,98
2024-09-18 10:07:38.665000,408.5298112250141,5
2024-09-18 10:07:38.749000,408.540068654845,998
2024-09-18 10:07:38.982000,408.5457749873975,103
2024-09-18 10:07:39.002000,408.53491478569606,101
2024-09-18 10:07:39.061000,408.521115459538,98
2024-09-18 10:07:39.161000,408.5045828891977,95
2024-09-18 10:07:39.170000,408.5027607618072,103
2024-09-18 10:07:39.281000,408.529241348438,996
2024-09-18 10:07:39.376000,408.5375486166732,97
2024-09-18 10:07:39.414000,408.5355958809181,1005
2024-09-18 10:07:39.503000,408.5107975292157,996
2024-09-18 10:07:39.644000,408.50682154655567,96
2024-09-18 10:07:39.664000,408.5207569255743,7
2024-09-18 10:07:39.783000,408.5343940986909,7
2024-09-18 10:07:39.916000,408.5181622614723,12
2024-09-18 10:07:39.934000,408.50954541107774,97
2024-09-18 10:07:39.943000,408.54356740636615,102
2024-09-18 10:07:39.996000,408.502279664137,9
2024-09-18 10:07:40.347000,408.5216434427247,95
2024-09-18 10:07:40.786000,408.511065027704,1003
2024-09-18 10:07:41.061000,408.5508109269483,102
2024-09-18 10:07:41.067000,408.545566840936,96
2024-09-18 10:07:41.097000,408.5182289834648,996
2024-09-18 10:07:41.132000,408.5577450614276,14
2024-09-18 10:07:41.147000,408.5596004118994,102
2024-09-18 10:07:41.214000,408.545783010107,98
2024-09-18 10:07:41.254000,408.5578788589074,10
2024-09-18 10:07:41.424000,408.56607348652136,98
2024-09-18 10:07:41.536000,408.5487733800578,1001
2024-09-18 10:07:41.574000,408.5646142040408,99
2024-09-18 10:07:41.623000,408.5457096144235,104
2024-09-18 10:07:41.638000,408.5350110406439,10
2024-09-18 10:07:41.659000,408.5573434410742,103
2024-09-18 10:07:41.740000,408.51976022198136,997
2024-09-18 10:07:41.866000,408.55670822435,5
2024-09-18 10:07:41.944000,408.5384268420013,7
2024-09-18 10:07:41.947000,408.5666435609928,998
2024-09-18 10:07:42.025000,408.54858905756754,7
2024-09-18 10:07:42.105000,408.5557273705156,12
2024-09-18 10:07:42.194000,408.5293748707901,105
2024-09-18 10:07:42.277000,408.54665910362746,1004
2024-09-18 10:07:42.480000,408.5467071567113,104
2024-09-18 10:07:42.525000,408.5520867333797,1003
2024-09-18 10:07:42.659000,408.55391342777375,1005
2024-09-18 10:07:42.694000,408.5379249751533,100
2024-09-18 10:07:42.785000,408.5472360675384,1004
2024-09-18 10:07:42.887000,408.53713197130463,12
2024-09-18 10:07:43.024000,408.59817312769815,103
2024-09-18 10:07:43.099000,408.5555042847238,1002
2024-09-18 10:07:43.112000,408.583499358614,102
2024-09-18 10:07:43.126000,408.59771782749806,998
2024-09-18 10:07:43.197000,408.6049529315075,5
2024-09-18 10:07:43.207000,408.5548852378167,102
2024-09-18 10:07:43.430000,408.60268058568346,104
2024-09-18 10:07:43.436000,408.5476784927962,104
2024-09-18 10:07:43.438000,408.6189760994504,9
2024-09-18 10:07:43.455000,408.5881364775327,14
2024-09-18 10:07:43.515000,408.6307065153801,13
2024-09-18 10:07:43.780000,408.55784042678806,100
2024-09-18 10:07:43.782000,408.5716924008304,1002
2024-09-18 10:07:43.865000,408.5502989745752,100
2024-09-18 10:07:43.915000,408.5635717186637,8
2024-09-18 10:07:43.935000,408.5718810209811,996
2024-09-18 10:07:44.033000,408.5662653347537,1001
2024-09-18 10:07:44.066000,408.54183948503055,1005
2024-09-18 10:07:44.096000,408.58237923720736,12
2024-09-18 10:07:44.122000,408.5802480785202,10
2024-09-18 10:07:44.126000,408.5636622696052,1003
2024-09-18 10:07:44.160000,408.5420380137895,1003
2024-09-18 10:07:44.186000,408.5513533607373,95
2024-09-18 10:07:44.311000,408.5500754171532,102
2024-09-18 10:07:44.337000,408.5457434990518,997
2024-09-18 10:07:44.365000,408.6027456882761,1000
2024-09-18 10:07:44.372000,408.557155320606,996
2024-09-18 10:07:44.378000,408.5456717128977,9
2024-09-18 10:07:44.445000,408.5419927536197,12
2024-09-18 10:07:44.473000,408.5847520850575,1000
2024-09-18 10:07:44.501000,408.53941333365367,14
2024-09-18 10:07:44.523000,408.5220321787319,99
2024-09-18 10:07:44.533000,408.5812067052465,998
2024-09-18 10:07:44.585000,408.53512255046456,8
2024-09-18 10:07:44.639000,408.5649578691751,6
2024-09-18 10:07:44.746000,408.5708758364012,105
2024-09-18 10:07:44.828000,408.5903984160899,105
2024-09-18 10:07:44.887000,408.57852640869214,998
2024-09-18 10:07:44.996000,408.5702717765733,5
2024-09-18 10:07:45.055000,408.61854592178446,102
2024-09-18 10:07:45.065000,408.61126260475874,99
2024-09-18 10:07:45.165000,408.5955941269525,1004
2024-09-18 10:07:45.183000,408.57577369732064,9
2024-09-18 10:07:45.244000,408.6113355379912,5
2024-09-18 10:07:45.268000,408.5863685870373,997
2024-09-18 10:07:45.310000,408.6082663287376,99
2024-09-18 10:07:45.311000,408.5922522726038,7
2024-09-18 10:07:45.312000,408.5961635905745,996
2024-09-18 10:07:45.314000,408.5668052317325,11
2024-09-18 10:07:45.323000,408.5879765538247,95
2024-09-18 10:07:45.353000,408.6111344589408,996
2024-09-18 10:07:45.401000,408.60973435501137,1001
2024-09-18 10:07:45.495000,408.578439914182,105
2024-09-18 10:07:45.497000,408.62066398681577,998
2024-09-18 10:07:45.513000,408.5971162388423,12
2024-09-18 10:07:45.548000,408.6175479077231,97
2024-09-18 10:07:45.559000,408.59589460169104,998
2024-09-18 10:07:45.746000,408.6212361289298,1002
2024-09-18 10:07:45.862000,408.6202944807014,105
2024-09-18 10:07:45.968000,408.5797512468272,104
2024-09-18 10:07:46.294000,408.5386571428478,1002
2024-09-18 10:07:46.294000,408.5318616447952,13
2024-09-18 10:07:46.308000,408.5228981254792,99
2024-09-18 10:07:46.310000,408.5253914023143,8
2024-09-18 10:07:46.336000,408.5488193402733,7
2024-09-18 10:07:46.392000,408.5495862871058,999
2024-09-18 10:07:46.504000,408.51858987804616,103
2024-09-18 10:07:46.581000,408.563661267555,12
2024-09-18 10:07:46.594000,408.4630846354181,1004
2024-09-18 10:07:46.840000,408.555073822146,10
2024-09-18 10:07:46.876000,408.5532171451548,10
2024-09-18 10:07:46.883000,408.4967726853602,12
2024-09-18 10:07:46.928000,408.4922924371565,1002
2024-09-18 10:07:46.992000,408.47503603038535,96
2024-09-18 10:07:47.221000,408.4611134845836,1005
2024-09-18 10:07:47.371000,408.4453290593502,1002
2024-09-18 10:07:47.394000,408.4616963432593,97
2024-09-18 10:07:47.691000,408.4633453068136,1005
2024-09-18 10:07:47.697000,408.47093672818033,5
2024-09-18 10:07:47.777000,408.46940361460594,97
2024-09-18 10:07:47.778000,408.45394454743536,9
2024-09-18 10:07:47.920000,408.4741530377741,1002
2024-09-18 10:07:47.993000,408.4732203693245,11
2024-09-18 10:07:48.054000,408.34766731166536,105
2024-09-18 10:07:48.099000,408.3942365202959,5
2024-09-18 10:07:48.180000,408.38542480201176,95
2024-09-18 10:07:48.214000,408.4495834156585,95
2024-09-18 10:07:48.225000,408.3447638393073,99
2024-09-18 10:07:48.272000,408.3933995541919,95
2024-09-18 10:07:48.280000,408.3274325260518,6
2024-09-18 10:07:48.307000,408.4203706598364,997
2024-09-18 10:07:48.367000,408.4530979213436,14
2024-09-18 10:07:48.412000,408.3852731758722,98
2024-09-18 10:07:48.424000,408.3689862819066,1002
2024-09-18 10:07:48.465000,408.3995479639077,15
2024-09-18 10:07:48.470000,408.3700042905067,8
2024-09-18 10:07:48.499000,408.3957509330472,1005
2024-09-18 10:07:48.504000,408.3469081193068,102
2024-09-18 10:07:48.535000,408.3846496868024,996
2024-09-18 10:07:48.570000,408.3902809538696,11
2024-09-18 10:07:48.625000,408.3897752650391,5
2024-09-18 10:07:48.644000,408.38747185081655,1002
2024-09-18 10:07:48.651000,408.3880981038996,9
2024-09-18 10:07:48.730000,408.4195329652396,97
2024-09-18 10:07:48.785000,408.4231142511042,9
2024-09-18 10:07:48.792000,408.427660561128,1004
2024-09-18 10:07:48.809000,408.3703650566178,14
2024-09-18 10:07:48.996000,408.3768435543243,996
2024-09-18 10:07:48.997000,408.4553289358328,97
2024-09-18 10:07:49.076000,408.237263167178,11
2024-09-18 10:07:49.088000,408.2703302112829,1000
2024-09-18 10:07:49.092000,408.2821536082344,995
2024-09-18 10:07:49.095000,408.2569514623191,13
2024-09-18 10:07:49.146000,408.2437424321037,997
2024-09-18 10:07:49.266000,408.24221633669833,99
2024-09-18 10:07:49.319000,408.23995897677815,12
2024-09-18 10:07:49.379000,408.2320914003193,8
2024-09-18 10:07:49.473000,408.2886240598635,8
2024-09-18 10:07:49.495000,408.3020158278157,1001
2024-09-18 10:07:49.526000,408.303767154493,9
2024-09-18 10:07:49.530000,408.2477142372171,102
2024-09-18 10:07:49.536000,408.258590612446,101
2024-09-18 10:07:49.605000,408.2685696529204,1001
2024-09-18 10:07:49.622000,408.2556627670057,97
2024-09-18 10:07:49.658000,408.27590725886137,11
2024-09-18 10:07:49.783000,408.24018811788295,96
2024-09-18 10:07:49.792000,408.3478081677492,100
2024-09-18 10:07:49.844000,408.3299508453063,1004
2024-09-18 10:07:49.884000,408.2365671024606,1003
2024-09-18 10:07:49.905000,408.325618448381,7
2024-09-18 10:07:49.926000,408.3402581171568,98
2024-09-18 10:07:49.946000,408.2659970293936,99
2024-09-18 10:07:50.004000,408.321119486266,1001
2024-09-18 10:07:50.056000,408.31586313233646,10
2024-09-18 10:07:50.161000,408.3197532481541,10
2024-09-18 10:07:50.162000,408.3263195412863,101
2024-09-18 10:07:50.171000,408.2388969137718,997
2024-09-18 10:07:50.391000,408.23454950438907,11
2024-09-18 10:07:50.431000,408.2973213111504,9
2024-09-18 10:07:50.439000,408.29821124604274,99
2024-09-18 10:07:50.450000,408.3240858835428,6
2024-09-18 10:07:50.478000,408.31233421805257,100
2024-09-18 10:07:50.489000,408.3073006502376,1002
2024-09-18 10:07:50.574000,408.303737838224,104
2024-09-18 10:07:50.589000,408.2932680810891,997
2024-09-18 10:07:50.626000,408.3006968960738,101
2024-09-18 10:07:50.627000,408.2564056717481,1005
2024-09-18 10:07:50.629000,408.2379497776074,7
2024-09-18 10:07:50.668000,408.27479559937154,10
2024-09-18 10:07:50.698000,408.2756432958292,6
2024-09-18 10:07:50.736000,408.3034831529842,1005
2024-09-18 10:07:50.773000,408.3111102038847,10
2024-09-18 10:07:50.824000,408.2221955416903,5
2024-09-18 10:07:50.856000,408.3273459347007,1004
2024-09-18 10:07:50.872000,408.29642463408936,14
2024-09-18 10:07:50.917000,408.30055461570686,8
2024-09-18 10:07:50.928000,408.2951803146431,1004
2024-09-18 10:07:50.935000,408.291674581467,1004
2024-09-18 10:07:50.947000,408.2492095226686,15
2024-09-18 10:07:51.004000,408.2751735082888,14
2024-09-18 10:07:51.047000,408.3095555677215,98
2024-09-18 10:07:51.094000,408.3027537954958,15
2024-09-18 10:07:51.106000,408.3225036968079,99
2024-09-18 10:07:51.117000,408.3183795971427,998
2024-09-18 10:07:51.138000,408.3139601151116,1005
2024-09-18 10:07:51.145000,408.31524288180935,996
2024-09-18 10:07:51.191000,408.28761653144215,995
2024-09-18 10:07:51.256000,408.28590908112807,99
2024-09-18 10:07:51.257000,408.2998916072657,15
2024-09-18 10:07:51.302000,408.3116091347592,10
2024-09-18 10:07:51.342000,408.2997236472382,97
2024-09-18 10:07:51.474000,408.3207498427154,998
2024-09-18 10:07:51.498000,408.2810768747512,105
2024-09-18 10:07:51.506000,408.31881208540113,6
2024-09-18 10:07:51.552000,408.317613073765,1003
2024-09-18 10:07:51.613000,408.3088513935702,99
2024-09-18 10:07:51.686000,408.327509332032,996
2024-09-18 10:07:51.723000,408.2769288324024,12
2024-09-18 10:07:51.736000,408.32121413612873,998
2024-09-18 10:07:51.746000,408.32730187484816,999
2024-09-18 10:07:51.753000,408.2974192463528,1000
2024-09-18 10:07:51.781000,408.31375595206543,96
2024-09-18 10:07:51.808000,408.31470210725297,14
2024-09-18 10:07:51.848000,408.3093294519165,14
2024-09-18 10:07:51.897000,408.3000476587271,995
2024-09-18 10:07:51.916000,408.319773759089,102
2024-09-18 10:07:51.997000,408.2859771272636,104
2024-09-18 10:07:52.003000,408.2290495067273,5
2024-09-18 10:07:52.023000,408.2186178814399,8
2024-09-18 10:07:52.049000,408.2575061931422,5
2024-09-18 10:07:52.101000,408.2412133705739,1005
2024-09-18 10:07:52.237000,408.2053957462117,5
2024-09-18 10:07:52.420000,408.288309125326,101
2024-09-18 10:07:52.434000,408.21216828224885,12
2024-09-18 10:07:52.511000,408.2195603659098,7
2024-09-18 10:07:52.592000,408.2763019105418,96
2024-09-18 10:07:52.608000,408.2402237719435,97
2024-09-18 10:07:52.662000,408.23870923720216,98
2024-09-18 10:07:52.704000,408.2850682963261,10
2024-09-18 10:07:52.738000,408.220913631069,9
2024-09-18 10:07:52.790000,408.2375065338962,9
2024-09-18 10:07:52.793000,408.2515970784524,999
2024-09-18 10:07:52.854000,408.273085580621,996
2024-09-18 10:07:52.856000,408.2245504740955,105
2024-09-18 10:07:52.867000,408.23375182830097,999
2024-09-18 10:07:52.870000,408.2549442939591,99
2024-09-18 10:07:52.873000,408.2216963000216,5
2024-09-18 10:07:52.985000,408.2767154559938,1003
2024-09-18 10:07:53.105000,408.2188891733244,10
2024-09-18 10:07:53.276000,408.1834754229004,998
2024-09-18 10:07:53.302000,408.1808993559986,5
2024-09-18 10:07:53.305000,408.1972665443117,98
2024-09-18 10:07:53.365000,408.1763193857137,996
2024-09-18 10:07:53.405000,408.2259317475888,97
2024-09-18 10:07:53.491000,408.1762691420146,1004
2024-09-18 10:07:53.513000,408.2067715784388,1002
2024-09-18 10:07:53.517000,408.15506810135713,14
2024-09-18 10:07:53.519000,408.1886412488194,13
2024-09-18 10:07:53.561000,408.19469955441593,995
2024-09-18 10:07:53.578000,408.21140581400846,9
2024-09-18 10:07:53.609000,408.2071207896935,13
2024-09-18 10:07:53.656000,408.1909402340166,104
2024-09-18 10:07:53.748000,408.1616011741192,97
2024-09-18 10:07:53.780000,408.1711062715216,15
2024-09-18 10:07:53.783000,408.2090557949141,1001
2024-09-18 10:07:53.793000,408.19168555443,10
2024-09-18 10:07:53.813000,408.1991959345428,13
2024-09-18 10:07:53.814000,408.160568324072,1004
2024-09-18 10:07:53.849000,408.16285678914943,5
2024-09-18 10:07:53.931000,408.1721631016128,15
2024-09-18 10:07:53.940000,408.1902398868565,12
2024-09-18 10:07:54.061000,408.1323701843508,995
2024-09-18 10:07:54.135000,408.1389387975689,995
2024-09-18 10:07:54.156000,408.1258682794068,995
2024-09-18 10:07:54.259000,408.1457486982687,1005
2024-09-18 10:07:54.493000,408.1419033656403,102
2024-09-18 10:07:54.584000,408.1230328189664,997
2024-09-18 10:07:54.588000,408.1314783466252,15
2024-09-18 10:07:54.860000,408.136246912088,105
2024-09-18 10:07:54.967000,408.1603295212854,5
2024-09-18 10:07:55.033000,408.1437758620944,96
2024-09-18 10:07:55.043000,408.120263035459,102
2024-09-18 10:07:55.043000,408.13293762601165,10
2024-09-18 10:07:55.075000,408.1301459037569,1005
2024-09-18 10:07:55.116000,408.1348079049175,13
2024-09-18 10:07:55.148000,408.1327782418038,15
2024-09-18 10:07:55.183000,408.1591619732461,998
2024-09-18 10:07:55.189000,408.19254163843806,1001
2024-09-18 10:07:55.210000,408.14155978572535,8
2024-09-18 10:07:55.249000,408.1731937350618,999
2024-09-18 10:07:55.255000,408.1321713357372,5
2024-09-18 10:07:55.261000,408.14024167154537,99
2024-09-18 10:07:55.323000,408.1640537692373,101
2024-09-18 10:07:55.328000,408.1461360456218,103
2024-09-18 10:07:55.440000,408.1471308325925,1004
2024-09-18 10:07:55.560000,408.1279171376393,1002
2024-09-18 10:07:55.644000,408.15240019388966,102
2024-09-18 10:07:55.701000,408.16048718181537,1005
2024-09-18 10:07:55.745000,408.1599235428813,1000
2024-09-18 10:07:55.748000,408.1396619374855,7
2024-09-18 10:07:55.748000,408.1318894541445,100
2024-09-18 10:07:55.763000,408.1460040248423,13
2024-09-18 10:07:55.836000,408.1725072107773,9
2024-09-18 10:07:56.034000,408.158718053819,1005
2024-09-18 10:07:56.086000,408.1432774702177,1000
2024-09-18 10:07:56.205000,408.1613172625157,15
2024-09-18 10:07:56.394000,408.16428323751967,13
2024-09-18 10:07:56.667000,408.1525292811424,999
2024-09-18 10:07:56.720000,408.15987750094416,1004
2024-09-18 10:07:56.751000,408.1711917747257,8
2024-09-18 10:07:56.938000,408.1388035515968,102
2024-09-18 10:07:57.145000,408.1673347233645,11
2024-09-18 10:07:57.694000,408.1734743300413,101
2024-09-18 10:07:58.039000,408.2078491320556,10
2024-09-18 10:07:58.109000,408.2286301775847,101
2024-09-18 10:07:58.137000,408.1975189583284,1002
2024-09-18 10:07:58.156000,408.23440733907125,95
2024-09-18 10:07:58.169000,408.2093124937363,996
2024-09-18 10:07:58.181000,408.26417664596113,104
2024-09-18 10:07:58.261000,408.2205228522674,101
2024-09-18 10:07:58.346000,408.2418305937421,96
2024-09-18 10:07:58.419000,408.25028702942166,1004
2024-09-18 10:07:58.454000,408.241299167984,101
2024-09-18 10:07:58.521000,408.243131544352,97
2024-09-18 10:07:58.543000,408.2454837950156,999
2024-09-18 10:07:58.577000,408.1805821855661,9
2024-09-18 10:07:58.633000,408.2280553348725,13
2024-09-18 10:07:58.708000,408.1731779190882,103
2024-09-18 10:07:58.735000,408.2286047528948,6
2024-09-18 10:07:58.742000,408.19445767114274,100
2024-09-18 10:07:58.792000,408.16103283408086,1003
2024-09-18 10:07:58.824000,408.2393573401618,102
2024-09-18 10:07:58.882000,408.17771377732623,96
2024-09-18 10:07:58.965000,408.2257622316433,7
2024-09-18 10:07:58.980000,408.20786694548735,999
2024-09-18 10:07:59.046000,408.1743593506287,999
2024-09-18 10:07:59.531000,408.1529086524948,6
2024-09-18 10:07:59.533000,408.2047017601315,101
2024-09-18 10:07:59.609000,408.1842400892956,103
2024-09-18 10:07:59.877000,408.19040656030046,996
2024-09-18 10:07:59.958000,408.1561333728943,1002
