Timestamp,Price,Size
2024-09-18 13:18:00,417.1741483107386,97
2024-09-18 13:18:00.059000,417.1603190841665,10
2024-09-18 13:18:00.067000,417.1581338020152,105
2024-09-18 13:18:00.118000,417.1022181382472,1001
2024-09-18 13:18:00.129000,417.1433748882856,1003
2024-09-18 13:18:00.237000,417.0993943271344,98
2024-09-18 13:18:00.267000,417.12876848378505,12
2024-09-18 13:18:00.332000,417.0998090710529,99
2024-09-18 13:18:00.358000,417.1111794000578,1000
2024-09-18 13:18:00.441000,417.114013884086,7
2024-09-18 13:18:00.636000,417.1267772927512,999
2024-09-18 13:18:00.648000,417.1547221485153,95
2024-09-18 13:18:00.721000,417.1294988044387,997
2024-09-18 13:18:00.776000,417.1436111928466,1001
2024-09-18 13:18:00.777000,417.1647472011642,104
2024-09-18 13:18:00.818000,417.1595980985945,96
2024-09-18 13:18:00.880000,417.16634702900353,102
2024-09-18 13:18:00.924000,417.14125405204726,101
2024-09-18 13:18:00.956000,417.1669486360676,6
2024-09-18 13:18:02.025000,417.2201988073706,100
2024-09-18 13:18:02.120000,417.22512461654287,98
2024-09-18 13:18:02.191000,417.2286451654826,997
2024-09-18 13:18:02.355000,417.2158080299093,1000
2024-09-18 13:18:02.379000,417.1780521653481,105
2024-09-18 13:18:02.380000,417.1725046214541,13
2024-09-18 13:18:02.530000,417.16526021182585,12
2024-09-18 13:18:02.818000,417.22030340298704,9
2024-09-18 13:18:02.857000,417.1882715373552,95
2024-09-18 13:18:02.965000,417.216913146319,104
2024-09-18 13:18:03.018000,417.30139661906793,99
2024-09-18 13:18:03.042000,417.2211723058935,15
2024-09-18 13:18:03.059000,417.2843920125746,999
2024-09-18 13:18:03.146000,417.2815303126594,1001
2024-09-18 13:18:03.208000,417.239445961648,1001
2024-09-18 13:18:03.214000,417.2950714461124,7
2024-09-18 13:18:03.242000,417.30461590278713,8
2024-09-18 13:18:03.317000,417.2305225394268,15
2024-09-18 13:18:03.329000,417.21496436628007,15
2024-09-18 13:18:03.358000,417.28421862582127,98
2024-09-18 13:18:03.486000,417.2376909639143,995
2024-09-18 13:18:03.569000,417.2157129067294,97
2024-09-18 13:18:03.586000,417.2691370358568,104
2024-09-18 13:18:03.588000,417.2851589834671,995
2024-09-18 13:18:03.630000,417.2917253671445,10
2024-09-18 13:18:03.656000,417.2087781666857,13
2024-09-18 13:18:03.663000,417.22220114654334,1003
2024-09-18 13:18:03.668000,417.2223607146354,10
2024-09-18 13:18:03.682000,417.2359023690914,98
2024-09-18 13:18:03.805000,417.21447707490086,8
2024-09-18 13:18:03.813000,417.23104419332327,105
2024-09-18 13:18:03.855000,417.2254118948052,1000
2024-09-18 13:18:03.885000,417.2690139835915,9
2024-09-18 13:18:03.904000,417.2301990183759,12
2024-09-18 13:18:03.969000,417.2726756847573,12
2024-09-18 13:18:03.970000,417.2945163243784,1002
2024-09-18 13:18:04.181000,417.2711216125027,101
2024-09-18 13:18:04.215000,417.3037938216314,10
2024-09-18 13:18:04.242000,417.27568821866777,1003
2024-09-18 13:18:04.393000,417.3098302730202,101
2024-09-18 13:18:04.449000,417.2810288996868,100
2024-09-18 13:18:04.536000,417.3131219497628,1005
2024-09-18 13:18:04.670000,417.2945764271613,9
2024-09-18 13:18:04.721000,417.3173011723174,98
2024-09-18 13:18:04.868000,417.2871745852417,101
2024-09-18 13:18:04.985000,417.3210162009602,997
2024-09-18 13:18:05.051000,417.2489108825706,99
2024-09-18 13:18:05.158000,417.26377768934833,997
2024-09-18 13:18:05.191000,417.2520424452583,96
2024-09-18 13:18:05.282000,417.25734769785663,102
2024-09-18 13:18:05.288000,417.26289891838377,999
2024-09-18 13:18:05.325000,417.2710121846705,997
2024-09-18 13:18:05.372000,417.2411497792769,5
2024-09-18 13:18:05.565000,417.25773153398507,14
2024-09-18 13:18:05.760000,417.2614164711941,998
2024-09-18 13:18:05.805000,417.2673431156731,13
2024-09-18 13:18:05.978000,417.2522903273263,996
2024-09-18 13:18:06.096000,417.27224806992007,96
2024-09-18 13:18:06.103000,417.22915552783786,95
2024-09-18 13:18:06.141000,417.2363095872429,999
2024-09-18 13:18:06.204000,417.26674729800527,105
2024-09-18 13:18:06.264000,417.2651788788162,7
2024-09-18 13:18:06.265000,417.248622342633,12
2024-09-18 13:18:06.297000,417.2809347868817,996
2024-09-18 13:18:06.317000,417.2410676089309,100
2024-09-18 13:18:06.353000,417.2507518248849,1003
2024-09-18 13:18:06.401000,417.2527480989789,1001
2024-09-18 13:18:06.405000,417.2524453947297,996
2024-09-18 13:18:06.445000,417.2393867456591,103
2024-09-18 13:18:06.455000,417.2512433330608,1001
2024-09-18 13:18:06.461000,417.2194270258822,98
2024-09-18 13:18:06.611000,417.28267574034766,15
2024-09-18 13:18:06.689000,417.2493544678189,1001
2024-09-18 13:18:06.720000,417.2417388276448,96
2024-09-18 13:18:06.735000,417.25435345794847,6
2024-09-18 13:18:06.767000,417.2396940623474,102
2024-09-18 13:18:06.797000,417.2378028811222,6
2024-09-18 13:18:06.838000,417.2550562960104,998
2024-09-18 13:18:06.863000,417.2573047545639,996
2024-09-18 13:18:07.384000,417.2995675282897,101
2024-09-18 13:18:07.676000,417.311323807604,1002
2024-09-18 13:18:07.745000,417.29369110975296,12
2024-09-18 13:18:08.064000,417.32026374242656,12
2024-09-18 13:18:08.070000,417.3538069339867,15
2024-09-18 13:18:08.099000,417.3529766090459,8
2024-09-18 13:18:08.171000,417.3796916517958,997
2024-09-18 13:18:08.244000,417.3587485130701,100
2024-09-18 13:18:08.314000,417.3652761135165,15
2024-09-18 13:18:08.417000,417.3857421733179,997
2024-09-18 13:18:08.474000,417.3637772147417,103
2024-09-18 13:18:08.523000,417.3741376696284,97
2024-09-18 13:18:08.561000,417.3557163610855,1002
2024-09-18 13:18:08.640000,417.3302427313535,102
2024-09-18 13:18:08.642000,417.3355075453952,98
2024-09-18 13:18:08.648000,417.3463689096619,10
2024-09-18 13:18:08.726000,417.31309244053375,98
2024-09-18 13:18:08.728000,417.35638834330456,14
2024-09-18 13:18:08.742000,417.33987999137065,5
2024-09-18 13:18:08.762000,417.3380627954516,98
2024-09-18 13:18:08.765000,417.3764253139672,14
2024-09-18 13:18:08.796000,417.35378466589486,13
2024-09-18 13:18:08.832000,417.3443273998552,12
2024-09-18 13:18:08.841000,417.3629349662761,99
2024-09-18 13:18:08.897000,417.3679125142274,103
2024-09-18 13:18:08.915000,417.3598134231365,9
2024-09-18 13:18:08.933000,417.3507811538324,13
2024-09-18 13:18:09.081000,417.2924907816527,8
2024-09-18 13:18:09.304000,417.2827692626603,105
2024-09-18 13:18:09.522000,417.3092106338017,1002
2024-09-18 13:18:09.808000,417.2993912757549,96
2024-09-18 13:18:09.844000,417.3204729795816,95
2024-09-18 13:18:10.028000,417.36094693407887,9
2024-09-18 13:18:10.105000,417.3107571693682,14
2024-09-18 13:18:10.131000,417.35315873171936,7
2024-09-18 13:18:10.184000,417.4027973079876,7
2024-09-18 13:18:10.238000,417.3109446031133,999
2024-09-18 13:18:10.357000,417.3444679457977,11
2024-09-18 13:18:10.362000,417.315263605154,10
2024-09-18 13:18:10.449000,417.4045130583482,10
2024-09-18 13:18:10.504000,417.3450731101822,7
2024-09-18 13:18:10.540000,417.4076517416084,7
2024-09-18 13:18:10.604000,417.3866358735252,105
2024-09-18 13:18:10.687000,417.293799749736,11
2024-09-18 13:18:10.692000,417.383295840914,10
2024-09-18 13:18:10.733000,417.30816655341545,100
2024-09-18 13:18:10.824000,417.3128671301901,1004
2024-09-18 13:18:10.824000,417.2996145106631,1002
2024-09-18 13:18:10.841000,417.4112724141816,12
2024-09-18 13:18:10.885000,417.298082366914,996
2024-09-18 13:18:10.927000,417.3835308480862,10
2024-09-18 13:18:10.992000,417.4149533462108,13
2024-09-18 13:18:11.016000,417.3981253138043,95
2024-09-18 13:18:11.042000,417.3922836875676,995
2024-09-18 13:18:11.094000,417.3935527478928,10
2024-09-18 13:18:11.113000,417.403115909961,1005
2024-09-18 13:18:11.118000,417.36470996735255,103
2024-09-18 13:18:11.129000,417.3816424323495,1000
2024-09-18 13:18:11.149000,417.4009236738346,999
2024-09-18 13:18:11.158000,417.4139285514927,999
2024-09-18 13:18:11.228000,417.36655136506863,1000
2024-09-18 13:18:11.229000,417.3809953598589,99
2024-09-18 13:18:11.266000,417.3931265922793,1000
2024-09-18 13:18:11.269000,417.4082139779271,1000
2024-09-18 13:18:11.389000,417.3901579633629,12
2024-09-18 13:18:11.411000,417.4121863144154,9
2024-09-18 13:18:11.528000,417.3863455235114,5
2024-09-18 13:18:11.617000,417.4012079109968,14
2024-09-18 13:18:11.625000,417.37490776479217,102
2024-09-18 13:18:11.681000,417.42785125097726,99
2024-09-18 13:18:11.681000,417.3860978565678,1004
2024-09-18 13:18:11.700000,417.38738076878553,102
2024-09-18 13:18:11.828000,417.4243004665061,9
2024-09-18 13:18:11.856000,417.4122577041911,101
2024-09-18 13:18:11.941000,417.3798411685058,1005
2024-09-18 13:18:11.960000,417.3808542541889,10
2024-09-18 13:18:12.079000,417.37995462520985,996
2024-09-18 13:18:12.166000,417.3888364183131,7
2024-09-18 13:18:12.177000,417.36639870034367,999
2024-09-18 13:18:12.193000,417.4059969571828,12
2024-09-18 13:18:12.193000,417.3525214638654,14
2024-09-18 13:18:12.208000,417.3752459155577,96
2024-09-18 13:18:12.249000,417.4133364348911,14
2024-09-18 13:18:12.259000,417.3726801490187,13
2024-09-18 13:18:12.322000,417.3564402440239,998
2024-09-18 13:18:12.633000,417.3983880612556,997
2024-09-18 13:18:12.941000,417.3637555035921,1000
2024-09-18 13:18:13.025000,417.348118911666,101
2024-09-18 13:18:13.032000,417.31342982108936,13
2024-09-18 13:18:13.035000,417.3005596767492,999
2024-09-18 13:18:13.038000,417.3275150128597,101
2024-09-18 13:18:13.040000,417.33987915536846,5
2024-09-18 13:18:13.065000,417.30837556638346,995
2024-09-18 13:18:13.124000,417.3313882454412,98
2024-09-18 13:18:13.198000,417.2779343953882,11
2024-09-18 13:18:13.474000,417.2798465323888,7
2024-09-18 13:18:13.503000,417.35874135850105,995
2024-09-18 13:18:13.609000,417.2829351961037,100
2024-09-18 13:18:13.634000,417.375548300291,98
2024-09-18 13:18:13.653000,417.35730262473993,997
2024-09-18 13:18:13.658000,417.3019644243424,8
2024-09-18 13:18:13.681000,417.2632608085144,997
2024-09-18 13:18:13.682000,417.345654769402,96
2024-09-18 13:18:13.784000,417.2806140219545,104
2024-09-18 13:18:13.801000,417.331680571023,98
2024-09-18 13:18:13.829000,417.3311332989247,95
2024-09-18 13:18:13.869000,417.3475156144294,6
2024-09-18 13:18:13.965000,417.3663819176251,996
2024-09-18 13:18:13.998000,417.3105046385261,999
2024-09-18 13:18:14.034000,417.245370550768,997
2024-09-18 13:18:14.046000,417.227285669541,998
2024-09-18 13:18:14.183000,417.25647018511967,101
2024-09-18 13:18:14.224000,417.24359414741656,995
2024-09-18 13:18:14.226000,417.23175777056287,1001
2024-09-18 13:18:14.307000,417.2959159750063,104
2024-09-18 13:18:14.313000,417.2772475344848,105
2024-09-18 13:18:14.360000,417.2571954296305,6
2024-09-18 13:18:14.363000,417.1975045647226,1002
2024-09-18 13:18:14.368000,417.2095450125178,1001
2024-09-18 13:18:14.438000,417.28642432705846,97
2024-09-18 13:18:14.625000,417.281261800599,103
2024-09-18 13:18:14.647000,417.2333675385936,100
2024-09-18 13:18:14.683000,417.1894280432084,997
2024-09-18 13:18:14.692000,417.23677467728095,96
2024-09-18 13:18:14.692000,417.2913542524256,98
2024-09-18 13:18:14.722000,417.242448329624,99
2024-09-18 13:18:14.801000,417.27849723662433,11
2024-09-18 13:18:14.830000,417.1984841432824,995
2024-09-18 13:18:14.902000,417.226639662785,1002
2024-09-18 13:18:14.970000,417.1719135248836,999
2024-09-18 13:18:15.008000,417.1719230786379,101
2024-09-18 13:18:15.075000,417.1766798161406,5
2024-09-18 13:18:15.075000,417.1637289844018,11
2024-09-18 13:18:15.184000,417.14522526650046,98
2024-09-18 13:18:15.235000,417.1517912116519,6
2024-09-18 13:18:15.446000,417.1482436171041,1004
2024-09-18 13:18:15.606000,417.1608935453776,95
2024-09-18 13:18:15.614000,417.1685938880044,11
2024-09-18 13:18:15.637000,417.1779247608966,98
2024-09-18 13:18:15.786000,417.1666460649366,1001
2024-09-18 13:18:15.927000,417.1696192342038,1001
2024-09-18 13:18:15.937000,417.1692845422919,100
2024-09-18 13:18:16.367000,417.1412504231078,8
2024-09-18 13:18:16.518000,417.1555957435998,1001
2024-09-18 13:18:16.538000,417.1542816660706,97
2024-09-18 13:18:16.909000,417.141364085008,996
2024-09-18 13:18:16.947000,417.1323553170852,10
2024-09-18 13:18:17.045000,417.1224721619045,95
2024-09-18 13:18:17.086000,417.1378233025224,1000
2024-09-18 13:18:17.294000,417.1374145398641,7
2024-09-18 13:18:17.303000,417.1436362564323,98
2024-09-18 13:18:17.345000,417.155794860886,8
2024-09-18 13:18:17.352000,417.1210979514855,95
2024-09-18 13:18:17.369000,417.1287740519495,5
2024-09-18 13:18:17.424000,417.11909452915074,9
2024-09-18 13:18:17.453000,417.1588464632269,1003
2024-09-18 13:18:17.494000,417.1355656003552,102
2024-09-18 13:18:17.571000,417.13883885895393,14
2024-09-18 13:18:17.575000,417.15679575801886,13
2024-09-18 13:18:17.591000,417.12044041595897,6
2024-09-18 13:18:17.623000,417.1487865484864,13
2024-09-18 13:18:17.634000,417.1231302601122,1005
2024-09-18 13:18:17.823000,417.15108208211547,12
2024-09-18 13:18:17.901000,417.14436556282055,7
2024-09-18 13:18:17.912000,417.153809336713,96
2024-09-18 13:18:17.922000,417.1488076406252,105
2024-09-18 13:18:17.963000,417.1424220391898,999
2024-09-18 13:18:17.995000,417.1380084164204,98
2024-09-18 13:18:18.526000,417.1626618441815,105
2024-09-18 13:18:19.074000,417.1694425660931,100
2024-09-18 13:18:19.081000,417.1492979981967,100
2024-09-18 13:18:19.146000,417.1479161190497,999
2024-09-18 13:18:19.180000,417.1589647125135,10
2024-09-18 13:18:19.239000,417.1579541723092,1004
2024-09-18 13:18:19.344000,417.1204533357317,9
2024-09-18 13:18:19.381000,417.143725692678,104
2024-09-18 13:18:19.463000,417.1562100497934,1005
2024-09-18 13:18:19.508000,417.15136757922033,12
2024-09-18 13:18:19.531000,417.1535055237048,999
2024-09-18 13:18:19.552000,417.17563903115627,96
2024-09-18 13:18:19.718000,417.17204365167055,104
2024-09-18 13:18:19.858000,417.15560325782354,997
2024-09-18 13:18:19.929000,417.1617112373124,96
2024-09-18 13:18:19.932000,417.150882948223,1004
2024-09-18 13:18:19.936000,417.1625325460148,996
2024-09-18 13:18:19.942000,417.1597862023812,7
2024-09-18 13:18:19.958000,417.17079103761074,97
2024-09-18 13:18:19.967000,417.1636216336142,1002
2024-09-18 13:18:19.988000,417.160862470814,104
2024-09-18 13:18:20.172000,417.1088900541875,104
2024-09-18 13:18:20.912000,417.13675529792494,105
2024-09-18 13:18:21.059000,417.09692012758313,103
2024-09-18 13:18:21.099000,417.0975751297868,9
2024-09-18 13:18:21.146000,417.0982400453488,99
2024-09-18 13:18:21.178000,417.0795724585664,995
2024-09-18 13:18:21.286000,417.0848595439333,1005
2024-09-18 13:18:21.307000,417.0584876676204,13
2024-09-18 13:18:21.378000,417.06921809704113,1000
2024-09-18 13:18:21.421000,417.09036092129327,14
2024-09-18 13:18:21.447000,417.0891215455779,10
2024-09-18 13:18:21.506000,417.08881505938376,996
2024-09-18 13:18:21.571000,417.09325273583465,14
2024-09-18 13:18:21.572000,417.08143805600736,995
2024-09-18 13:18:21.660000,417.0843555129338,6
2024-09-18 13:18:21.694000,417.09147644752846,14
2024-09-18 13:18:21.768000,417.0825116843526,105
2024-09-18 13:18:21.844000,417.1049995589462,10
2024-09-18 13:18:21.855000,417.07864456627067,998
2024-09-18 13:18:21.864000,417.1030978344917,14
2024-09-18 13:18:21.884000,417.0638961249522,1005
2024-09-18 13:18:21.949000,417.07334533369857,1002
2024-09-18 13:18:21.954000,417.0873506445889,995
2024-09-18 13:18:21.959000,417.1088202705599,1001
2024-09-18 13:18:21.966000,417.083740944613,1001
2024-09-18 13:18:21.990000,417.092153939077,9
2024-09-18 13:18:22.030000,417.2039836752589,98
2024-09-18 13:18:22.060000,417.1444854386552,99
2024-09-18 13:18:22.065000,417.2008759479925,11
2024-09-18 13:18:22.087000,417.1438624095316,95
2024-09-18 13:18:22.092000,417.1246210658613,1005
2024-09-18 13:18:22.225000,417.0878732799418,96
2024-09-18 13:18:22.234000,417.1560260757238,1000
2024-09-18 13:18:22.321000,417.0914131854688,1005
2024-09-18 13:18:22.348000,417.1960031641122,999
2024-09-18 13:18:22.356000,417.145369891199,1003
2024-09-18 13:18:22.395000,417.1121761375639,11
2024-09-18 13:18:22.407000,417.0585724819716,103
2024-09-18 13:18:22.439000,417.2001305871538,100
2024-09-18 13:18:22.449000,417.1732428832175,95
2024-09-18 13:18:22.475000,417.0943324999611,1002
2024-09-18 13:18:22.565000,417.1182951531092,9
2024-09-18 13:18:22.581000,417.0766959669064,1003
2024-09-18 13:18:22.618000,417.0515237318601,99
2024-09-18 13:18:22.631000,417.14607514621474,103
2024-09-18 13:18:22.637000,417.1032939264216,105
2024-09-18 13:18:22.665000,417.0961426957911,997
2024-09-18 13:18:22.691000,417.09813200669896,1000
2024-09-18 13:18:22.712000,417.0737038618957,105
2024-09-18 13:18:22.856000,417.204879278826,6
2024-09-18 13:18:22.873000,417.1953603743905,1002
2024-09-18 13:18:22.892000,417.0570081064457,102
2024-09-18 13:18:22.941000,417.0717662106993,996
2024-09-18 13:18:22.962000,417.09651189103226,102
2024-09-18 13:18:23.023000,417.21893958916667,100
2024-09-18 13:18:23.079000,417.2286598622353,997
2024-09-18 13:18:23.333000,417.2238595162824,1004
2024-09-18 13:18:23.356000,417.1844519607648,5
2024-09-18 13:18:23.390000,417.1910663655018,998
2024-09-18 13:18:23.435000,417.1990030692325,995
2024-09-18 13:18:23.446000,417.2031538264641,7
2024-09-18 13:18:23.502000,417.22684032000126,98
2024-09-18 13:18:23.543000,417.1871244565145,1003
2024-09-18 13:18:23.617000,417.214451247,105
2024-09-18 13:18:23.761000,417.1740469686009,10
2024-09-18 13:18:23.883000,417.2180220532883,104
2024-09-18 13:18:23.962000,417.20086053124464,14
2024-09-18 13:18:23.991000,417.2078174453538,99
2024-09-18 13:18:24.053000,417.2804233711116,13
2024-09-18 13:18:24.140000,417.23195171783794,9
2024-09-18 13:18:24.332000,417.27846665479854,13
2024-09-18 13:18:24.426000,417.279786937809,97
2024-09-18 13:18:24.468000,417.2276554978269,105
2024-09-18 13:18:24.580000,417.2900867901256,95
2024-09-18 13:18:24.622000,417.2784668309336,999
2024-09-18 13:18:24.627000,417.2440287249712,99
2024-09-18 13:18:24.761000,417.2575611104511,997
2024-09-18 13:18:24.824000,417.2615925992,1000
2024-09-18 13:18:25.996000,417.2900861177093,1001
2024-09-18 13:18:26.043000,417.2798498245746,99
2024-09-18 13:18:26.091000,417.2838824136151,104
2024-09-18 13:18:26.123000,417.2893487028283,101
2024-09-18 13:18:26.243000,417.26624364922986,9
2024-09-18 13:18:26.246000,417.2884055915768,9
2024-09-18 13:18:26.281000,417.2837222712977,1004
2024-09-18 13:18:26.311000,417.2702817550433,6
2024-09-18 13:18:26.357000,417.2865422947885,95
2024-09-18 13:18:26.428000,417.28560436640606,1003
2024-09-18 13:18:26.459000,417.2666085133039,1002
2024-09-18 13:18:26.462000,417.2869220704204,12
2024-09-18 13:18:26.467000,417.28632160721935,11
2024-09-18 13:18:26.526000,417.27152215218746,1001
2024-09-18 13:18:26.533000,417.2931455852841,5
2024-09-18 13:18:26.548000,417.2822103940658,9
2024-09-18 13:18:26.553000,417.2762459869056,10
2024-09-18 13:18:26.585000,417.28926982970535,95
2024-09-18 13:18:26.638000,417.2785294415031,11
2024-09-18 13:18:26.640000,417.2703456110008,105
2024-09-18 13:18:26.680000,417.2796403649127,102
2024-09-18 13:18:26.864000,417.26536363388936,14
2024-09-18 13:18:26.873000,417.2713677240471,96
2024-09-18 13:18:26.929000,417.27655544082864,6
2024-09-18 13:18:26.947000,417.2793232723938,99
2024-09-18 13:18:26.950000,417.2683910363109,101
2024-09-18 13:18:26.970000,417.2785910718425,5
2024-09-18 13:18:27.002000,417.30361153723777,13
2024-09-18 13:18:27.171000,417.25028084429215,1003
2024-09-18 13:18:27.260000,417.35892767691246,995
2024-09-18 13:18:27.278000,417.3336828245633,1005
2024-09-18 13:18:27.299000,417.2769361642461,1002
2024-09-18 13:18:27.330000,417.3359329821246,99
2024-09-18 13:18:27.334000,417.351670506645,95
2024-09-18 13:18:27.398000,417.3227870659963,1004
2024-09-18 13:18:27.472000,417.26554938922726,9
2024-09-18 13:18:27.547000,417.33249963353694,97
2024-09-18 13:18:27.561000,417.24840831074414,1001
2024-09-18 13:18:27.619000,417.31264986694174,15
2024-09-18 13:18:27.639000,417.2859035659888,10
2024-09-18 13:18:27.726000,417.33941666210376,13
2024-09-18 13:18:27.751000,417.2515522758024,12
2024-09-18 13:18:27.768000,417.29680688486974,998
2024-09-18 13:18:27.790000,417.3339524656701,98
2024-09-18 13:18:27.848000,417.2412063183199,100
2024-09-18 13:18:27.866000,417.3449821021243,12
2024-09-18 13:18:27.876000,417.2935755140985,6
2024-09-18 13:18:27.941000,417.2414073539295,104
2024-09-18 13:18:28.001000,417.2157737535924,105
2024-09-18 13:18:28.038000,417.2340086682575,10
2024-09-18 13:18:28.078000,417.1912400432737,1000
2024-09-18 13:18:28.191000,417.237121398575,101
2024-09-18 13:18:28.196000,417.2083753881117,101
2024-09-18 13:18:28.285000,417.22792201935545,5
2024-09-18 13:18:28.302000,417.21019976036496,105
2024-09-18 13:18:28.384000,417.21984904587066,999
2024-09-18 13:18:28.402000,417.2389914217984,99
2024-09-18 13:18:28.549000,417.2025684327096,105
2024-09-18 13:18:28.675000,417.2140319083152,104
2024-09-18 13:18:28.826000,417.2353778503999,100
2024-09-18 13:18:28.844000,417.206726303676,995
2024-09-18 13:18:28.861000,417.2104357596834,1004
2024-09-18 13:18:28.871000,417.2047165535678,1005
2024-09-18 13:18:28.879000,417.2043819001357,104
2024-09-18 13:18:29.010000,417.2138922198902,997
2024-09-18 13:18:29.015000,417.19092489946814,9
2024-09-18 13:18:29.025000,417.1456390732052,5
2024-09-18 13:18:29.047000,417.1082561318573,11
2024-09-18 13:18:29.304000,417.0933824291399,1002
2024-09-18 13:18:29.312000,417.1272673388744,11
2024-09-18 13:18:29.327000,417.1050103972077,14
2024-09-18 13:18:29.365000,417.1150441589897,1001
2024-09-18 13:18:29.446000,417.1499306738135,96
2024-09-18 13:18:29.515000,417.1968160354262,97
2024-09-18 13:18:29.537000,417.212795439696,11
2024-09-18 13:18:29.549000,417.1332158428985,1003
2024-09-18 13:18:29.553000,417.21661414242175,997
2024-09-18 13:18:29.554000,417.19068877388105,1000
2024-09-18 13:18:29.594000,417.109617833272,105
2024-09-18 13:18:29.602000,417.1308588174071,95
2024-09-18 13:18:29.687000,417.1918170958028,6
2024-09-18 13:18:29.771000,417.133704252075,102
2024-09-18 13:18:29.781000,417.1562273516656,1002
2024-09-18 13:18:29.793000,417.0907563224208,995
2024-09-18 13:18:29.813000,417.1744351879904,1000
2024-09-18 13:18:29.866000,417.2039138354778,103
2024-09-18 13:18:29.912000,417.12407292344056,98
2024-09-18 13:18:30.029000,417.1397125618958,97
2024-09-18 13:18:30.094000,417.0974855802486,98
2024-09-18 13:18:30.103000,417.14075104989854,15
2024-09-18 13:18:30.131000,417.0795926481115,98
2024-09-18 13:18:30.201000,417.12370246149015,102
2024-09-18 13:18:30.225000,417.0826445178846,99
2024-09-18 13:18:30.279000,417.14732017515576,95
2024-09-18 13:18:30.291000,417.132887429643,996
2024-09-18 13:18:30.293000,417.0946373347126,11
2024-09-18 13:18:30.329000,417.0879258865564,98
2024-09-18 13:18:30.352000,417.1440588548817,97
2024-09-18 13:18:30.379000,417.1548953459243,998
2024-09-18 13:18:30.444000,417.13853151409273,998
2024-09-18 13:18:30.463000,417.1148336193318,995
2024-09-18 13:18:30.487000,417.1568946485749,7
2024-09-18 13:18:30.579000,417.1473859516104,5
2024-09-18 13:18:30.633000,417.153171510521,96
2024-09-18 13:18:30.646000,417.0956692355276,9
2024-09-18 13:18:30.692000,417.0933905005496,997
2024-09-18 13:18:30.785000,417.06725673017615,998
2024-09-18 13:18:30.790000,417.07574236716135,999
2024-09-18 13:18:30.850000,417.08880466810047,6
2024-09-18 13:18:30.904000,417.14254446780535,104
2024-09-18 13:18:30.914000,417.1315180343656,997
2024-09-18 13:18:30.975000,417.0913166309715,7
2024-09-18 13:18:30.998000,417.1306331223935,101
2024-09-18 13:18:31.011000,417.10830014856754,999
2024-09-18 13:18:31.031000,417.12183947753647,7
2024-09-18 13:18:31.051000,417.1188738475811,5
2024-09-18 13:18:31.071000,417.1165976923153,1003
2024-09-18 13:18:31.102000,417.1186568825185,995
2024-09-18 13:18:31.130000,417.1455346494664,101
2024-09-18 13:18:31.164000,417.1058087097342,11
2024-09-18 13:18:31.176000,417.1155776841841,10
2024-09-18 13:18:31.179000,417.0915098154852,12
2024-09-18 13:18:31.181000,417.1159678468424,997
2024-09-18 13:18:31.328000,417.09197890074927,998
2024-09-18 13:18:31.434000,417.1383017394157,8
2024-09-18 13:18:31.469000,417.1601887363403,995
2024-09-18 13:18:31.560000,417.09691234420666,1003
2024-09-18 13:18:31.587000,417.1448883943855,97
2024-09-18 13:18:31.588000,417.1303818034183,13
2024-09-18 13:18:31.653000,417.0991482465327,996
2024-09-18 13:18:31.674000,417.0886088297717,1001
2024-09-18 13:18:31.684000,417.1401666318743,1002
2024-09-18 13:18:31.747000,417.11083418822176,15
2024-09-18 13:18:31.793000,417.1371780357069,103
2024-09-18 13:18:31.850000,417.1328641692139,12
2024-09-18 13:18:32.572000,417.1433954132109,100
2024-09-18 13:18:33.180000,417.1083845178642,10
2024-09-18 13:18:33.210000,417.1364569414836,12
2024-09-18 13:18:33.255000,417.1557889217317,1002
2024-09-18 13:18:33.278000,417.138018267967,104
2024-09-18 13:18:33.293000,417.1202677434633,1000
2024-09-18 13:18:33.454000,417.144117312381,98
2024-09-18 13:18:33.461000,417.1478926892708,7
2024-09-18 13:18:33.516000,417.15362768732496,14
2024-09-18 13:18:33.567000,417.124865608234,999
2024-09-18 13:18:33.572000,417.1619978995834,11
2024-09-18 13:18:33.608000,417.1723004797914,1005
2024-09-18 13:18:33.616000,417.1528752271483,998
2024-09-18 13:18:33.685000,417.136250460433,1005
2024-09-18 13:18:33.739000,417.11748614474334,998
2024-09-18 13:18:33.744000,417.13547118422713,6
2024-09-18 13:18:33.825000,417.13795035909146,97
2024-09-18 13:18:33.861000,417.0922994405719,1001
2024-09-18 13:18:33.890000,417.15599000300153,997
2024-09-18 13:18:33.955000,417.1093670987306,12
2024-09-18 13:18:35.477000,417.1148303511232,998
2024-09-18 13:18:35.533000,417.1589976479214,11
2024-09-18 13:18:35.813000,417.1345382964283,11
2024-09-18 13:18:36.047000,417.0755734325261,1004
2024-09-18 13:18:36.074000,417.1655891469312,98
2024-09-18 13:18:36.125000,417.13158401701264,11
2024-09-18 13:18:36.202000,417.0867442454183,96
2024-09-18 13:18:36.246000,417.1531759715531,99
2024-09-18 13:18:36.329000,417.085385751314,997
2024-09-18 13:18:36.336000,417.0774013810266,103
2024-09-18 13:18:36.362000,417.0875725824108,1005
2024-09-18 13:18:36.369000,417.1163277064104,10
2024-09-18 13:18:36.401000,417.1314453320068,6
2024-09-18 13:18:36.437000,417.115892777322,14
2024-09-18 13:18:36.487000,417.084607324413,15
2024-09-18 13:18:36.528000,417.0797101233472,997
2024-09-18 13:18:36.546000,417.0904890442568,1005
2024-09-18 13:18:36.559000,417.1100689048175,996
2024-09-18 13:18:36.631000,417.0783060432032,7
2024-09-18 13:18:36.771000,417.132143414058,7
2024-09-18 13:18:36.860000,417.1153163781134,997
2024-09-18 13:18:36.883000,417.1557105816107,996
2024-09-18 13:18:36.885000,417.1591195551526,1005
2024-09-18 13:18:36.887000,417.09787726059386,6
2024-09-18 13:18:36.897000,417.127374834388,11
2024-09-18 13:18:36.898000,417.0710450077674,101
2024-09-18 13:18:36.943000,417.1332998184817,6
2024-09-18 13:18:36.977000,417.1275810048541,7
2024-09-18 13:18:36.996000,417.12880936579273,103
2024-09-18 13:18:37.099000,417.0570663089043,104
2024-09-18 13:18:37.154000,417.06601087214926,1003
2024-09-18 13:18:37.207000,417.04601826518734,12
2024-09-18 13:18:37.283000,417.0763109260293,11
2024-09-18 13:18:37.325000,417.048693409849,13
2024-09-18 13:18:37.476000,417.06587047762144,9
2024-09-18 13:18:37.569000,417.0856579959144,13
2024-09-18 13:18:37.637000,417.0686559906217,997
2024-09-18 13:18:37.643000,417.0620316946444,97
2024-09-18 13:18:37.645000,417.0658650824619,105
2024-09-18 13:18:37.666000,417.0678633396896,1001
2024-09-18 13:18:37.734000,417.0509160238899,13
2024-09-18 13:18:37.777000,417.0970285600241,998
2024-09-18 13:18:37.808000,417.0754555214812,12
2024-09-18 13:18:37.869000,417.0627090792569,1002
2024-09-18 13:18:37.873000,417.0702402339974,6
2024-09-18 13:18:37.898000,417.0641095466217,7
2024-09-18 13:18:37.937000,417.05632369907926,998
2024-09-18 13:18:37.993000,417.05286438077775,1003
2024-09-18 13:18:38.181000,417.0742724090424,101
2024-09-18 13:18:38.186000,417.06112796234623,12
2024-09-18 13:18:38.204000,417.1025903701128,97
2024-09-18 13:18:38.271000,417.0800155692688,95
2024-09-18 13:18:38.276000,417.0655451641472,15
2024-09-18 13:18:38.361000,417.0769406152989,996
2024-09-18 13:18:38.391000,417.0879862869382,104
2024-09-18 13:18:38.438000,417.0800629736262,1003
2024-09-18 13:18:38.503000,417.085139532542,98
2024-09-18 13:18:38.571000,417.0992334752047,8
2024-09-18 13:18:38.608000,417.0619092429345,99
2024-09-18 13:18:38.630000,417.0743743521109,1002
2024-09-18 13:18:38.631000,417.083821406403,10
2024-09-18 13:18:38.677000,417.09059325243095,11
2024-09-18 13:18:38.706000,417.0703785172089,1000
2024-09-18 13:18:38.708000,417.0652960148059,11
2024-09-18 13:18:39.090000,417.0789807325773,6
2024-09-18 13:18:39.120000,417.1033817621613,98
2024-09-18 13:18:39.124000,417.1108331597704,1000
2024-09-18 13:18:39.142000,417.0809441511293,99
2024-09-18 13:18:39.210000,417.0748062300776,12
2024-09-18 13:18:39.226000,417.0865164573434,997
2024-09-18 13:18:39.250000,417.1090283671042,1000
2024-09-18 13:18:39.263000,417.1056655263352,5
2024-09-18 13:18:39.268000,417.0772073137776,9
2024-09-18 13:18:39.377000,417.101829504579,7
2024-09-18 13:18:39.439000,417.0990878740093,15
2024-09-18 13:18:39.526000,417.080307936242,999
2024-09-18 13:18:39.564000,417.06185116328334,999
2024-09-18 13:18:39.566000,417.0863345851085,10
2024-09-18 13:18:39.577000,417.0827035471632,5
2024-09-18 13:18:39.581000,417.09213776559847,1003
2024-09-18 13:18:39.582000,417.0581866728456,15
2024-09-18 13:18:39.599000,417.0584448248174,11
2024-09-18 13:18:39.630000,417.105401761574,14
2024-09-18 13:18:39.661000,417.090737724944,995
2024-09-18 13:18:39.674000,417.0956483981506,15
2024-09-18 13:18:39.723000,417.0762970853004,998
2024-09-18 13:18:39.778000,417.08706584005967,96
2024-09-18 13:18:39.791000,417.09103709695074,9
2024-09-18 13:18:39.839000,417.0822750401015,10
2024-09-18 13:18:39.963000,417.0971853579948,7
2024-09-18 13:18:39.991000,417.0779918384518,104
2024-09-18 13:18:40.003000,417.0147583868588,101
2024-09-18 13:18:40.004000,417.0068520769567,99
2024-09-18 13:18:40.008000,416.9964437519,996
2024-09-18 13:18:40.077000,417.0051483470471,5
2024-09-18 13:18:40.118000,416.99850431301127,1003
2024-09-18 13:18:40.164000,417.0308755172956,1001
2024-09-18 13:18:40.171000,417.0185440460376,7
2024-09-18 13:18:40.221000,417.00186421426224,997
2024-09-18 13:18:40.222000,417.0055367034512,5
2024-09-18 13:18:40.227000,417.00453763197066,102
2024-09-18 13:18:40.236000,417.00097026520655,6
2024-09-18 13:18:40.266000,417.0151253861719,13
2024-09-18 13:18:40.272000,416.9902864294896,999
2024-09-18 13:18:40.335000,416.9890436221303,13
2024-09-18 13:18:40.392000,417.0154853381019,98
2024-09-18 13:18:40.457000,417.01862363249705,102
2024-09-18 13:18:40.470000,417.0081357337357,1003
2024-09-18 13:18:40.488000,416.9946332151321,999
2024-09-18 13:18:40.511000,417.0036226102041,1002
2024-09-18 13:18:40.538000,417.0129265468939,9
2024-09-18 13:18:40.610000,417.0315625202718,6
2024-09-18 13:18:40.659000,417.0218728738673,99
2024-09-18 13:18:40.708000,417.00289506846366,104
2024-09-18 13:18:40.836000,417.0118344551408,5
2024-09-18 13:18:40.868000,417.0089240485301,103
2024-09-18 13:18:40.875000,417.0269984414265,1002
2024-09-18 13:18:40.907000,417.007370018836,995
2024-09-18 13:18:40.946000,417.02694059386914,1000
2024-09-18 13:18:42.012000,417.0294881890584,996
2024-09-18 13:18:42.241000,417.0361725253449,15
2024-09-18 13:18:42.392000,417.0387732377689,998
2024-09-18 13:18:42.546000,417.0169946716613,999
2024-09-18 13:18:42.582000,417.0334647917006,13
2024-09-18 13:18:42.623000,417.00429043702,95
2024-09-18 13:18:43.045000,417.0448131536671,1002
2024-09-18 13:18:43.046000,417.04620864006586,1005
2024-09-18 13:18:43.053000,417.0259255859311,7
2024-09-18 13:18:43.064000,417.0297865366812,100
2024-09-18 13:18:43.078000,417.02943737046377,6
2024-09-18 13:18:43.128000,417.0300202142504,998
2024-09-18 13:18:43.131000,417.0378569579741,11
2024-09-18 13:18:43.137000,417.03214984274194,10
2024-09-18 13:18:43.194000,417.0128960917712,997
2024-09-18 13:18:43.250000,417.0400549242645,102
2024-09-18 13:18:43.256000,417.0442728517508,10
2024-09-18 13:18:43.303000,417.0426848420033,103
2024-09-18 13:18:43.348000,417.0529900425308,6
2024-09-18 13:18:43.424000,417.0433991838187,100
2024-09-18 13:18:43.532000,417.0348058445937,13
2024-09-18 13:18:43.534000,417.0476051121214,7
2024-09-18 13:18:43.562000,417.0358455593644,14
2024-09-18 13:18:43.622000,417.0565257557685,5
2024-09-18 13:18:43.661000,417.02258890670106,1001
2024-09-18 13:18:43.674000,417.038440132807,999
2024-09-18 13:18:43.772000,417.02440405454416,15
2024-09-18 13:18:43.810000,417.041208578052,13
2024-09-18 13:18:43.828000,417.0509545632802,10
2024-09-18 13:18:43.840000,417.0431284483565,15
2024-09-18 13:18:43.854000,417.0389101605594,102
2024-09-18 13:18:43.933000,417.0222541952828,97
2024-09-18 13:18:43.975000,417.0353776086725,6
2024-09-18 13:18:44.159000,417.0511592402284,997
2024-09-18 13:18:44.505000,417.060201151501,13
2024-09-18 13:18:45.005000,417.1687201098536,995
2024-09-18 13:18:45.008000,417.1833331947642,10
2024-09-18 13:18:45.009000,417.13161405874,12
2024-09-18 13:18:45.071000,417.16403960237767,5
2024-09-18 13:18:45.113000,417.1146050670389,99
2024-09-18 13:18:45.219000,417.0346355602041,7
2024-09-18 13:18:45.222000,417.1563853474033,8
2024-09-18 13:18:45.225000,417.0532025459048,98
2024-09-18 13:18:45.239000,417.1514009274874,95
2024-09-18 13:18:45.264000,417.171040465507,101
2024-09-18 13:18:45.313000,417.1929259550508,10
2024-09-18 13:18:45.384000,417.1602391671002,12
2024-09-18 13:18:45.440000,417.1590553908516,1000
2024-09-18 13:18:45.504000,417.09944762403984,1003
2024-09-18 13:18:45.525000,417.1492170912048,95
2024-09-18 13:18:45.549000,417.20426647882175,14
2024-09-18 13:18:45.632000,417.1568692627397,9
2024-09-18 13:18:45.637000,417.0606515499431,1001
2024-09-18 13:18:45.652000,417.0776295802975,102
2024-09-18 13:18:45.796000,417.0958379074919,96
2024-09-18 13:18:45.806000,417.0181061867806,7
2024-09-18 13:18:45.810000,417.0848208343949,1002
2024-09-18 13:18:45.812000,417.11869750606,6
2024-09-18 13:18:45.910000,417.1563082134706,1005
2024-09-18 13:18:45.998000,417.1603468333409,101
2024-09-18 13:18:46.117000,417.2633560547936,1000
2024-09-18 13:18:46.133000,417.2086480528736,96
2024-09-18 13:18:46.135000,417.2122656626767,1003
2024-09-18 13:18:46.176000,417.25316737255247,102
2024-09-18 13:18:46.421000,417.1938219056989,1000
2024-09-18 13:18:46.485000,417.2447429749685,102
2024-09-18 13:18:46.492000,417.2512669619074,10
2024-09-18 13:18:46.610000,417.2118919901733,8
2024-09-18 13:18:46.650000,417.2075728884668,103
2024-09-18 13:18:46.716000,417.23891401109006,99
2024-09-18 13:18:46.778000,417.1980239703092,98
2024-09-18 13:18:46.827000,417.1784009040114,96
2024-09-18 13:18:46.886000,417.2145289897701,8
2024-09-18 13:18:46.898000,417.2242633347099,8
2024-09-18 13:18:47.080000,417.2156851283484,1004
2024-09-18 13:18:47.115000,417.2156151145962,95
2024-09-18 13:18:47.189000,417.1787503018237,6
2024-09-18 13:18:47.192000,417.20333482124994,97
2024-09-18 13:18:47.198000,417.2008768274951,1004
2024-09-18 13:18:47.223000,417.22419569058513,998
2024-09-18 13:18:47.367000,417.2050769675925,14
2024-09-18 13:18:47.419000,417.20646120495695,14
2024-09-18 13:18:47.502000,417.2520071241034,104
2024-09-18 13:18:47.524000,417.2206598492644,997
2024-09-18 13:18:47.670000,417.2418580656134,98
2024-09-18 13:18:47.806000,417.22356327472994,1001
2024-09-18 13:18:47.821000,417.2318449161463,997
2024-09-18 13:18:47.876000,417.1954692370699,101
2024-09-18 13:18:47.965000,417.1893784871064,11
2024-09-18 13:18:48.053000,417.2063657568641,97
2024-09-18 13:18:48.133000,417.1954156784197,101
2024-09-18 13:18:48.276000,417.210528797633,1005
2024-09-18 13:18:48.301000,417.2143698747133,101
2024-09-18 13:18:48.375000,417.16757982982296,1004
2024-09-18 13:18:48.408000,417.1588430238407,7
2024-09-18 13:18:48.513000,417.156621654776,100
2024-09-18 13:18:48.535000,417.1993126101593,996
2024-09-18 13:18:48.553000,417.20715311298414,101
2024-09-18 13:18:48.886000,417.215999365648,999
2024-09-18 13:18:48.926000,417.1998207921314,1005
2024-09-18 13:18:49.109000,417.209010714132,996
2024-09-18 13:18:49.470000,417.20300470295,8
2024-09-18 13:18:49.505000,417.2189804845461,1005
2024-09-18 13:18:49.516000,417.22340351987856,8
2024-09-18 13:18:49.531000,417.21191383782406,1004
2024-09-18 13:18:49.657000,417.21011119618913,102
2024-09-18 13:18:49.751000,417.2190765386584,95
2024-09-18 13:18:49.853000,417.2029662827962,10
2024-09-18 13:18:50.015000,417.179192399538,15
2024-09-18 13:18:50.018000,417.126175126312,15
2024-09-18 13:18:50.031000,417.15356334124425,13
2024-09-18 13:18:50.074000,417.1418114938482,101
2024-09-18 13:18:50.098000,417.1373302752653,1002
2024-09-18 13:18:50.136000,417.1402364638299,999
2024-09-18 13:18:50.146000,417.2161290848055,997
2024-09-18 13:18:50.199000,417.1795709272744,103
2024-09-18 13:18:50.259000,417.1594482156332,105
2024-09-18 13:18:50.435000,417.1999740607367,1002
2024-09-18 13:18:50.439000,417.17033293972094,11
2024-09-18 13:18:50.524000,417.2074298680158,997
2024-09-18 13:18:50.551000,417.12915961717056,997
2024-09-18 13:18:50.553000,417.22448767745067,9
2024-09-18 13:18:50.558000,417.1581115631957,1003
2024-09-18 13:18:50.621000,417.2181452386517,998
2024-09-18 13:18:50.688000,417.2394156119994,11
2024-09-18 13:18:50.838000,417.20527051464273,10
2024-09-18 13:18:50.870000,417.12498716389615,7
2024-09-18 13:18:50.873000,417.1470502804193,97
2024-09-18 13:18:50.919000,417.1627863873729,1005
2024-09-18 13:18:50.922000,417.16424390558535,105
2024-09-18 13:18:50.957000,417.1702797493536,97
2024-09-18 13:18:50.962000,417.18629215599685,9
2024-09-18 13:18:51.017000,417.14313961299257,15
2024-09-18 13:18:51.122000,417.1570320888397,97
2024-09-18 13:18:51.232000,417.1336821420601,97
2024-09-18 13:18:51.304000,417.1549515665793,15
2024-09-18 13:18:51.336000,417.1437207692477,1004
2024-09-18 13:18:51.465000,417.14908659314295,7
2024-09-18 13:18:51.529000,417.1303480840534,1001
2024-09-18 13:18:51.551000,417.1344396945032,997
2024-09-18 13:18:51.815000,417.133809341603,10
2024-09-18 13:18:51.848000,417.1488909129398,1004
2024-09-18 13:18:51.931000,417.16466196738537,5
2024-09-18 13:18:51.987000,417.1520899673988,1005
2024-09-18 13:18:52.063000,417.1649290479979,7
2024-09-18 13:18:52.078000,417.1390587915012,11
2024-09-18 13:18:52.084000,417.1661786425814,9
2024-09-18 13:18:52.260000,417.15366050390753,998
2024-09-18 13:18:52.357000,417.1639717829386,101
2024-09-18 13:18:52.533000,417.1480557250474,98
2024-09-18 13:18:52.628000,417.179693814664,1001
2024-09-18 13:18:52.648000,417.1520210406829,96
2024-09-18 13:18:52.877000,417.17071439573687,997
2024-09-18 13:18:53.003000,417.2181826816994,96
2024-09-18 13:18:53.015000,417.2317674167134,104
2024-09-18 13:18:53.041000,417.2226709763567,15
2024-09-18 13:18:53.069000,417.244426611232,999
2024-09-18 13:18:53.088000,417.2144108221245,998
2024-09-18 13:18:53.089000,417.2140862082999,96
2024-09-18 13:18:53.094000,417.23650617798125,1003
2024-09-18 13:18:53.203000,417.21484727413656,1004
2024-09-18 13:18:53.265000,417.2045712947988,6
2024-09-18 13:18:53.275000,417.2030431646231,105
2024-09-18 13:18:53.307000,417.2477693800524,999
2024-09-18 13:18:53.348000,417.2088639555682,1005
2024-09-18 13:18:53.369000,417.2598636719681,103
2024-09-18 13:18:53.449000,417.2148260729879,13
2024-09-18 13:18:53.546000,417.24390280042985,101
2024-09-18 13:18:53.614000,417.2170635806796,998
2024-09-18 13:18:53.670000,417.2190600934682,96
2024-09-18 13:18:53.687000,417.2384228197031,14
2024-09-18 13:18:53.751000,417.2074876345607,1001
2024-09-18 13:18:53.800000,417.183040797402,995
2024-09-18 13:18:53.803000,417.22192040131006,104
2024-09-18 13:18:53.834000,417.23091599730026,12
2024-09-18 13:18:53.885000,417.2359313801528,1003
2024-09-18 13:18:53.890000,417.2311617966069,995
2024-09-18 13:18:53.940000,417.2210740681732,15
2024-09-18 13:18:54.002000,417.2409771400168,11
2024-09-18 13:18:54.026000,417.2267238953111,995
2024-09-18 13:18:54.050000,417.2148646852244,1004
2024-09-18 13:18:54.102000,417.2780554830043,1001
2024-09-18 13:18:54.135000,417.24082594792753,996
2024-09-18 13:18:54.149000,417.2438617523546,96
2024-09-18 13:18:54.223000,417.2636087930224,100
2024-09-18 13:18:54.271000,417.2757688139148,104
2024-09-18 13:18:54.273000,417.2811216641823,102
2024-09-18 13:18:54.278000,417.23057308388894,997
2024-09-18 13:18:54.305000,417.2763569598292,9
2024-09-18 13:18:54.478000,417.2503054528087,12
2024-09-18 13:18:54.486000,417.2841186898089,1002
2024-09-18 13:18:54.514000,417.2691516044981,95
2024-09-18 13:18:54.579000,417.3016561653433,105
2024-09-18 13:18:54.614000,417.2291432083334,6
2024-09-18 13:18:54.682000,417.2682105376474,1000
2024-09-18 13:18:54.707000,417.27101200026016,100
2024-09-18 13:18:54.755000,417.2354065416813,13
2024-09-18 13:18:54.769000,417.229700568292,1004
2024-09-18 13:18:54.904000,417.27632494493446,13
2024-09-18 13:18:54.951000,417.2350861761437,1001
2024-09-18 13:18:54.955000,417.23485662067816,103
2024-09-18 13:18:54.957000,417.2706351516594,997
2024-09-18 13:18:54.971000,417.26248725826366,996
2024-09-18 13:18:55.055000,417.2473876466951,96
2024-09-18 13:18:55.265000,417.2460117376484,6
2024-09-18 13:18:55.341000,417.21154799302576,15
2024-09-18 13:18:55.357000,417.2579760603256,99
2024-09-18 13:18:55.508000,417.2154248482739,99
2024-09-18 13:18:55.529000,417.2455064024875,5
2024-09-18 13:18:55.543000,417.2444414856458,99
2024-09-18 13:18:55.661000,417.23453578503165,103
2024-09-18 13:18:55.673000,417.24663446393,13
2024-09-18 13:18:55.713000,417.25990188188456,998
2024-09-18 13:18:55.715000,417.2348734881744,10
2024-09-18 13:18:55.716000,417.2557667984941,99
2024-09-18 13:18:55.748000,417.212626562827,95
2024-09-18 13:18:55.757000,417.2289728846514,10
2024-09-18 13:18:55.777000,417.2648745376601,101
2024-09-18 13:18:55.797000,417.2466599449032,1003
2024-09-18 13:18:55.887000,417.2194027169994,96
2024-09-18 13:18:55.900000,417.2682563421033,1002
2024-09-18 13:18:55.903000,417.224624971448,99
2024-09-18 13:18:55.938000,417.23863946992543,99
2024-09-18 13:18:55.950000,417.2640857838538,5
2024-09-18 13:18:55.983000,417.2365925032408,998
2024-09-18 13:18:56.189000,417.2167648888876,13
2024-09-18 13:18:56.218000,417.22781047008925,103
2024-09-18 13:18:56.258000,417.25106634093095,104
2024-09-18 13:18:56.331000,417.2128965241757,6
2024-09-18 13:18:56.400000,417.2310178830027,998
2024-09-18 13:18:56.416000,417.22947018744105,7
2024-09-18 13:18:56.447000,417.22269570148273,998
2024-09-18 13:18:56.617000,417.2242606896769,1002
2024-09-18 13:18:56.658000,417.2287631470326,13
2024-09-18 13:18:56.762000,417.2263678355743,96
2024-09-18 13:18:56.807000,417.2304070075512,104
2024-09-18 13:18:56.822000,417.21386678421766,96
2024-09-18 13:18:56.857000,417.2191240178275,6
2024-09-18 13:18:56.901000,417.2324328881606,13
2024-09-18 13:18:56.923000,417.21553420024446,105
2024-09-18 13:18:57.026000,417.2144112399637,104
2024-09-18 13:18:57.171000,417.2035947223401,102
2024-09-18 13:18:57.184000,417.199278137052,10
2024-09-18 13:18:57.252000,417.2423379165221,98
2024-09-18 13:18:57.286000,417.2176672464698,997
2024-09-18 13:18:57.368000,417.18198538718224,15
2024-09-18 13:18:57.408000,417.2134438437873,100
2024-09-18 13:18:57.452000,417.2053836993757,1001
2024-09-18 13:18:57.469000,417.2199320758852,1005
2024-09-18 13:18:57.508000,417.1841556273691,104
2024-09-18 13:18:57.571000,417.2172814982015,105
2024-09-18 13:18:57.645000,417.2044265142224,1003
2024-09-18 13:18:57.670000,417.1799956595012,9
2024-09-18 13:18:57.696000,417.1979954461601,5
2024-09-18 13:18:57.799000,417.2085415212081,97
2024-09-18 13:18:58.353000,417.16700253041,8
2024-09-18 13:18:58.435000,417.2107294433622,101
2024-09-18 13:18:58.437000,417.1898031085116,100
2024-09-18 13:18:58.603000,417.2084335812533,14
2024-09-18 13:18:58.783000,417.1662035748481,9
2024-09-18 13:18:58.808000,417.1767075727769,999
2024-09-18 13:18:58.839000,417.21046130103787,998
2024-09-18 13:18:58.858000,417.16794000575095,10
2024-09-18 13:18:58.888000,417.22002002202,7
2024-09-18 13:18:58.946000,417.2189568656116,1000
2024-09-18 13:18:58.986000,417.1828552905589,10
2024-09-18 13:18:59.299000,417.18063068919406,99
2024-09-18 13:18:59.983000,417.1678612283566,998
