Timestamp,Price,Size
2024-09-16 10:57:00.035000,417.1259720243607,998
2024-09-16 10:57:00.166000,417.1928576293748,998
2024-09-16 10:57:00.167000,417.1711361396308,1000
2024-09-16 10:57:00.247000,417.1330583343648,6
2024-09-16 10:57:00.273000,417.19423762284674,97
2024-09-16 10:57:00.296000,417.138020598879,96
2024-09-16 10:57:00.365000,417.1855884366199,13
2024-09-16 10:57:00.375000,417.1085191012099,9
2024-09-16 10:57:00.448000,417.1478081182777,7
2024-09-16 10:57:00.506000,417.13570347928135,999
2024-09-16 10:57:00.579000,417.1708627247321,7
2024-09-16 10:57:00.599000,417.1415519908649,7
2024-09-16 10:57:00.686000,417.1411079395581,11
2024-09-16 10:57:00.723000,417.16933036936166,13
2024-09-16 10:57:00.727000,417.1750108483735,103
2024-09-16 10:57:00.749000,417.1189609058231,7
2024-09-16 10:57:00.763000,417.1756566836905,5
2024-09-16 10:57:00.774000,417.17756147224566,98
2024-09-16 10:57:00.790000,417.1219072141936,99
2024-09-16 10:57:00.823000,417.13640516485793,995
2024-09-16 10:57:00.841000,417.19490107052434,9
2024-09-16 10:57:00.844000,417.1976377798842,1005
2024-09-16 10:57:00.853000,417.12552758600737,10
2024-09-16 10:57:00.938000,417.2070667811796,100
2024-09-16 10:57:00.966000,417.197236048704,97
2024-09-16 10:57:01.025000,417.21685788431233,6
2024-09-16 10:57:01.068000,417.2229109203404,995
2024-09-16 10:57:01.179000,417.1830526876795,105
2024-09-16 10:57:01.252000,417.1883092356102,997
2024-09-16 10:57:01.266000,417.21832078842334,996
2024-09-16 10:57:01.315000,417.228345456322,13
2024-09-16 10:57:01.359000,417.182317460035,998
2024-09-16 10:57:01.427000,417.2046570392199,104
2024-09-16 10:57:01.507000,417.2006676503503,103
2024-09-16 10:57:01.512000,417.21793893989127,104
2024-09-16 10:57:01.525000,417.2305125837,102
2024-09-16 10:57:01.536000,417.1890416398461,105
2024-09-16 10:57:01.595000,417.2171566822513,12
2024-09-16 10:57:01.603000,417.23190225565406,6
2024-09-16 10:57:01.624000,417.20029479115465,14
2024-09-16 10:57:01.638000,417.21857358819057,1000
2024-09-16 10:57:01.640000,417.2123476206336,995
2024-09-16 10:57:01.678000,417.1907027939837,100
2024-09-16 10:57:01.704000,417.1864174921798,1005
2024-09-16 10:57:01.748000,417.2040338059974,14
2024-09-16 10:57:01.812000,417.22935073042913,101
2024-09-16 10:57:01.850000,417.20682218393694,998
2024-09-16 10:57:01.852000,417.2215299660261,10
2024-09-16 10:57:01.861000,417.2067647225891,103
2024-09-16 10:57:01.871000,417.2233323391374,98
2024-09-16 10:57:01.923000,417.20940739881365,1002
2024-09-16 10:57:02.049000,417.1972774653704,9
2024-09-16 10:57:02.098000,417.1935183338945,1001
2024-09-16 10:57:02.116000,417.1949852549055,1000
2024-09-16 10:57:02.183000,417.18370492423264,7
2024-09-16 10:57:02.259000,417.1548615963357,1000
2024-09-16 10:57:02.339000,417.1313019894976,100
2024-09-16 10:57:02.339000,417.1956797302225,1003
2024-09-16 10:57:02.349000,417.15670265594304,103
2024-09-16 10:57:02.371000,417.16600456706857,7
2024-09-16 10:57:02.397000,417.1879146988091,1003
2024-09-16 10:57:02.577000,417.1664579362893,10
2024-09-16 10:57:02.600000,417.20026237731184,995
2024-09-16 10:57:02.625000,417.1688241302845,999
2024-09-16 10:57:02.649000,417.16749698554815,10
2024-09-16 10:57:02.738000,417.1601704919034,97
2024-09-16 10:57:02.753000,417.1761260644096,105
2024-09-16 10:57:02.791000,417.1910091647704,14
2024-09-16 10:57:02.837000,417.1907436573227,14
2024-09-16 10:57:02.898000,417.17117222885366,105
2024-09-16 10:57:02.913000,417.1557674346643,1000
2024-09-16 10:57:02.955000,417.1694453320195,98
2024-09-16 10:57:02.985000,417.186409937877,8
2024-09-16 10:57:02.993000,417.1447870908109,11
2024-09-16 10:57:02.996000,417.1586681346621,6
2024-09-16 10:57:03.033000,417.1564829823176,995
2024-09-16 10:57:03.039000,417.15557312765503,6
2024-09-16 10:57:03.231000,417.1463676661102,1003
2024-09-16 10:57:03.654000,417.1517076742009,98
2024-09-16 10:57:03.836000,417.15662256457824,999
2024-09-16 10:57:05.067000,417.18837557226806,5
2024-09-16 10:57:05.115000,417.17119035417386,11
2024-09-16 10:57:05.115000,417.1640687008236,995
2024-09-16 10:57:05.122000,417.1601279770703,995
2024-09-16 10:57:05.165000,417.1618936220773,5
2024-09-16 10:57:05.212000,417.1653557497417,105
2024-09-16 10:57:05.286000,417.18701598834974,96
2024-09-16 10:57:05.319000,417.15481098666993,95
2024-09-16 10:57:05.379000,417.1813692312715,15
2024-09-16 10:57:05.402000,417.1616067625947,1002
2024-09-16 10:57:05.437000,417.1859279487896,1003
2024-09-16 10:57:05.473000,417.1657599256267,105
2024-09-16 10:57:05.532000,417.1842597546405,1003
2024-09-16 10:57:05.593000,417.18587349821615,999
2024-09-16 10:57:05.618000,417.1863125084545,1004
2024-09-16 10:57:05.657000,417.14949650300775,10
2024-09-16 10:57:05.713000,417.1620013529479,105
2024-09-16 10:57:05.888000,417.1646546703812,97
2024-09-16 10:57:05.903000,417.1724174862963,999
2024-09-16 10:57:06.044000,417.1469882286369,998
2024-09-16 10:57:06.078000,417.1656415719772,1001
2024-09-16 10:57:06.163000,417.2128942663353,101
2024-09-16 10:57:06.176000,417.1438827829196,1004
2024-09-16 10:57:06.192000,417.19113563024,9
2024-09-16 10:57:06.225000,417.2081265198313,998
2024-09-16 10:57:06.269000,417.1423398875029,103
2024-09-16 10:57:06.299000,417.1865910245274,9
2024-09-16 10:57:06.359000,417.1433682446751,100
2024-09-16 10:57:06.368000,417.14050987597057,1001
2024-09-16 10:57:06.378000,417.1507103454099,1003
2024-09-16 10:57:06.449000,417.1245317973186,5
2024-09-16 10:57:06.499000,417.22483388680337,98
2024-09-16 10:57:06.585000,417.22514056600113,97
2024-09-16 10:57:06.638000,417.1861145443907,1001
2024-09-16 10:57:06.678000,417.22279699988576,96
2024-09-16 10:57:06.684000,417.17777347486754,104
2024-09-16 10:57:06.703000,417.1587755987069,1005
2024-09-16 10:57:06.716000,417.1188544240865,1001
2024-09-16 10:57:06.825000,417.1506285397928,1002
2024-09-16 10:57:06.905000,417.13120423827087,14
2024-09-16 10:57:06.962000,417.17700450001496,995
2024-09-16 10:57:07.122000,417.1873050025141,1000
2024-09-16 10:57:07.204000,417.2057877192179,1005
2024-09-16 10:57:07.254000,417.2320362647336,95
2024-09-16 10:57:07.286000,417.2217629146217,12
2024-09-16 10:57:07.292000,417.24121563318346,13
2024-09-16 10:57:07.294000,417.1916232071542,6
2024-09-16 10:57:07.379000,417.2253941983051,104
2024-09-16 10:57:07.495000,417.22382504933177,1000
2024-09-16 10:57:07.536000,417.2074633187789,998
2024-09-16 10:57:07.568000,417.22330811572857,1000
2024-09-16 10:57:07.585000,417.1836562642582,7
2024-09-16 10:57:07.647000,417.21080848571097,6
2024-09-16 10:57:07.651000,417.2011192724482,10
2024-09-16 10:57:07.657000,417.2139969073559,1002
2024-09-16 10:57:07.660000,417.2073110143476,104
2024-09-16 10:57:07.775000,417.2206003429809,999
2024-09-16 10:57:07.784000,417.2059913049648,97
2024-09-16 10:57:07.787000,417.21992918416953,103
2024-09-16 10:57:07.809000,417.2182491642465,101
2024-09-16 10:57:07.821000,417.18873019408096,97
2024-09-16 10:57:07.863000,417.2246283427588,95
2024-09-16 10:57:07.865000,417.2288645300124,1002
2024-09-16 10:57:07.868000,417.214461709894,103
2024-09-16 10:57:07.877000,417.2325504243007,9
2024-09-16 10:57:07.895000,417.1859284497253,10
2024-09-16 10:57:08.060000,417.2183713510427,97
2024-09-16 10:57:08.128000,417.2130359215341,7
2024-09-16 10:57:08.187000,417.2080146336333,15
2024-09-16 10:57:08.223000,417.23109662061165,1001
2024-09-16 10:57:08.223000,417.2235336322386,5
2024-09-16 10:57:08.270000,417.2305338415654,12
2024-09-16 10:57:08.271000,417.20400494372734,101
2024-09-16 10:57:08.326000,417.2021356058098,1001
2024-09-16 10:57:08.344000,417.227536437894,996
2024-09-16 10:57:08.410000,417.1991122127675,1005
2024-09-16 10:57:08.424000,417.2314401400832,12
2024-09-16 10:57:08.439000,417.2470089454685,15
2024-09-16 10:57:08.529000,417.2278229018885,105
2024-09-16 10:57:08.960000,417.2370335879491,11
2024-09-16 10:57:08.978000,417.2145782013534,13
2024-09-16 10:57:09.056000,417.2542576684436,8
2024-09-16 10:57:09.089000,417.2662165354735,1005
2024-09-16 10:57:09.286000,417.27693335973686,95
2024-09-16 10:57:09.393000,417.227627607492,1002
2024-09-16 10:57:09.486000,417.2902318484421,15
2024-09-16 10:57:09.489000,417.2250736311148,105
2024-09-16 10:57:09.599000,417.2819961337203,1004
2024-09-16 10:57:09.614000,417.2404960187039,100
2024-09-16 10:57:09.628000,417.26253468976654,995
2024-09-16 10:57:09.636000,417.2767520543358,6
2024-09-16 10:57:09.640000,417.26839781810446,7
2024-09-16 10:57:09.800000,417.28226816107184,101
2024-09-16 10:57:09.878000,417.24086276853495,104
2024-09-16 10:57:09.916000,417.26295273800594,105
2024-09-16 10:57:10.138000,417.2300508971113,12
2024-09-16 10:57:10.258000,417.2264984989093,1004
2024-09-16 10:57:10.330000,417.2162741215014,11
2024-09-16 10:57:10.354000,417.20845484902753,1000
2024-09-16 10:57:10.412000,417.2216869293044,99
2024-09-16 10:57:10.439000,417.22069141193833,96
2024-09-16 10:57:10.557000,417.2467591027548,1002
2024-09-16 10:57:10.612000,417.2608389324115,996
2024-09-16 10:57:10.637000,417.2297863719091,997
2024-09-16 10:57:10.658000,417.2583128302056,5
2024-09-16 10:57:10.863000,417.1979098391687,995
2024-09-16 10:57:10.913000,417.2538042113979,14
2024-09-16 10:57:10.982000,417.2767199328797,998
2024-09-16 10:57:10.992000,417.2483250183767,999
2024-09-16 10:57:11.146000,417.2306073899417,102
2024-09-16 10:57:11.300000,417.2332196920667,95
2024-09-16 10:57:11.323000,417.2123461984039,1003
2024-09-16 10:57:11.466000,417.25700607180113,104
2024-09-16 10:57:11.674000,417.2300782266626,1005
2024-09-16 10:57:11.906000,417.2479719605233,997
2024-09-16 10:57:12,417.2845058969519,6
2024-09-16 10:57:12.019000,417.3151395110476,997
2024-09-16 10:57:12.083000,417.276802811502,96
2024-09-16 10:57:12.109000,417.2712840498437,13
2024-09-16 10:57:12.176000,417.3178078960016,102
2024-09-16 10:57:12.202000,417.262353870452,999
2024-09-16 10:57:12.229000,417.31110937907846,1003
2024-09-16 10:57:12.244000,417.29855316879366,5
2024-09-16 10:57:12.252000,417.3042454376126,1005
2024-09-16 10:57:12.326000,417.2772234974303,96
2024-09-16 10:57:12.537000,417.2621718735885,1000
2024-09-16 10:57:12.558000,417.3662496994857,98
2024-09-16 10:57:12.644000,417.3007102873992,1002
2024-09-16 10:57:12.654000,417.33255685726135,6
2024-09-16 10:57:12.655000,417.2789943555414,12
2024-09-16 10:57:12.663000,417.2886570507257,12
2024-09-16 10:57:12.664000,417.2744608774875,96
2024-09-16 10:57:12.691000,417.2600989284072,1000
2024-09-16 10:57:12.728000,417.35089720947497,98
2024-09-16 10:57:12.754000,417.2732871584283,103
2024-09-16 10:57:12.817000,417.2719342676586,1002
2024-09-16 10:57:12.841000,417.2652703458967,1002
2024-09-16 10:57:12.858000,417.3079926704511,996
2024-09-16 10:57:12.885000,417.2715515042425,101
2024-09-16 10:57:12.925000,417.2860896979651,15
2024-09-16 10:57:12.980000,417.2745594539168,1004
2024-09-16 10:57:12.999000,417.2971013259444,11
2024-09-16 10:57:13.054000,417.3950291534749,15
2024-09-16 10:57:13.165000,417.37596156468766,5
2024-09-16 10:57:13.194000,417.4459551305857,105
2024-09-16 10:57:13.230000,417.4502418473696,6
2024-09-16 10:57:13.325000,417.4444506404147,15
2024-09-16 10:57:13.326000,417.3886218481811,8
2024-09-16 10:57:13.376000,417.47562549739433,14
2024-09-16 10:57:13.387000,417.4054783793478,13
2024-09-16 10:57:13.413000,417.4125487457667,101
2024-09-16 10:57:13.439000,417.4417691773672,10
2024-09-16 10:57:13.480000,417.3958608708671,13
2024-09-16 10:57:13.524000,417.4123550209735,12
2024-09-16 10:57:13.559000,417.4295671370775,15
2024-09-16 10:57:13.614000,417.4537037724384,995
2024-09-16 10:57:13.724000,417.45097982837416,1002
2024-09-16 10:57:13.778000,417.4695683039188,9
2024-09-16 10:57:13.812000,417.4493792285551,97
2024-09-16 10:57:13.880000,417.40475212123306,8
2024-09-16 10:57:13.883000,417.3960391124117,102
2024-09-16 10:57:13.898000,417.4725015386221,998
2024-09-16 10:57:13.906000,417.3874534863705,1002
2024-09-16 10:57:13.911000,417.4617577795062,997
2024-09-16 10:57:13.940000,417.41599731006426,1004
2024-09-16 10:57:13.943000,417.4073035404274,1004
2024-09-16 10:57:13.994000,417.430528991868,96
2024-09-16 10:57:14.289000,417.44682615009134,8
2024-09-16 10:57:14.352000,417.4633078825438,15
2024-09-16 10:57:14.393000,417.4747170682207,1004
2024-09-16 10:57:14.455000,417.44596047468207,97
2024-09-16 10:57:14.601000,417.4477991498738,1001
2024-09-16 10:57:14.621000,417.47976349107904,95
2024-09-16 10:57:14.632000,417.4596927779612,100
2024-09-16 10:57:14.691000,417.4679024378772,15
2024-09-16 10:57:14.732000,417.4525775849732,997
2024-09-16 10:57:14.850000,417.45642869489234,105
2024-09-16 10:57:14.946000,417.45911087787744,13
2024-09-16 10:57:15,417.5098593067561,999
2024-09-16 10:57:15.021000,417.45927720571865,11
2024-09-16 10:57:15.040000,417.5259414353173,8
2024-09-16 10:57:15.082000,417.51023253993486,1001
2024-09-16 10:57:15.101000,417.4587600738268,96
2024-09-16 10:57:15.142000,417.4739524436648,999
2024-09-16 10:57:15.216000,417.5799162538226,7
2024-09-16 10:57:15.237000,417.5344908788418,1003
2024-09-16 10:57:15.280000,417.5977043907552,95
2024-09-16 10:57:15.358000,417.4704074620742,999
2024-09-16 10:57:15.361000,417.4533900351004,7
2024-09-16 10:57:15.390000,417.5239812826874,102
2024-09-16 10:57:15.436000,417.4562686204764,9
2024-09-16 10:57:15.536000,417.4617276899374,11
2024-09-16 10:57:15.564000,417.5266522048408,15
2024-09-16 10:57:15.671000,417.5623324874195,101
2024-09-16 10:57:15.700000,417.5260422275648,99
2024-09-16 10:57:15.730000,417.4874719401441,98
2024-09-16 10:57:15.766000,417.5319883939821,998
2024-09-16 10:57:15.858000,417.47854608580377,999
2024-09-16 10:57:15.872000,417.52715765875945,997
2024-09-16 10:57:15.889000,417.4630274992151,10
2024-09-16 10:57:15.902000,417.5271657634976,100
2024-09-16 10:57:15.912000,417.4983883122416,98
2024-09-16 10:57:16.066000,417.533788201486,7
2024-09-16 10:57:16.107000,417.5645184464376,95
2024-09-16 10:57:16.293000,417.5612247637104,100
2024-09-16 10:57:16.377000,417.5743609525988,97
2024-09-16 10:57:16.380000,417.5721386095447,102
2024-09-16 10:57:16.403000,417.5822231138861,95
2024-09-16 10:57:16.428000,417.5764850794629,1002
2024-09-16 10:57:16.450000,417.5593230915639,998
2024-09-16 10:57:16.488000,417.5612028684986,6
2024-09-16 10:57:16.538000,417.5359975122049,100
2024-09-16 10:57:16.633000,417.5340769966577,101
2024-09-16 10:57:16.645000,417.5593272011405,105
2024-09-16 10:57:16.649000,417.5342011330517,7
2024-09-16 10:57:16.650000,417.621649599295,995
2024-09-16 10:57:16.675000,417.5619387304025,13
2024-09-16 10:57:16.720000,417.61655461630863,1001
2024-09-16 10:57:16.744000,417.5657308669908,15
2024-09-16 10:57:16.777000,417.5378137508943,1003
2024-09-16 10:57:16.828000,417.54716574620943,98
2024-09-16 10:57:16.885000,417.53951531370495,102
2024-09-16 10:57:17.002000,417.5902339340188,99
2024-09-16 10:57:17.033000,417.5819678570159,7
2024-09-16 10:57:17.046000,417.59043702511815,15
2024-09-16 10:57:17.054000,417.55970725916194,105
2024-09-16 10:57:17.096000,417.622375310686,13
2024-09-16 10:57:17.133000,417.5809587195685,13
2024-09-16 10:57:17.161000,417.5964066501134,1005
2024-09-16 10:57:17.229000,417.56105466069226,999
2024-09-16 10:57:17.285000,417.5838218712244,6
2024-09-16 10:57:17.322000,417.6065661177464,997
2024-09-16 10:57:17.407000,417.5690860608169,1003
2024-09-16 10:57:17.435000,417.5974691334039,98
2024-09-16 10:57:17.530000,417.5703913214488,100
2024-09-16 10:57:17.542000,417.5728474069462,97
2024-09-16 10:57:17.590000,417.564780220057,996
2024-09-16 10:57:17.592000,417.6013782256141,13
2024-09-16 10:57:17.596000,417.611100652818,99
2024-09-16 10:57:17.893000,417.56019070080345,997
2024-09-16 10:57:17.957000,417.6027104499424,996
2024-09-16 10:57:18.097000,417.5941569616238,98
2024-09-16 10:57:18.123000,417.6222621461962,105
2024-09-16 10:57:18.128000,417.61974941947847,999
2024-09-16 10:57:18.161000,417.5768981483543,102
2024-09-16 10:57:18.210000,417.6011902168187,1002
2024-09-16 10:57:18.231000,417.58390157608784,995
2024-09-16 10:57:18.822000,417.5928993160052,1003
2024-09-16 10:57:18.879000,417.5844758600204,1002
2024-09-16 10:57:18.886000,417.5821345500912,9
2024-09-16 10:57:19.002000,417.5544470002976,104
2024-09-16 10:57:19.017000,417.6377558305648,13
2024-09-16 10:57:19.049000,417.6438560108096,1005
2024-09-16 10:57:19.132000,417.5620328032516,101
2024-09-16 10:57:19.143000,417.5562016671319,101
2024-09-16 10:57:19.162000,417.5661712470465,1004
2024-09-16 10:57:19.173000,417.5341133227471,5
2024-09-16 10:57:19.187000,417.59533214439074,100
2024-09-16 10:57:19.217000,417.55832456561177,100
2024-09-16 10:57:19.296000,417.5617513880824,13
2024-09-16 10:57:19.302000,417.5707399270776,105
2024-09-16 10:57:19.325000,417.5711154849512,99
2024-09-16 10:57:19.326000,417.6161487914971,13
2024-09-16 10:57:19.362000,417.5484415688041,99
2024-09-16 10:57:19.437000,417.6292538608456,101
2024-09-16 10:57:19.469000,417.6462290283042,105
2024-09-16 10:57:19.497000,417.5457336484613,1000
2024-09-16 10:57:19.546000,417.54837309713423,6
2024-09-16 10:57:19.548000,417.6245491392455,8
2024-09-16 10:57:19.561000,417.5985871799893,1004
2024-09-16 10:57:19.615000,417.5646528766663,96
2024-09-16 10:57:19.672000,417.62732237232376,13
2024-09-16 10:57:19.740000,417.56409876883606,5
2024-09-16 10:57:19.929000,417.547479575676,103
2024-09-16 10:57:19.954000,417.6334194206137,100
2024-09-16 10:57:19.959000,417.5483466666965,14
2024-09-16 10:57:20,417.55267999972943,99
2024-09-16 10:57:20.014000,417.6076082468148,1001
2024-09-16 10:57:20.176000,417.6277493493664,995
2024-09-16 10:57:20.218000,417.5639076339136,100
2024-09-16 10:57:20.250000,417.5439340370363,98
2024-09-16 10:57:20.394000,417.54208559302566,995
2024-09-16 10:57:20.457000,417.5520041901413,1005
2024-09-16 10:57:20.655000,417.5758866007496,8
2024-09-16 10:57:20.657000,417.567040577346,995
2024-09-16 10:57:20.669000,417.6264719781432,12
2024-09-16 10:57:20.678000,417.54472050504666,12
2024-09-16 10:57:20.721000,417.60472283282536,101
2024-09-16 10:57:20.791000,417.62515996185147,14
2024-09-16 10:57:20.936000,417.6406813635341,1004
2024-09-16 10:57:21.078000,417.5487102505804,8
2024-09-16 10:57:21.080000,417.4991917575053,8
2024-09-16 10:57:21.136000,417.56568242069466,999
2024-09-16 10:57:21.160000,417.5468837711169,103
2024-09-16 10:57:21.162000,417.5609856338051,1003
2024-09-16 10:57:21.199000,417.4803775760167,9
2024-09-16 10:57:21.226000,417.5468708030904,98
2024-09-16 10:57:21.236000,417.5437839198446,6
2024-09-16 10:57:21.282000,417.5719406131909,95
2024-09-16 10:57:21.308000,417.540729539392,997
2024-09-16 10:57:21.400000,417.5478051903563,101
2024-09-16 10:57:21.436000,417.52613787192297,102
2024-09-16 10:57:21.456000,417.5339295314394,995
2024-09-16 10:57:21.607000,417.516273766043,11
2024-09-16 10:57:21.614000,417.5653196742638,98
2024-09-16 10:57:21.615000,417.5101615425966,9
2024-09-16 10:57:21.628000,417.5654577454679,95
2024-09-16 10:57:21.661000,417.5615795437116,98
2024-09-16 10:57:21.678000,417.5639967312817,98
2024-09-16 10:57:21.681000,417.5517738210816,15
2024-09-16 10:57:21.712000,417.5342586597308,1005
2024-09-16 10:57:21.750000,417.4930789136732,97
2024-09-16 10:57:21.798000,417.4941732877867,6
2024-09-16 10:57:21.832000,417.4798409946469,6
2024-09-16 10:57:21.895000,417.535500995368,15
2024-09-16 10:57:21.909000,417.5021041708745,6
2024-09-16 10:57:21.969000,417.5404255745776,104
2024-09-16 10:57:22.105000,417.4813784826666,10
2024-09-16 10:57:22.131000,417.4792290523731,96
2024-09-16 10:57:22.132000,417.4744756350625,995
2024-09-16 10:57:22.363000,417.4736145252389,8
2024-09-16 10:57:22.396000,417.48571400397,1003
2024-09-16 10:57:22.623000,417.4908652045439,96
2024-09-16 10:57:22.795000,417.4726668358925,103
2024-09-16 10:57:22.796000,417.4799171978992,996
2024-09-16 10:57:23.330000,417.4723984024381,9
2024-09-16 10:57:24.042000,417.46228492865896,7
2024-09-16 10:57:24.758000,417.458479115546,995
2024-09-16 10:57:24.909000,417.4600483361119,99
2024-09-16 10:57:24.927000,417.4666760921146,98
2024-09-16 10:57:25.062000,417.4716168140457,15
2024-09-16 10:57:25.248000,417.4627860688674,14
2024-09-16 10:57:25.731000,417.4907955568394,96
2024-09-16 10:57:25.770000,417.4566748074649,14
2024-09-16 10:57:25.966000,417.49315817310446,1003
2024-09-16 10:57:26.429000,417.4902196864155,998
2024-09-16 10:57:26.493000,417.5001350619797,99
2024-09-16 10:57:26.596000,417.46523982165,13
2024-09-16 10:57:26.721000,417.46898237170615,8
2024-09-16 10:57:26.988000,417.4638441253104,96
2024-09-16 10:57:26.992000,417.48908797059335,105
2024-09-16 10:57:27.032000,417.471907691068,7
2024-09-16 10:57:27.127000,417.5383737085108,1001
2024-09-16 10:57:27.152000,417.45629394410895,996
2024-09-16 10:57:27.428000,417.4148629156426,15
2024-09-16 10:57:27.442000,417.5496097229769,8
2024-09-16 10:57:27.473000,417.4398978401333,1001
2024-09-16 10:57:27.478000,417.47290371399737,96
2024-09-16 10:57:27.525000,417.45237894722175,996
2024-09-16 10:57:27.529000,417.4356232317559,101
2024-09-16 10:57:27.565000,417.4660528142304,96
2024-09-16 10:57:27.641000,417.4650101686598,998
2024-09-16 10:57:27.683000,417.4564126230519,996
2024-09-16 10:57:27.684000,417.4083453048174,11
2024-09-16 10:57:27.740000,417.4897130108896,100
2024-09-16 10:57:27.810000,417.5203160493958,6
2024-09-16 10:57:27.811000,417.49171779838406,101
2024-09-16 10:57:27.869000,417.4309668741127,996
2024-09-16 10:57:27.929000,417.4661608808583,96
2024-09-16 10:57:27.935000,417.5613408688976,7
2024-09-16 10:57:27.981000,417.47989856098593,100
2024-09-16 10:57:28.057000,417.5219754803765,8
2024-09-16 10:57:28.110000,417.53146559754896,7
2024-09-16 10:57:28.174000,417.5059279647349,1002
2024-09-16 10:57:28.220000,417.5357767240967,999
2024-09-16 10:57:28.245000,417.5021509970748,15
2024-09-16 10:57:28.249000,417.5062389060951,1002
2024-09-16 10:57:28.260000,417.5004832650599,996
2024-09-16 10:57:28.261000,417.54322349172105,104
2024-09-16 10:57:28.334000,417.5678777351778,10
2024-09-16 10:57:28.340000,417.568683360564,105
2024-09-16 10:57:28.353000,417.5057906063343,15
2024-09-16 10:57:28.385000,417.5463242475501,7
2024-09-16 10:57:28.406000,417.534452361788,995
2024-09-16 10:57:28.453000,417.5342793534438,995
2024-09-16 10:57:28.559000,417.5396845740316,98
2024-09-16 10:57:28.565000,417.5436094346509,6
2024-09-16 10:57:28.626000,417.5116462145727,995
2024-09-16 10:57:28.734000,417.5580996068744,996
2024-09-16 10:57:28.740000,417.4998084772868,9
2024-09-16 10:57:28.891000,417.53491099381455,1002
2024-09-16 10:57:28.898000,417.5700839754752,7
2024-09-16 10:57:28.902000,417.51549219002567,95
2024-09-16 10:57:28.951000,417.5633769636557,997
2024-09-16 10:57:30.052000,417.686095921846,14
2024-09-16 10:57:30.072000,417.57532661355214,97
2024-09-16 10:57:30.095000,417.6705194917124,105
2024-09-16 10:57:30.161000,417.6631669518909,996
2024-09-16 10:57:30.176000,417.5900723427882,5
2024-09-16 10:57:30.206000,417.52156668757584,15
2024-09-16 10:57:30.207000,417.5241893957245,1000
2024-09-16 10:57:30.315000,417.6476713380817,105
2024-09-16 10:57:30.348000,417.5863131274208,998
2024-09-16 10:57:30.367000,417.575133855339,6
2024-09-16 10:57:30.445000,417.6074389691764,9
2024-09-16 10:57:30.455000,417.5476897578917,6
2024-09-16 10:57:30.473000,417.5396153945517,13
2024-09-16 10:57:30.490000,417.57909299190686,999
2024-09-16 10:57:30.530000,417.5810002272091,1004
2024-09-16 10:57:30.543000,417.59990360082713,101
2024-09-16 10:57:30.650000,417.6412981868758,12
2024-09-16 10:57:30.747000,417.6451548485668,102
2024-09-16 10:57:30.787000,417.63101629673525,13
2024-09-16 10:57:30.798000,417.5432356537352,8
2024-09-16 10:57:30.918000,417.5268553906329,104
2024-09-16 10:57:31.051000,417.58368124363886,997
2024-09-16 10:57:31.067000,417.633567362942,11
2024-09-16 10:57:31.095000,417.6515614998271,98
2024-09-16 10:57:31.098000,417.59871152027216,105
2024-09-16 10:57:31.123000,417.5903403714776,98
2024-09-16 10:57:31.159000,417.580724962275,104
2024-09-16 10:57:31.163000,417.5775590817671,1003
2024-09-16 10:57:31.176000,417.6718972602952,13
2024-09-16 10:57:31.181000,417.64083874912126,996
2024-09-16 10:57:31.252000,417.601653267572,8
2024-09-16 10:57:31.422000,417.6419649593213,14
2024-09-16 10:57:31.427000,417.5818657367143,1000
2024-09-16 10:57:31.462000,417.5778136678149,95
2024-09-16 10:57:31.532000,417.5870372287913,15
2024-09-16 10:57:31.595000,417.56827383901816,99
2024-09-16 10:57:31.672000,417.5981485780002,96
2024-09-16 10:57:31.832000,417.6621312944021,12
2024-09-16 10:57:31.878000,417.6234072723635,998
2024-09-16 10:57:31.914000,417.5808048771005,998
2024-09-16 10:57:31.918000,417.6320523980512,996
2024-09-16 10:57:31.952000,417.6136278513286,995
2024-09-16 10:57:31.958000,417.6329715311076,99
2024-09-16 10:57:31.963000,417.6370408792841,14
2024-09-16 10:57:31.984000,417.5847899007626,7
2024-09-16 10:57:32.389000,417.5735959525328,1004
2024-09-16 10:57:32.452000,417.6010152224932,14
2024-09-16 10:57:32.640000,417.588799417636,10
2024-09-16 10:57:32.827000,417.6016461846389,102
2024-09-16 10:57:32.993000,417.5981024761178,8
2024-09-16 10:57:33,417.6630615093398,999
2024-09-16 10:57:33.045000,417.6503748442324,996
2024-09-16 10:57:33.149000,417.69083712904,103
2024-09-16 10:57:33.174000,417.657486200303,96
2024-09-16 10:57:33.244000,417.60052157110255,101
2024-09-16 10:57:33.252000,417.6812430555863,998
2024-09-16 10:57:33.270000,417.59684097170816,10
2024-09-16 10:57:33.274000,417.6889737171964,996
2024-09-16 10:57:33.362000,417.6021018193453,1000
2024-09-16 10:57:33.438000,417.6808278480767,1001
2024-09-16 10:57:33.443000,417.68813507466734,6
2024-09-16 10:57:33.537000,417.6677704446858,12
2024-09-16 10:57:33.705000,417.662829089979,1000
2024-09-16 10:57:33.773000,417.67068210047,15
2024-09-16 10:57:33.824000,417.64025290899633,1003
2024-09-16 10:57:33.870000,417.6436884914541,103
2024-09-16 10:57:33.871000,417.65456002547785,12
2024-09-16 10:57:33.875000,417.6547554260915,103
2024-09-16 10:57:33.994000,417.6489812393901,15
2024-09-16 10:57:34.009000,417.64172120606975,15
2024-09-16 10:57:34.028000,417.6726028886189,9
2024-09-16 10:57:34.065000,417.6550030258794,1003
2024-09-16 10:57:34.102000,417.64749609217074,104
2024-09-16 10:57:34.180000,417.69013755148137,14
2024-09-16 10:57:34.183000,417.6269494339395,98
2024-09-16 10:57:34.195000,417.7066238782928,104
2024-09-16 10:57:34.279000,417.6603186573705,1001
2024-09-16 10:57:34.354000,417.69509019707095,96
2024-09-16 10:57:34.364000,417.69830663565824,98
2024-09-16 10:57:34.433000,417.6444456158702,96
2024-09-16 10:57:34.531000,417.6169447871197,100
2024-09-16 10:57:34.537000,417.6716048067838,97
2024-09-16 10:57:34.700000,417.6537424148791,996
2024-09-16 10:57:34.708000,417.6394737057109,96
2024-09-16 10:57:34.744000,417.6785879595168,99
2024-09-16 10:57:34.760000,417.6639824249904,1002
2024-09-16 10:57:34.771000,417.6768550695489,102
2024-09-16 10:57:34.788000,417.6726287343882,8
2024-09-16 10:57:34.886000,417.6700186512055,105
2024-09-16 10:57:34.949000,417.62610400660776,7
2024-09-16 10:57:34.962000,417.6351361072666,12
2024-09-16 10:57:34.972000,417.6578494288721,105
2024-09-16 10:57:34.982000,417.6585757155472,1000
2024-09-16 10:57:35.040000,417.65043866139024,998
2024-09-16 10:57:35.057000,417.72361659693087,6
2024-09-16 10:57:35.063000,417.7035582119576,996
2024-09-16 10:57:35.074000,417.65269525423633,99
2024-09-16 10:57:35.092000,417.7196524959529,999
2024-09-16 10:57:35.099000,417.6634397848196,997
2024-09-16 10:57:35.181000,417.6924353396312,6
2024-09-16 10:57:35.199000,417.65666816885977,102
2024-09-16 10:57:35.218000,417.6333771109673,101
2024-09-16 10:57:35.235000,417.6918130046794,101
2024-09-16 10:57:35.355000,417.67694806759977,1003
2024-09-16 10:57:35.378000,417.7094631161828,100
2024-09-16 10:57:35.386000,417.7049369826042,995
2024-09-16 10:57:35.421000,417.6373474832959,1003
2024-09-16 10:57:35.448000,417.6693207015115,102
2024-09-16 10:57:35.475000,417.6306040490796,8
2024-09-16 10:57:35.480000,417.6482428622834,97
2024-09-16 10:57:35.510000,417.6708990486175,102
2024-09-16 10:57:35.539000,417.713535900077,9
2024-09-16 10:57:35.553000,417.678983030958,1004
2024-09-16 10:57:35.655000,417.6881034273898,1005
2024-09-16 10:57:35.665000,417.6624706673924,101
2024-09-16 10:57:35.763000,417.6387107586203,8
2024-09-16 10:57:35.824000,417.6483593145639,98
2024-09-16 10:57:35.892000,417.7357261945861,10
2024-09-16 10:57:35.925000,417.710977298308,97
2024-09-16 10:57:36.080000,417.6531091097784,97
2024-09-16 10:57:36.111000,417.6569191423328,102
2024-09-16 10:57:36.262000,417.6194083802737,98
2024-09-16 10:57:36.300000,417.6479803880576,1000
2024-09-16 10:57:36.373000,417.6354658248811,103
2024-09-16 10:57:36.499000,417.6354156587631,99
2024-09-16 10:57:36.591000,417.6531649794877,999
2024-09-16 10:57:36.687000,417.65061714443846,96
2024-09-16 10:57:36.798000,417.6392092999645,1005
2024-09-16 10:57:36.864000,417.6567661494685,10
2024-09-16 10:57:37.085000,417.65579430705503,1001
2024-09-16 10:57:37.100000,417.629694161654,1000
2024-09-16 10:57:37.136000,417.6110743174724,12
2024-09-16 10:57:37.207000,417.63857644966095,998
2024-09-16 10:57:37.343000,417.6257208170312,8
2024-09-16 10:57:37.345000,417.63672933492967,104
2024-09-16 10:57:37.408000,417.6275776706104,9
2024-09-16 10:57:37.543000,417.6318371856159,11
2024-09-16 10:57:37.616000,417.6464253798649,1002
2024-09-16 10:57:37.619000,417.6388095909397,105
2024-09-16 10:57:37.677000,417.62071505118206,995
2024-09-16 10:57:37.696000,417.60732177887263,1001
2024-09-16 10:57:37.784000,417.6357929232229,99
2024-09-16 10:57:37.942000,417.6391095491189,5
2024-09-16 10:57:37.975000,417.6220225807516,105
2024-09-16 10:57:38.008000,417.6174237777199,96
2024-09-16 10:57:38.106000,417.6008276864918,997
2024-09-16 10:57:38.220000,417.6015124950729,100
2024-09-16 10:57:38.368000,417.6485359194429,96
2024-09-16 10:57:38.428000,417.5961334364798,98
2024-09-16 10:57:38.448000,417.622050408451,100
2024-09-16 10:57:38.704000,417.63068246399735,7
2024-09-16 10:57:38.707000,417.6270956587144,1002
2024-09-16 10:57:38.708000,417.649298638268,95
2024-09-16 10:57:38.750000,417.628583367281,96
2024-09-16 10:57:38.797000,417.6416676209212,15
2024-09-16 10:57:38.833000,417.6538234661312,1005
2024-09-16 10:57:38.862000,417.63967840537794,104
2024-09-16 10:57:38.895000,417.6358425709583,1000
2024-09-16 10:57:38.965000,417.6339129437691,13
2024-09-16 10:57:39.033000,417.6285549106804,1001
2024-09-16 10:57:39.145000,417.6153170981395,104
2024-09-16 10:57:39.243000,417.63005217616535,96
2024-09-16 10:57:39.261000,417.6385508048133,995
2024-09-16 10:57:39.266000,417.62952430254376,1002
2024-09-16 10:57:39.355000,417.6466026489393,100
2024-09-16 10:57:39.367000,417.6411418042751,13
2024-09-16 10:57:39.687000,417.6425043186081,101
2024-09-16 10:57:40.243000,417.6204969277747,100
2024-09-16 10:57:40.252000,417.592716005731,105
2024-09-16 10:57:40.309000,417.61367339871737,99
2024-09-16 10:57:40.350000,417.6037482806729,8
2024-09-16 10:57:40.365000,417.586331280532,95
2024-09-16 10:57:40.369000,417.6216884229327,98
2024-09-16 10:57:40.402000,417.5961059511227,1004
2024-09-16 10:57:40.455000,417.6187903814662,11
2024-09-16 10:57:40.477000,417.61309638226487,995
2024-09-16 10:57:40.561000,417.5995111474173,104
2024-09-16 10:57:40.573000,417.6134336096016,1002
2024-09-16 10:57:40.601000,417.59432795763945,995
2024-09-16 10:57:40.672000,417.6115429900573,99
2024-09-16 10:57:40.761000,417.6246401739671,1004
2024-09-16 10:57:40.792000,417.6400219127245,100
2024-09-16 10:57:40.800000,417.6118034602709,9
2024-09-16 10:57:40.922000,417.6281915443501,102
2024-09-16 10:57:40.933000,417.6321859760696,97
2024-09-16 10:57:40.984000,417.59992825015024,104
2024-09-16 10:57:41.050000,417.59109451941725,101
2024-09-16 10:57:41.143000,417.5840038336781,1002
2024-09-16 10:57:41.153000,417.5958453207117,97
2024-09-16 10:57:42.030000,417.58956914434265,12
2024-09-16 10:57:42.048000,417.6289395082738,105
2024-09-16 10:57:42.079000,417.6079307086305,102
2024-09-16 10:57:42.263000,417.6105303174104,5
2024-09-16 10:57:42.323000,417.610100054222,6
2024-09-16 10:57:42.444000,417.5997635637378,104
2024-09-16 10:57:42.561000,417.6147129377287,105
2024-09-16 10:57:42.606000,417.60379430512864,99
2024-09-16 10:57:42.674000,417.6270034089063,1002
2024-09-16 10:57:42.740000,417.6019784032087,105
2024-09-16 10:57:42.837000,417.61237238850936,10
2024-09-16 10:57:42.911000,417.6154151084958,9
2024-09-16 10:57:43.316000,417.67168617940337,1003
2024-09-16 10:57:43.589000,417.65249820086376,1003
2024-09-16 10:57:43.693000,417.6311752805734,995
2024-09-16 10:57:43.849000,417.6752417062904,96
2024-09-16 10:57:43.901000,417.6598962552809,103
2024-09-16 10:57:44.479000,417.66076515662985,12
2024-09-16 10:57:44.555000,417.6543804514945,1001
2024-09-16 10:57:44.949000,417.6471709187172,100
2024-09-16 10:57:45.034000,417.6667820000592,101
2024-09-16 10:57:45.093000,417.6810658017128,1002
2024-09-16 10:57:45.160000,417.6459291303205,8
2024-09-16 10:57:45.227000,417.63977682951,1004
2024-09-16 10:57:45.231000,417.6387865654707,103
2024-09-16 10:57:45.415000,417.6361931070624,1000
2024-09-16 10:57:45.514000,417.6393352070901,998
2024-09-16 10:57:45.611000,417.6627100773156,1005
2024-09-16 10:57:45.633000,417.67568390451993,6
2024-09-16 10:57:45.718000,417.65309151345167,97
2024-09-16 10:57:45.742000,417.66177235383947,7
2024-09-16 10:57:45.793000,417.6457136359492,103
2024-09-16 10:57:45.862000,417.6435972996406,98
2024-09-16 10:57:45.987000,417.6688976547676,8
2024-09-16 10:57:46.025000,417.6691882436746,105
2024-09-16 10:57:46.116000,417.6773274322211,100
2024-09-16 10:57:46.197000,417.6685124058909,102
2024-09-16 10:57:46.198000,417.6645135819765,999
2024-09-16 10:57:46.238000,417.6501162746663,12
2024-09-16 10:57:46.393000,417.6759084507865,7
2024-09-16 10:57:46.397000,417.6747892305212,997
2024-09-16 10:57:46.449000,417.6634543564062,1005
2024-09-16 10:57:46.646000,417.6825890610805,1003
2024-09-16 10:57:46.660000,417.66538051333833,1000
2024-09-16 10:57:46.700000,417.67912095257736,1000
2024-09-16 10:57:46.753000,417.6758358067844,1004
2024-09-16 10:57:46.796000,417.67410475041817,13
2024-09-16 10:57:46.829000,417.6721492338816,995
2024-09-16 10:57:46.850000,417.6825253912123,101
2024-09-16 10:57:46.867000,417.6667726485304,14
2024-09-16 10:57:46.940000,417.6525244504251,9
2024-09-16 10:57:46.963000,417.66942954359047,995
2024-09-16 10:57:47.179000,417.6754181614833,996
2024-09-16 10:57:47.244000,417.66991528980543,95
2024-09-16 10:57:47.415000,417.686187441623,15
2024-09-16 10:57:47.473000,417.6713348859948,1000
2024-09-16 10:57:47.591000,417.6834657912407,997
2024-09-16 10:57:47.762000,417.69225817309535,105
2024-09-16 10:57:47.812000,417.6807347551925,96
2024-09-16 10:57:47.920000,417.6842473841255,105
2024-09-16 10:57:48.003000,417.715605686058,97
2024-09-16 10:57:48.265000,417.6866084343721,1001
2024-09-16 10:57:48.300000,417.69011365202016,996
2024-09-16 10:57:48.471000,417.6752188821234,1004
2024-09-16 10:57:48.473000,417.6894984110015,13
2024-09-16 10:57:48.480000,417.6860153342548,95
2024-09-16 10:57:48.626000,417.6950591268362,999
2024-09-16 10:57:48.641000,417.7087513994359,101
2024-09-16 10:57:48.936000,417.6625026069991,995
2024-09-16 10:57:48.983000,417.6672253516202,7
2024-09-16 10:57:49.148000,417.7159757555565,12
2024-09-16 10:57:49.175000,417.6970933015826,998
2024-09-16 10:57:49.207000,417.6887926578012,10
2024-09-16 10:57:49.388000,417.6980398247994,101
2024-09-16 10:57:49.483000,417.6715734864186,995
2024-09-16 10:57:49.614000,417.70314099253847,996
2024-09-16 10:57:49.812000,417.7014084102744,1002
2024-09-16 10:57:51.013000,417.6650988824677,100
2024-09-16 10:57:51.080000,417.6380084946826,97
2024-09-16 10:57:51.146000,417.68364204522015,13
2024-09-16 10:57:51.177000,417.66569806721367,13
2024-09-16 10:57:51.254000,417.61190877321,15
2024-09-16 10:57:51.270000,417.6347757589087,100
2024-09-16 10:57:51.273000,417.5794918514979,15
2024-09-16 10:57:51.281000,417.6859937940163,101
2024-09-16 10:57:51.296000,417.6159234732328,5
2024-09-16 10:57:51.344000,417.5998846262979,98
2024-09-16 10:57:51.368000,417.58246583461886,14
2024-09-16 10:57:51.376000,417.6337911774583,1002
2024-09-16 10:57:51.404000,417.5951709710888,102
2024-09-16 10:57:51.426000,417.66629182182055,99
2024-09-16 10:57:51.466000,417.6035420526249,96
2024-09-16 10:57:51.517000,417.6929627453006,11
2024-09-16 10:57:51.578000,417.6139830966176,7
2024-09-16 10:57:51.590000,417.6540629063595,98
2024-09-16 10:57:51.738000,417.67551587234,1003
2024-09-16 10:57:51.747000,417.5968941773205,103
2024-09-16 10:57:51.790000,417.64165527607713,997
2024-09-16 10:57:51.909000,417.59169900668496,995
2024-09-16 10:57:52.015000,417.63976327666535,996
2024-09-16 10:57:52.037000,417.6081384994535,995
2024-09-16 10:57:52.163000,417.6684459420949,101
2024-09-16 10:57:52.215000,417.63169752398267,1002
2024-09-16 10:57:52.215000,417.6129875792025,97
2024-09-16 10:57:52.383000,417.6484644403031,5
2024-09-16 10:57:52.400000,417.6436696095583,1003
2024-09-16 10:57:52.451000,417.5895237297944,7
2024-09-16 10:57:52.455000,417.6054800050232,1004
2024-09-16 10:57:52.506000,417.64515484487976,12
2024-09-16 10:57:52.511000,417.602236685614,100
2024-09-16 10:57:52.548000,417.64009084209954,14
2024-09-16 10:57:52.597000,417.66288616049417,999
2024-09-16 10:57:52.627000,417.61539537506815,13
2024-09-16 10:57:52.663000,417.6036718864542,10
2024-09-16 10:57:52.825000,417.6151468811522,103
2024-09-16 10:57:52.844000,417.65839019863074,101
2024-09-16 10:57:52.858000,417.64121405176536,1000
2024-09-16 10:57:52.863000,417.584732594427,5
2024-09-16 10:57:52.901000,417.6561051409012,5
2024-09-16 10:57:52.910000,417.6635254983056,1000
2024-09-16 10:57:52.923000,417.6369760445319,997
2024-09-16 10:57:52.976000,417.64341351423,10
2024-09-16 10:57:53,417.6144760344392,98
2024-09-16 10:57:53.002000,417.6488464739396,98
2024-09-16 10:57:53.022000,417.6329800857315,104
2024-09-16 10:57:53.043000,417.6881471370641,998
2024-09-16 10:57:53.066000,417.61633770400033,8
2024-09-16 10:57:53.125000,417.6107159148717,1001
2024-09-16 10:57:53.139000,417.661258969881,11
2024-09-16 10:57:53.211000,417.68317953289295,5
2024-09-16 10:57:53.235000,417.66336787230114,1000
2024-09-16 10:57:53.284000,417.64132798898646,997
2024-09-16 10:57:53.285000,417.6117699035038,8
2024-09-16 10:57:53.295000,417.61217476753086,5
2024-09-16 10:57:53.338000,417.6145472418721,1001
2024-09-16 10:57:53.404000,417.6031043779869,1005
2024-09-16 10:57:53.468000,417.6369811590187,104
2024-09-16 10:57:53.514000,417.6658034660626,999
2024-09-16 10:57:53.521000,417.6133649999284,998
2024-09-16 10:57:53.561000,417.612330710394,1002
2024-09-16 10:57:53.588000,417.6827766385833,15
2024-09-16 10:57:53.604000,417.6770411154348,99
2024-09-16 10:57:53.787000,417.626634635379,105
2024-09-16 10:57:53.964000,417.67432462850974,11
2024-09-16 10:57:53.995000,417.6164040251933,5
2024-09-16 10:57:54.142000,417.6399004589489,97
2024-09-16 10:57:54.568000,417.6746502644551,98
2024-09-16 10:57:54.583000,417.6860139389937,7
2024-09-16 10:57:54.764000,417.6633442668669,102
2024-09-16 10:57:54.825000,417.6991950690482,996
2024-09-16 10:57:54.934000,417.6865904844912,12
2024-09-16 10:57:55.003000,417.7076624854349,98
2024-09-16 10:57:55.041000,417.6349188917972,104
2024-09-16 10:57:55.063000,417.6594527234527,995
2024-09-16 10:57:55.096000,417.6545423293861,1005
2024-09-16 10:57:55.119000,417.671629863362,5
2024-09-16 10:57:55.243000,417.6741000901477,97
2024-09-16 10:57:55.271000,417.6589281188634,95
2024-09-16 10:57:55.377000,417.6998520768166,998
2024-09-16 10:57:55.405000,417.69282985464326,1001
2024-09-16 10:57:55.611000,417.6643570223754,12
2024-09-16 10:57:55.628000,417.69421563713314,1002
2024-09-16 10:57:55.784000,417.6559323361881,98
2024-09-16 10:57:56.032000,417.7566482339319,8
2024-09-16 10:57:56.098000,417.74053929071073,95
2024-09-16 10:57:56.119000,417.7386245451121,998
2024-09-16 10:57:56.211000,417.7339825112053,1002
2024-09-16 10:57:56.255000,417.7617357481896,13
2024-09-16 10:57:56.256000,417.758810585961,1004
2024-09-16 10:57:56.284000,417.74087081757966,998
2024-09-16 10:57:56.325000,417.7105198504759,95
2024-09-16 10:57:56.338000,417.7221055522126,7
2024-09-16 10:57:56.452000,417.7313177831935,102
2024-09-16 10:57:56.462000,417.7258843236272,10
2024-09-16 10:57:56.543000,417.7456670151641,100
2024-09-16 10:57:56.576000,417.7651292302127,96
2024-09-16 10:57:56.591000,417.7586486354738,1005
2024-09-16 10:57:56.626000,417.7494820431986,1004
2024-09-16 10:57:56.654000,417.73218074646434,14
2024-09-16 10:57:56.699000,417.73681799294224,1002
2024-09-16 10:57:56.733000,417.7588069229638,8
2024-09-16 10:57:56.834000,417.71833175990565,15
2024-09-16 10:57:56.850000,417.7596232879871,12
2024-09-16 10:57:56.993000,417.7298038229464,9
2024-09-16 10:57:57.018000,417.77335535421736,96
2024-09-16 10:57:57.020000,417.877318627834,104
2024-09-16 10:57:57.027000,417.84347842785047,999
2024-09-16 10:57:57.045000,417.7702450425677,95
2024-09-16 10:57:57.097000,417.864052053296,1001
2024-09-16 10:57:57.138000,417.8196517972768,99
2024-09-16 10:57:57.153000,417.7723699781551,1004
2024-09-16 10:57:57.220000,417.81305033578064,100
2024-09-16 10:57:57.238000,417.7842421700415,999
2024-09-16 10:57:57.280000,417.77727803131313,998
2024-09-16 10:57:57.418000,417.8198591947453,7
2024-09-16 10:57:57.428000,417.8012145059761,9
2024-09-16 10:57:57.484000,417.824857644658,96
2024-09-16 10:57:57.538000,417.7984845588147,102
2024-09-16 10:57:57.648000,417.792580177328,996
2024-09-16 10:57:57.681000,417.8634700993935,104
2024-09-16 10:57:57.694000,417.8046570947242,99
2024-09-16 10:57:57.749000,417.8697626542655,7
2024-09-16 10:57:57.821000,417.7939958478533,1005
2024-09-16 10:57:57.825000,417.84447121551335,15
2024-09-16 10:57:57.897000,417.8682051489196,100
2024-09-16 10:57:57.912000,417.8355000868112,97
2024-09-16 10:57:57.925000,417.79936083457744,6
2024-09-16 10:57:57.938000,417.7766570714117,96
2024-09-16 10:57:57.953000,417.8036644005627,1000
2024-09-16 10:57:58.633000,417.8883358299066,95
2024-09-16 10:57:58.854000,417.8688372723968,9
2024-09-16 10:57:58.884000,417.87055064946975,8
2024-09-16 10:57:59.274000,417.8820755473138,102
2024-09-16 10:57:59.306000,417.8886904038694,12
2024-09-16 10:57:59.322000,417.8605860230807,95
2024-09-16 10:57:59.545000,417.87922696198615,995
2024-09-16 10:57:59.772000,417.8819903626247,7
2024-09-16 10:57:59.997000,417.8798757423614,5
