Timestamp,Price,Size
2024-09-20 15:55:00.190000,429.7618069293495,105
2024-09-20 15:55:00.216000,429.79676184187184,995
2024-09-20 15:55:00.352000,429.73506921238726,101
2024-09-20 15:55:00.372000,429.73516608823326,1005
2024-09-20 15:55:00.403000,429.7290775427721,8
2024-09-20 15:55:00.622000,429.7343378922466,12
2024-09-20 15:55:00.925000,429.7311756429015,9
2024-09-20 15:55:00.990000,429.7230784404614,104
2024-09-20 15:55:00.994000,429.7738380425034,999
2024-09-20 15:55:01.399000,429.71537409565497,105
2024-09-20 15:55:01.481000,429.7329891339713,1002
2024-09-20 15:55:01.629000,429.7348420523717,9
2024-09-20 15:55:01.654000,429.7165325380834,6
2024-09-20 15:55:01.696000,425.0711120989943,98
2024-09-20 15:55:01.698000,429.7366507731535,997
2024-09-20 15:55:01.864000,429.7255018438266,1003
2024-09-20 15:55:01.935000,429.7396888217141,105
2024-09-20 15:55:02.011000,429.7484803221328,1003
2024-09-20 15:55:02.017000,429.7678706490854,1002
2024-09-20 15:55:02.022000,429.73416598780585,104
2024-09-20 15:55:02.047000,429.7156907492203,95
2024-09-20 15:55:02.114000,429.7295555508569,6
2024-09-20 15:55:02.168000,429.73062724278975,5
2024-09-20 15:55:02.224000,429.7615363883587,97
2024-09-20 15:55:02.228000,429.77937587903335,100
2024-09-20 15:55:02.260000,429.7522639606119,9
2024-09-20 15:55:02.287000,429.7543934146272,15
2024-09-20 15:55:02.321000,429.770778124373,8
2024-09-20 15:55:02.336000,429.7566562123725,8
2024-09-20 15:55:02.339000,429.73779269793255,997
2024-09-20 15:55:02.351000,429.7376132104776,997
2024-09-20 15:55:02.360000,429.7144738334472,995
2024-09-20 15:55:02.382000,429.78169794300567,96
2024-09-20 15:55:02.389000,429.7371989641668,102
2024-09-20 15:55:02.400000,429.7442839676911,999
2024-09-20 15:55:02.429000,429.7634313049977,101
2024-09-20 15:55:02.443000,429.7568388773641,15
2024-09-20 15:55:02.460000,429.78174262277776,9
2024-09-20 15:55:02.535000,429.7531402237873,15
2024-09-20 15:55:02.742000,429.75674621978806,10
2024-09-20 15:55:02.832000,429.7450484654349,95
2024-09-20 15:55:02.843000,429.7493797672304,100
2024-09-20 15:55:02.850000,429.7706756453292,6
2024-09-20 15:55:02.872000,429.7435596302816,104
2024-09-20 15:55:02.917000,429.7375087111166,13
2024-09-20 15:55:03.033000,429.7696476922743,7
2024-09-20 15:55:03.128000,429.7606281717886,10
2024-09-20 15:55:03.145000,429.75349094349536,999
2024-09-20 15:55:03.166000,429.78676528016143,1003
2024-09-20 15:55:03.252000,429.75331059116354,102
2024-09-20 15:55:03.274000,429.7026846606222,11
2024-09-20 15:55:03.320000,429.7538300519329,996
2024-09-20 15:55:03.345000,429.7153635327475,1003
2024-09-20 15:55:03.400000,429.6952296243607,104
2024-09-20 15:55:03.425000,429.7082075604355,101
2024-09-20 15:55:03.433000,429.7289806417375,997
2024-09-20 15:55:03.434000,429.76860084879326,8
2024-09-20 15:55:03.469000,429.74455827210784,9
2024-09-20 15:55:03.486000,429.8000616718837,6
2024-09-20 15:55:03.559000,429.7320386492748,998
2024-09-20 15:55:03.577000,429.75753171072495,6
2024-09-20 15:55:03.597000,429.76229829438427,13
2024-09-20 15:55:03.667000,429.72383216777257,8
2024-09-20 15:55:03.671000,429.6857553047663,15
2024-09-20 15:55:03.730000,429.7175262638337,1000
2024-09-20 15:55:03.758000,429.7044236226436,97
2024-09-20 15:55:03.780000,429.7570057582311,101
2024-09-20 15:55:03.822000,429.7755765797554,998
2024-09-20 15:55:03.838000,429.67942700880303,1004
2024-09-20 15:55:03.845000,429.7874499406869,9
2024-09-20 15:55:03.862000,429.7537709497992,14
2024-09-20 15:55:03.902000,429.6995781616895,15
2024-09-20 15:55:03.965000,429.7210939149918,998
2024-09-20 15:55:04.149000,429.7897692205996,101
2024-09-20 15:55:04.387000,429.76397838273016,1005
2024-09-20 15:55:04.426000,429.80349638387713,6
2024-09-20 15:55:04.443000,429.80857028648506,105
2024-09-20 15:55:04.477000,429.8684179836462,101
2024-09-20 15:55:04.503000,429.8778662944092,1000
2024-09-20 15:55:04.592000,429.8323515842121,105
2024-09-20 15:55:04.628000,429.7681607335268,8
2024-09-20 15:55:04.660000,429.8149030930344,1000
2024-09-20 15:55:04.712000,429.85859170027936,997
2024-09-20 15:55:04.867000,429.7960205295717,97
2024-09-20 15:55:05.002000,429.8655931471505,105
2024-09-20 15:55:05.066000,429.8685580787634,1002
2024-09-20 15:55:05.178000,429.86943398922926,1000
2024-09-20 15:55:05.325000,429.8702883130489,10
2024-09-20 15:55:05.339000,429.8557439289545,1003
2024-09-20 15:55:05.385000,429.86077405852006,1002
2024-09-20 15:55:05.406000,429.8530471921033,95
2024-09-20 15:55:05.484000,429.8697160422447,102
2024-09-20 15:55:05.602000,429.8476246752832,1001
2024-09-20 15:55:05.673000,429.8712416258152,1000
2024-09-20 15:55:06.017000,429.9050466465113,99
2024-09-20 15:55:06.201000,429.9051002162069,104
2024-09-20 15:55:06.212000,429.91071560109685,98
2024-09-20 15:55:06.251000,429.91201039908606,1003
2024-09-20 15:55:06.295000,429.9006686682016,99
2024-09-20 15:55:06.334000,429.92320228828,999
2024-09-20 15:55:06.372000,429.8719702805372,104
2024-09-20 15:55:06.416000,429.8801133295336,96
2024-09-20 15:55:06.443000,429.8637426212118,13
2024-09-20 15:55:06.485000,429.9103908931837,5
2024-09-20 15:55:06.492000,429.9044068546499,997
2024-09-20 15:55:06.493000,429.9089104595552,998
2024-09-20 15:55:06.495000,429.9035593090754,7
2024-09-20 15:55:06.576000,429.882785603229,11
2024-09-20 15:55:06.779000,429.8909871278074,8
2024-09-20 15:55:06.832000,429.8650975444639,104
2024-09-20 15:55:07.017000,429.9013251931148,103
2024-09-20 15:55:07.058000,429.8759667544642,10
2024-09-20 15:55:07.118000,429.89361084183406,10
2024-09-20 15:55:07.132000,429.8949910877909,997
2024-09-20 15:55:07.145000,429.8907576949076,100
2024-09-20 15:55:07.279000,429.9185778679232,997
2024-09-20 15:55:07.323000,429.8711030982115,996
2024-09-20 15:55:07.347000,429.9185560389764,100
2024-09-20 15:55:07.374000,429.9027504427485,10
2024-09-20 15:55:07.384000,429.8934591549885,95
2024-09-20 15:55:07.394000,429.9211017670829,5
2024-09-20 15:55:07.434000,429.8794344901903,999
2024-09-20 15:55:07.447000,429.8342390836192,11
2024-09-20 15:55:07.469000,429.83103119673694,1002
2024-09-20 15:55:07.475000,429.9154230397485,98
2024-09-20 15:55:07.499000,429.87477161911136,1003
2024-09-20 15:55:07.504000,429.8638091679199,105
2024-09-20 15:55:07.518000,429.89138420954185,14
2024-09-20 15:55:07.720000,429.9162103882072,10
2024-09-20 15:55:07.766000,429.88519391573504,105
2024-09-20 15:55:07.770000,429.9066843532112,9
2024-09-20 15:55:07.872000,429.9127650952863,999
2024-09-20 15:55:07.934000,429.86604871106186,97
2024-09-20 15:55:07.981000,429.8825559884516,1002
2024-09-20 15:55:07.993000,429.9154291759162,98
2024-09-20 15:55:08.111000,429.7973430250886,7
2024-09-20 15:55:08.190000,429.819917805869,1001
2024-09-20 15:55:08.241000,429.8358723341214,1005
2024-09-20 15:55:08.285000,429.8076466725831,999
2024-09-20 15:55:08.345000,429.8321523411549,99
2024-09-20 15:55:08.647000,429.8436773197762,11
2024-09-20 15:55:08.727000,429.7974004985607,102
2024-09-20 15:55:08.778000,429.88585598877023,6
2024-09-20 15:55:08.828000,429.8413674797471,1001
2024-09-20 15:55:08.897000,429.8279514685021,8
2024-09-20 15:55:08.923000,429.866601109445,5
2024-09-20 15:55:08.977000,429.8517684539104,1002
2024-09-20 15:55:09.114000,429.8509782561744,9
2024-09-20 15:55:09.169000,429.86638107814,104
2024-09-20 15:55:09.356000,429.8622944009527,1002
2024-09-20 15:55:09.877000,424.8803522384788,97
2024-09-20 15:55:10.009000,429.87003609350046,1001
2024-09-20 15:55:10.033000,429.8806493157908,102
2024-09-20 15:55:10.058000,429.8761669048697,999
2024-09-20 15:55:10.077000,429.8828891350788,105
2024-09-20 15:55:10.132000,429.87091460081024,995
2024-09-20 15:55:10.213000,429.8856163462017,7
2024-09-20 15:55:10.529000,429.88197032171263,101
2024-09-20 15:55:10.616000,429.88471778645794,9
2024-09-20 15:55:10.642000,429.8778274086337,1005
2024-09-20 15:55:10.795000,429.8672299358656,15
2024-09-20 15:55:10.905000,429.887591372544,1000
2024-09-20 15:55:11.077000,429.8874971068478,97
2024-09-20 15:55:11.130000,429.8964684603892,99
2024-09-20 15:55:11.250000,429.906848638268,100
2024-09-20 15:55:11.304000,429.888933969388,14
2024-09-20 15:55:11.379000,429.8788247868631,1004
2024-09-20 15:55:11.697000,429.87711832800505,99
2024-09-20 15:55:11.713000,429.8724624942533,101
2024-09-20 15:55:12.048000,429.9495418265996,102
2024-09-20 15:55:12.086000,429.9502972460504,11
2024-09-20 15:55:12.108000,429.8947001440857,13
2024-09-20 15:55:12.110000,429.9394472299093,96
2024-09-20 15:55:12.185000,429.9606849745383,1003
2024-09-20 15:55:12.233000,429.9448984264232,995
2024-09-20 15:55:12.259000,429.913040948282,100
2024-09-20 15:55:12.261000,429.93106852873217,995
2024-09-20 15:55:12.337000,429.9058147617436,98
2024-09-20 15:55:12.339000,429.90527584152807,10
2024-09-20 15:55:12.344000,429.954487755985,13
2024-09-20 15:55:12.466000,429.9446317139228,1004
2024-09-20 15:55:12.546000,429.952122297162,998
2024-09-20 15:55:12.625000,429.9413045819694,102
2024-09-20 15:55:12.721000,429.9236912924991,10
2024-09-20 15:55:12.782000,429.8955791706987,1002
2024-09-20 15:55:12.791000,429.9431899954379,6
2024-09-20 15:55:12.825000,429.91315100399714,1002
2024-09-20 15:55:12.920000,429.92525830988194,100
2024-09-20 15:55:12.947000,429.9635215204225,5
2024-09-20 15:55:12.972000,429.8890513082028,1000
2024-09-20 15:55:13.111000,429.9739146558426,15
2024-09-20 15:55:13.141000,429.9595088944172,999
2024-09-20 15:55:13.203000,429.9721842339015,95
2024-09-20 15:55:13.311000,429.9590449151186,1005
2024-09-20 15:55:13.517000,429.9774358112704,98
2024-09-20 15:55:13.555000,429.9735605291304,99
2024-09-20 15:55:13.562000,429.961924387677,8
2024-09-20 15:55:13.563000,429.9784175345466,998
2024-09-20 15:55:13.669000,429.9693170334607,100
2024-09-20 15:55:13.794000,429.987047938734,6
2024-09-20 15:55:13.912000,429.9682511985623,997
2024-09-20 15:55:13.971000,429.98406819125273,9
2024-09-20 15:55:14.144000,429.9581737803799,996
2024-09-20 15:55:14.176000,429.9594487122471,1005
2024-09-20 15:55:14.256000,429.9574140104448,12
2024-09-20 15:55:14.376000,429.9499709621609,6
2024-09-20 15:55:14.476000,429.95560171838247,5
2024-09-20 15:55:14.484000,429.957256502916,998
2024-09-20 15:55:14.498000,429.9404025180642,96
2024-09-20 15:55:14.505000,429.95153024943176,14
2024-09-20 15:55:14.556000,429.9438220347336,1004
2024-09-20 15:55:14.653000,429.94344714457503,100
2024-09-20 15:55:15.029000,429.9112500486296,999
2024-09-20 15:55:15.032000,429.936463702883,7
2024-09-20 15:55:15.038000,429.9656868993824,1004
2024-09-20 15:55:15.087000,429.9912950724641,102
2024-09-20 15:55:15.126000,429.9714039772044,100
2024-09-20 15:55:15.171000,429.9975878751544,11
2024-09-20 15:55:15.293000,429.98245314612376,98
2024-09-20 15:55:15.326000,430.0047742865711,1003
2024-09-20 15:55:15.335000,430.0023093177375,101
2024-09-20 15:55:15.365000,430.027108510944,98
2024-09-20 15:55:15.415000,429.9584758725352,8
2024-09-20 15:55:15.431000,430.0230873359089,998
2024-09-20 15:55:15.499000,429.927285137559,105
2024-09-20 15:55:15.637000,429.9916173050274,996
2024-09-20 15:55:15.654000,429.94575782614737,8
2024-09-20 15:55:15.660000,429.9801280671232,1004
2024-09-20 15:55:15.678000,429.9977409991177,1002
2024-09-20 15:55:15.683000,429.9974753301648,97
2024-09-20 15:55:15.792000,429.98805655764215,98
2024-09-20 15:55:15.837000,429.9984236396865,1002
2024-09-20 15:55:15.867000,429.9990727886327,999
2024-09-20 15:55:15.909000,430.006233887538,1000
2024-09-20 15:55:15.952000,429.9671955956658,1002
2024-09-20 15:55:15.966000,429.9775543655611,1004
2024-09-20 15:55:16.077000,429.90500198241887,998
2024-09-20 15:55:16.212000,429.9572165143982,997
2024-09-20 15:55:16.224000,429.94741478169686,105
2024-09-20 15:55:16.281000,429.89211958380224,10
2024-09-20 15:55:16.295000,429.9156826859498,9
2024-09-20 15:55:16.335000,429.9593440469904,997
2024-09-20 15:55:16.343000,429.9357864774458,995
2024-09-20 15:55:16.346000,429.94093839590505,105
2024-09-20 15:55:16.377000,429.93584287883306,11
2024-09-20 15:55:16.464000,429.9088643132768,98
2024-09-20 15:55:16.486000,429.9428641007064,6
2024-09-20 15:55:16.507000,429.9703232808995,998
2024-09-20 15:55:16.524000,429.9181245616685,6
2024-09-20 15:55:16.558000,429.9350555733186,1004
2024-09-20 15:55:16.560000,429.9256524598164,95
2024-09-20 15:55:16.684000,429.9344121174725,15
2024-09-20 15:55:16.730000,429.8948907773552,11
2024-09-20 15:55:16.768000,429.9646688854593,12
2024-09-20 15:55:16.778000,429.9726561744983,8
2024-09-20 15:55:16.797000,424.71385141164166,1000
2024-09-20 15:55:16.839000,429.9392274428188,98
2024-09-20 15:55:16.935000,429.9574916619163,1004
2024-09-20 15:55:17.012000,429.89700422882976,96
2024-09-20 15:55:17.083000,429.92914748246017,96
2024-09-20 15:55:17.097000,429.8948803698662,1005
2024-09-20 15:55:17.110000,429.9439421282805,13
2024-09-20 15:55:17.157000,430.0454043778858,1002
2024-09-20 15:55:17.214000,430.106145414521,105
2024-09-20 15:55:17.344000,430.0186143961912,1001
2024-09-20 15:55:17.362000,429.908801959684,100
2024-09-20 15:55:17.381000,429.9988688055758,104
2024-09-20 15:55:17.382000,430.0752643852704,1002
2024-09-20 15:55:17.383000,430.1152621660668,100
2024-09-20 15:55:17.392000,430.000778501521,1002
2024-09-20 15:55:17.445000,430.1070035808748,10
2024-09-20 15:55:17.497000,430.09352926872594,97
2024-09-20 15:55:17.542000,429.9763786549173,14
2024-09-20 15:55:17.546000,430.0545899506117,98
2024-09-20 15:55:17.599000,430.0515305983096,1001
2024-09-20 15:55:17.623000,429.9437268740781,5
2024-09-20 15:55:17.689000,430.14289139496736,1000
2024-09-20 15:55:17.719000,429.8730905990512,98
2024-09-20 15:55:17.741000,429.8893701289646,10
2024-09-20 15:55:17.756000,429.8946574191014,103
2024-09-20 15:55:17.797000,429.86919942333134,14
2024-09-20 15:55:17.814000,430.1104421984511,995
2024-09-20 15:55:17.897000,430.1497451093593,1000
2024-09-20 15:55:17.909000,429.86868991669866,15
2024-09-20 15:55:17.932000,430.0904247405996,102
2024-09-20 15:55:17.960000,429.94588047721766,998
2024-09-20 15:55:18.034000,430.2019222855546,96
2024-09-20 15:55:18.229000,424.5307804478532,1003
2024-09-20 15:55:18.308000,430.2045751086502,997
2024-09-20 15:55:18.326000,430.1569867949895,101
2024-09-20 15:55:18.508000,430.1584995252389,9
2024-09-20 15:55:18.551000,430.15636286732143,1002
2024-09-20 15:55:18.573000,430.18941777852285,10
2024-09-20 15:55:18.580000,430.1860401384987,96
2024-09-20 15:55:18.661000,430.1712054621003,9
2024-09-20 15:55:18.852000,430.1855756139024,99
2024-09-20 15:55:18.989000,430.1902382094255,6
2024-09-20 15:55:19.031000,430.14361695934286,996
2024-09-20 15:55:19.182000,430.15902844928576,9
2024-09-20 15:55:19.451000,430.1586504625534,12
2024-09-20 15:55:19.532000,430.127855424086,1002
2024-09-20 15:55:19.631000,430.16000561605273,14
2024-09-20 15:55:19.668000,430.1658211401532,11
2024-09-20 15:55:19.886000,430.17276862473415,14
2024-09-20 15:55:20.184000,430.1624380029927,11
2024-09-20 15:55:20.184000,430.1281130919354,7
2024-09-20 15:55:20.469000,430.1732505263914,14
2024-09-20 15:55:20.783000,430.1417020882377,14
2024-09-20 15:55:21.140000,430.1741785377309,98
2024-09-20 15:55:21.343000,430.24034560175113,996
2024-09-20 15:55:21.357000,430.1740946287005,96
2024-09-20 15:55:21.379000,430.1774103294449,13
2024-09-20 15:55:21.542000,430.1875037145431,15
2024-09-20 15:55:21.600000,430.2294400831957,104
2024-09-20 15:55:21.827000,430.1871055428575,99
2024-09-20 15:55:21.899000,430.2272102469517,11
2024-09-20 15:55:21.924000,430.1556605245778,103
2024-09-20 15:55:22.008000,430.2047477927878,11
2024-09-20 15:55:22.052000,430.2068606911757,7
2024-09-20 15:55:22.060000,430.2009165260162,7
2024-09-20 15:55:22.129000,430.1730150113733,997
2024-09-20 15:55:22.241000,430.2132934272888,14
2024-09-20 15:55:22.266000,430.1898937656133,14
2024-09-20 15:55:22.311000,430.1901291175513,100
2024-09-20 15:55:22.350000,430.2191550562014,96
2024-09-20 15:55:22.363000,430.2220910185272,1005
2024-09-20 15:55:22.398000,430.1867817188616,105
2024-09-20 15:55:22.434000,430.19397821074944,11
2024-09-20 15:55:22.503000,430.1984459177823,100
2024-09-20 15:55:22.542000,430.2000671410625,10
2024-09-20 15:55:22.600000,430.21234028926006,14
2024-09-20 15:55:22.600000,430.18209353601793,7
2024-09-20 15:55:22.634000,430.1607609960756,100
2024-09-20 15:55:22.664000,430.1969147284283,1002
2024-09-20 15:55:22.676000,430.17427362866897,98
2024-09-20 15:55:22.745000,430.21153378103446,13
2024-09-20 15:55:22.848000,430.19889640760704,1004
2024-09-20 15:55:22.921000,430.2144122262281,8
2024-09-20 15:55:22.963000,430.2075194042537,15
2024-09-20 15:55:23.015000,430.2059304620292,104
2024-09-20 15:55:23.035000,430.1449418011017,10
2024-09-20 15:55:23.237000,430.1325148498927,100
2024-09-20 15:55:23.311000,430.189405447062,5
2024-09-20 15:55:23.318000,430.19529108623857,996
2024-09-20 15:55:23.365000,430.1668936062588,15
2024-09-20 15:55:23.430000,430.1692842443507,1002
2024-09-20 15:55:23.441000,430.1798686161773,14
2024-09-20 15:55:23.448000,430.1661772852961,6
2024-09-20 15:55:23.471000,430.1479361422562,95
2024-09-20 15:55:23.495000,430.2097739016971,100
2024-09-20 15:55:23.517000,430.1759787183732,104
2024-09-20 15:55:23.722000,430.1753233141181,995
2024-09-20 15:55:23.757000,430.1709516458712,997
2024-09-20 15:55:23.818000,430.1888084183279,95
2024-09-20 15:55:23.871000,430.1843725354713,102
2024-09-20 15:55:23.871000,430.1646876488324,8
2024-09-20 15:55:23.956000,430.1780803917485,12
2024-09-20 15:55:24.413000,430.1351670512117,5
2024-09-20 15:55:24.562000,430.1550910735568,9
2024-09-20 15:55:24.727000,430.14832245625024,101
2024-09-20 15:55:24.741000,430.1298765580516,97
2024-09-20 15:55:24.853000,430.1294223668089,1005
2024-09-20 15:55:25.113000,430.0826653792265,96
2024-09-20 15:55:25.369000,430.1277690363064,101
2024-09-20 15:55:25.380000,430.1265801488136,96
2024-09-20 15:55:25.455000,430.1363191043638,1002
2024-09-20 15:55:25.687000,430.0846354569813,12
2024-09-20 15:55:25.820000,430.1011720484042,1004
2024-09-20 15:55:26.012000,430.13782471578565,1001
2024-09-20 15:55:26.022000,430.1167624185742,104
2024-09-20 15:55:26.079000,430.1122878247028,99
2024-09-20 15:55:26.140000,430.0582919537472,5
2024-09-20 15:55:26.148000,430.14704175028834,100
2024-09-20 15:55:26.154000,430.0904552040951,14
2024-09-20 15:55:26.321000,430.1116660079877,999
2024-09-20 15:55:26.384000,430.0792580214356,103
2024-09-20 15:55:26.496000,430.1074542403391,103
2024-09-20 15:55:26.584000,430.1082381293596,11
2024-09-20 15:55:26.676000,430.0677970640723,105
2024-09-20 15:55:26.709000,430.1023113546328,995
2024-09-20 15:55:26.827000,430.0486377293905,8
2024-09-20 15:55:26.836000,430.1528944588135,12
2024-09-20 15:55:26.864000,430.139881331284,7
2024-09-20 15:55:26.880000,430.1179591187391,1001
2024-09-20 15:55:26.911000,430.1176462328975,997
2024-09-20 15:55:26.954000,430.0777453309439,99
2024-09-20 15:55:26.971000,430.1096200871726,13
2024-09-20 15:55:26.978000,430.0759720802296,15
2024-09-20 15:55:27.038000,430.1299627655712,996
2024-09-20 15:55:27.122000,430.1017057465767,104
2024-09-20 15:55:27.206000,430.1408044190754,6
2024-09-20 15:55:27.210000,430.1020818766973,97
2024-09-20 15:55:27.323000,430.1096625116287,996
2024-09-20 15:55:27.409000,430.14586511012334,98
2024-09-20 15:55:27.449000,430.1364018069594,996
2024-09-20 15:55:27.450000,430.102964893211,98
2024-09-20 15:55:27.470000,430.103151773148,15
2024-09-20 15:55:27.537000,430.0885414940227,1000
2024-09-20 15:55:27.543000,430.1612673510242,1001
2024-09-20 15:55:27.557000,430.12549872012056,104
2024-09-20 15:55:27.568000,430.12721267409296,100
2024-09-20 15:55:27.604000,430.1393696024222,101
2024-09-20 15:55:27.645000,430.1412931370516,95
2024-09-20 15:55:27.727000,430.1406202036131,995
2024-09-20 15:55:27.822000,430.1418204504905,1004
2024-09-20 15:55:27.851000,430.1071804023919,1000
2024-09-20 15:55:28.006000,430.1063754219596,103
2024-09-20 15:55:28.023000,430.03520679173664,100
2024-09-20 15:55:28.088000,430.0998357834595,100
2024-09-20 15:55:28.127000,430.02543810584586,8
2024-09-20 15:55:28.216000,430.09209330208006,101
2024-09-20 15:55:28.265000,430.0531010609094,11
2024-09-20 15:55:28.265000,430.0920723885719,1002
2024-09-20 15:55:28.297000,430.0805751227565,1004
2024-09-20 15:55:28.333000,430.0665804794992,1005
2024-09-20 15:55:28.333000,430.0560172845006,95
2024-09-20 15:55:28.334000,430.0755776733101,15
2024-09-20 15:55:28.339000,430.0221588675288,998
2024-09-20 15:55:28.350000,430.0420198371896,13
2024-09-20 15:55:28.351000,430.1123734718537,1003
2024-09-20 15:55:28.367000,430.08464695374346,1002
2024-09-20 15:55:28.440000,430.04807030301737,997
2024-09-20 15:55:28.471000,430.114475058901,1001
2024-09-20 15:55:28.545000,430.0950871767189,997
2024-09-20 15:55:28.601000,430.121946940452,995
2024-09-20 15:55:28.651000,430.11175436348447,104
2024-09-20 15:55:28.662000,430.0254824438034,998
2024-09-20 15:55:28.720000,430.0820347389025,1000
2024-09-20 15:55:28.741000,430.0247244929267,1001
2024-09-20 15:55:28.783000,430.0468469246478,102
2024-09-20 15:55:28.880000,430.1071857550872,100
2024-09-20 15:55:28.891000,430.1244643801375,11
2024-09-20 15:55:28.899000,430.03829635408414,11
2024-09-20 15:55:28.915000,430.116504126139,100
2024-09-20 15:55:28.970000,430.1093627599236,95
2024-09-20 15:55:29.023000,430.1742327686459,105
2024-09-20 15:55:29.051000,430.1222600191144,97
2024-09-20 15:55:29.055000,430.1372034684283,997
2024-09-20 15:55:29.160000,430.16821767993895,13
2024-09-20 15:55:29.193000,430.171259014862,1001
2024-09-20 15:55:29.209000,430.1624170946747,95
2024-09-20 15:55:29.272000,430.1225177026095,8
2024-09-20 15:55:29.332000,430.17513040504616,99
2024-09-20 15:55:29.368000,430.13943038700125,10
2024-09-20 15:55:29.389000,430.1279612247709,1002
2024-09-20 15:55:29.472000,430.0962098729842,105
2024-09-20 15:55:29.473000,430.1210975231365,104
2024-09-20 15:55:29.478000,430.1293785420903,995
2024-09-20 15:55:29.531000,430.1233170897154,1003
2024-09-20 15:55:29.581000,430.14894007944497,5
2024-09-20 15:55:29.592000,430.13125567122165,95
2024-09-20 15:55:29.625000,430.1646180088904,96
2024-09-20 15:55:29.678000,430.1201301633953,1003
2024-09-20 15:55:29.796000,430.1645354926384,999
2024-09-20 15:55:29.904000,430.1131972386206,13
2024-09-20 15:55:29.918000,430.1252566342543,995
2024-09-20 15:55:29.943000,430.0903747683534,995
2024-09-20 15:55:29.992000,430.1709299977566,13
2024-09-20 15:55:30.009000,430.1075828288167,999
2024-09-20 15:55:30.064000,430.13988752105473,103
2024-09-20 15:55:30.071000,430.1952549115533,1002
2024-09-20 15:55:30.078000,430.0674468814888,105
2024-09-20 15:55:30.101000,430.0341856148198,1005
2024-09-20 15:55:30.149000,430.0305455920089,95
2024-09-20 15:55:30.185000,430.0986678154781,7
2024-09-20 15:55:30.244000,430.0315791415392,11
2024-09-20 15:55:30.266000,430.1755205563257,1004
2024-09-20 15:55:30.284000,430.0493605564433,100
2024-09-20 15:55:30.312000,430.1008473771043,995
2024-09-20 15:55:30.360000,430.0408805696563,996
2024-09-20 15:55:30.366000,430.0332870817086,100
2024-09-20 15:55:30.368000,430.0666587055299,7
2024-09-20 15:55:30.423000,430.0546715730879,98
2024-09-20 15:55:30.446000,430.0856208882106,995
2024-09-20 15:55:30.503000,430.0420424683002,13
2024-09-20 15:55:30.533000,430.1729839653431,996
2024-09-20 15:55:30.535000,430.1026166538631,13
2024-09-20 15:55:30.544000,430.05495479262186,13
2024-09-20 15:55:30.580000,430.188969885194,104
2024-09-20 15:55:30.683000,430.19581109477207,13
2024-09-20 15:55:30.691000,430.15485406755965,6
2024-09-20 15:55:30.753000,430.12205752506605,1003
2024-09-20 15:55:30.763000,430.1182279378612,14
2024-09-20 15:55:30.798000,430.0486454383616,97
2024-09-20 15:55:30.807000,430.1304705370245,101
2024-09-20 15:55:30.858000,430.16122266654907,6
2024-09-20 15:55:30.869000,430.1526376847683,8
2024-09-20 15:55:31.239000,430.0255428941173,101
2024-09-20 15:55:31.330000,430.0495150878632,98
2024-09-20 15:55:31.341000,430.08958245061706,104
2024-09-20 15:55:31.497000,430.09116154758897,1000
2024-09-20 15:55:31.524000,430.10395165374007,1004
2024-09-20 15:55:31.572000,430.0553024317597,5
2024-09-20 15:55:31.626000,430.1079776392263,1005
2024-09-20 15:55:31.737000,430.09101780402654,7
2024-09-20 15:55:31.798000,430.0861026454596,1005
2024-09-20 15:55:31.831000,430.0809533205248,999
2024-09-20 15:55:31.907000,430.0942761451474,15
2024-09-20 15:55:31.943000,430.1006292601237,10
2024-09-20 15:55:31.993000,430.0889301840815,999
2024-09-20 15:55:32.117000,424.3589939215775,1000
2024-09-20 15:55:32.291000,430.1219338747015,12
2024-09-20 15:55:32.534000,424.266761602611,1003
2024-09-20 15:55:32.544000,430.1410690346729,97
2024-09-20 15:55:32.891000,430.11008725870994,103
2024-09-20 15:55:32.946000,430.129268991035,996
2024-09-20 15:55:33.016000,430.077333228717,11
2024-09-20 15:55:33.050000,430.0699229100143,997
2024-09-20 15:55:33.075000,430.1240050183032,1005
2024-09-20 15:55:33.099000,430.058676521738,1001
2024-09-20 15:55:33.107000,430.0523924141185,1002
2024-09-20 15:55:33.111000,430.03925413536666,1002
2024-09-20 15:55:33.117000,430.0966107747063,997
2024-09-20 15:55:33.119000,430.06692133998257,1005
2024-09-20 15:55:33.144000,430.1134921978335,999
2024-09-20 15:55:33.258000,430.1098048526861,999
2024-09-20 15:55:33.282000,430.0478942634804,8
2024-09-20 15:55:33.471000,430.1184636137282,14
2024-09-20 15:55:33.546000,430.0620748953857,1005
2024-09-20 15:55:33.558000,430.1052781419753,10
2024-09-20 15:55:33.603000,430.06834668378974,12
2024-09-20 15:55:33.622000,430.05526139008754,1000
2024-09-20 15:55:33.672000,430.1257326175203,105
2024-09-20 15:55:33.703000,430.12117120931606,15
2024-09-20 15:55:33.758000,430.0706406611512,1001
2024-09-20 15:55:33.779000,430.0819067884454,9
2024-09-20 15:55:33.884000,430.0628896388724,103
2024-09-20 15:55:33.920000,430.1148124933527,9
2024-09-20 15:55:33.983000,430.0632508070885,9
2024-09-20 15:55:34.012000,430.0567851695599,100
2024-09-20 15:55:34.065000,430.0477023558167,995
2024-09-20 15:55:34.103000,430.0814707712655,7
2024-09-20 15:55:34.109000,430.0785274774957,14
2024-09-20 15:55:34.251000,430.063639328,10
2024-09-20 15:55:34.284000,430.0708275087933,6
2024-09-20 15:55:34.475000,430.06539956668325,10
2024-09-20 15:55:34.629000,430.0866882384275,96
2024-09-20 15:55:35,429.9489886004882,13
2024-09-20 15:55:35.034000,430.017101109444,1005
2024-09-20 15:55:35.075000,429.9306835152581,1003
2024-09-20 15:55:35.154000,430.042042370127,8
2024-09-20 15:55:35.156000,429.9261802618915,9
2024-09-20 15:55:35.162000,429.942827854928,103
2024-09-20 15:55:35.186000,429.9304441622608,6
2024-09-20 15:55:35.189000,430.02689591409296,97
2024-09-20 15:55:35.192000,429.9305387234811,1005
2024-09-20 15:55:35.216000,429.9372794225146,998
2024-09-20 15:55:35.431000,429.9722466582089,15
2024-09-20 15:55:35.482000,429.9420701967756,1005
2024-09-20 15:55:35.494000,430.0611061851772,105
2024-09-20 15:55:35.534000,429.9444460271605,102
2024-09-20 15:55:35.642000,429.9439592871526,14
2024-09-20 15:55:35.656000,430.032871490677,999
2024-09-20 15:55:35.677000,429.9368787098485,95
2024-09-20 15:55:35.757000,430.03336566775215,13
2024-09-20 15:55:35.821000,430.03812648133487,7
2024-09-20 15:55:35.825000,430.02180906524217,11
2024-09-20 15:55:35.847000,430.0485738430048,995
2024-09-20 15:55:35.855000,429.9572225280928,997
2024-09-20 15:55:35.911000,430.05959459681696,11
2024-09-20 15:55:35.933000,429.9876009137362,7
2024-09-20 15:55:35.993000,430.0397794546303,12
2024-09-20 15:55:36.007000,429.9866017757256,101
2024-09-20 15:55:36.035000,429.9703519240332,12
2024-09-20 15:55:36.070000,429.9949049869508,105
2024-09-20 15:55:36.173000,429.9739975187437,100
2024-09-20 15:55:36.214000,430.0072622352772,996
2024-09-20 15:55:36.243000,429.982247942337,995
2024-09-20 15:55:36.281000,429.9608778560959,5
2024-09-20 15:55:36.315000,430.0221851058394,101
2024-09-20 15:55:36.340000,429.9765130811276,5
2024-09-20 15:55:36.488000,429.9906897553429,999
2024-09-20 15:55:36.512000,429.96711995931616,1003
2024-09-20 15:55:36.639000,429.9603211482644,102
2024-09-20 15:55:36.710000,429.9480054829544,10
2024-09-20 15:55:36.765000,429.9656398165954,100
2024-09-20 15:55:36.827000,430.0321800898759,8
2024-09-20 15:55:36.850000,429.98476077272784,5
2024-09-20 15:55:36.869000,430.02106472232816,10
2024-09-20 15:55:36.890000,429.9695312114541,102
2024-09-20 15:55:37.011000,429.99688881374703,11
2024-09-20 15:55:37.011000,429.9507381954109,105
2024-09-20 15:55:37.022000,430.0088126333835,102
2024-09-20 15:55:37.158000,429.9630773985265,995
2024-09-20 15:55:37.232000,429.9812565163353,997
2024-09-20 15:55:37.232000,430.0217129207036,5
2024-09-20 15:55:37.238000,429.9743073112578,5
2024-09-20 15:55:37.239000,429.942026161758,995
2024-09-20 15:55:37.326000,429.96240008259775,15
2024-09-20 15:55:37.409000,429.96320034276897,103
2024-09-20 15:55:37.415000,429.98053671398566,103
2024-09-20 15:55:37.491000,429.98114407511656,1001
2024-09-20 15:55:37.498000,429.9590826882384,9
2024-09-20 15:55:37.512000,429.9677733224088,9
2024-09-20 15:55:37.565000,429.9770986260729,12
2024-09-20 15:55:37.571000,429.90652882358336,995
2024-09-20 15:55:37.584000,429.9715432663869,9
2024-09-20 15:55:37.614000,429.982191768485,5
2024-09-20 15:55:37.684000,429.966668172196,95
2024-09-20 15:55:37.744000,429.9794517806567,1004
2024-09-20 15:55:37.771000,430.0008780446617,5
2024-09-20 15:55:37.772000,429.9567562529115,1001
2024-09-20 15:55:37.820000,429.9230970673488,95
2024-09-20 15:55:37.861000,429.90942311309647,12
2024-09-20 15:55:37.879000,429.95577321531465,13
2024-09-20 15:55:37.881000,429.9758195063275,10
2024-09-20 15:55:37.906000,430.0028625489044,7
2024-09-20 15:55:37.978000,430.02000739587993,5
2024-09-20 15:55:37.983000,430.00467001809545,5
2024-09-20 15:55:38.023000,429.9670451091575,10
2024-09-20 15:55:38.362000,429.93967432446846,10
2024-09-20 15:55:38.389000,429.9722028677628,998
2024-09-20 15:55:38.392000,429.9450560437687,996
2024-09-20 15:55:38.394000,429.949289210214,96
2024-09-20 15:55:38.408000,429.9786422381754,1005
2024-09-20 15:55:38.502000,429.9325225860897,9
2024-09-20 15:55:38.532000,429.9205070721353,997
2024-09-20 15:55:38.640000,429.9523435264237,11
2024-09-20 15:55:38.666000,429.8995731144604,9
2024-09-20 15:55:38.703000,424.22542278979046,1002
2024-09-20 15:55:38.750000,429.9470676217414,1000
2024-09-20 15:55:38.776000,429.9063352695126,1000
2024-09-20 15:55:38.813000,429.895829514053,999
2024-09-20 15:55:38.856000,429.9560663852965,102
2024-09-20 15:55:38.858000,429.9408331281068,14
2024-09-20 15:55:38.950000,429.9014945283582,5
2024-09-20 15:55:39.072000,429.937880591359,100
2024-09-20 15:55:39.230000,429.9240322086658,8
2024-09-20 15:55:39.509000,429.9231783421366,1005
2024-09-20 15:55:39.956000,429.92644371166784,1005
2024-09-20 15:55:40.123000,429.8788410175933,104
2024-09-20 15:55:40.138000,429.8810899918785,96
2024-09-20 15:55:40.217000,429.9011879827193,997
2024-09-20 15:55:40.319000,429.8812602426604,15
2024-09-20 15:55:40.415000,429.8944366292889,1005
2024-09-20 15:55:40.433000,429.8731598493597,97
2024-09-20 15:55:40.479000,429.9094403207173,100
2024-09-20 15:55:40.545000,429.8758025939942,96
2024-09-20 15:55:40.733000,429.8663374508786,1004
2024-09-20 15:55:40.886000,429.87332620173214,5
2024-09-20 15:55:40.890000,429.8777166451898,1003
2024-09-20 15:55:41.124000,429.9235333376736,13
2024-09-20 15:55:41.192000,429.9291674457413,95
2024-09-20 15:55:41.231000,429.93762501528977,997
2024-09-20 15:55:41.294000,429.89119480402655,96
2024-09-20 15:55:41.295000,429.8851061536064,95
2024-09-20 15:55:41.318000,429.9040485008034,96
2024-09-20 15:55:41.326000,429.9176384016637,95
2024-09-20 15:55:41.440000,429.8802134998638,1001
2024-09-20 15:55:41.477000,429.9039676787489,13
2024-09-20 15:55:41.483000,429.92001992254274,101
2024-09-20 15:55:41.543000,429.87133284022457,7
2024-09-20 15:55:41.549000,429.9306014932824,11
2024-09-20 15:55:41.589000,429.8862088234235,100
2024-09-20 15:55:41.631000,429.8727146010756,97
2024-09-20 15:55:41.669000,429.9224339429993,105
2024-09-20 15:55:41.684000,429.91040035770015,11
2024-09-20 15:55:41.704000,429.8871634484779,97
2024-09-20 15:55:41.705000,429.9258875267938,101
2024-09-20 15:55:41.736000,429.8674801353336,5
2024-09-20 15:55:41.759000,429.90595111482986,1001
2024-09-20 15:55:41.791000,429.9013166325063,97
2024-09-20 15:55:41.875000,429.8881550584017,1005
2024-09-20 15:55:41.905000,429.9479664165093,9
2024-09-20 15:55:41.924000,429.891030436033,102
2024-09-20 15:55:42.023000,429.7784501379569,101
2024-09-20 15:55:42.067000,429.7652779553816,13
2024-09-20 15:55:42.075000,429.8478601767823,100
2024-09-20 15:55:42.079000,429.795855407216,11
2024-09-20 15:55:42.120000,429.8784819014238,7
2024-09-20 15:55:42.376000,429.8300015568515,96
2024-09-20 15:55:42.400000,429.9108917301968,101
2024-09-20 15:55:42.401000,429.7768947248653,103
2024-09-20 15:55:42.470000,429.827218520281,95
2024-09-20 15:55:42.508000,429.89115226262265,95
2024-09-20 15:55:42.606000,429.9112819452772,996
2024-09-20 15:55:42.630000,429.85211990285336,995
2024-09-20 15:55:42.646000,429.85520045674616,15
2024-09-20 15:55:42.647000,429.9079247835931,7
2024-09-20 15:55:42.677000,429.7704123231177,998
2024-09-20 15:55:42.699000,429.83842910122416,10
2024-09-20 15:55:42.827000,429.849102456074,1002
2024-09-20 15:55:42.836000,429.7732232799131,1002
2024-09-20 15:55:42.868000,429.8170057781124,101
2024-09-20 15:55:42.869000,429.8059615920122,103
2024-09-20 15:55:42.899000,429.7658546390463,6
2024-09-20 15:55:42.906000,429.7734334542681,98
2024-09-20 15:55:42.906000,429.90058217809616,97
2024-09-20 15:55:42.990000,429.7635811869672,99
2024-09-20 15:55:43.237000,429.7649111546869,1001
2024-09-20 15:55:43.269000,424.13820720967647,998
2024-09-20 15:55:43.282000,429.7743448914736,100
2024-09-20 15:55:43.313000,429.760151921436,998
2024-09-20 15:55:43.331000,429.7379165690388,6
2024-09-20 15:55:43.438000,429.76494556753977,1005
2024-09-20 15:55:43.482000,429.7897699249283,6
2024-09-20 15:55:43.493000,429.7853940411087,9
2024-09-20 15:55:43.699000,429.787132166538,8
2024-09-20 15:55:43.720000,429.7838690290109,998
2024-09-20 15:55:43.752000,429.7687608781842,998
2024-09-20 15:55:44.136000,429.7454299543669,13
2024-09-20 15:55:44.199000,429.73406355682766,101
2024-09-20 15:55:44.368000,429.771146369389,1002
2024-09-20 15:55:44.661000,424.1760633686835,999
2024-09-20 15:55:44.822000,429.7590091427783,10
2024-09-20 15:55:45.027000,429.76652100206906,13
2024-09-20 15:55:45.133000,429.76179415767785,9
2024-09-20 15:55:45.179000,429.7549793342397,1002
2024-09-20 15:55:45.200000,429.8289203469855,97
2024-09-20 15:55:45.290000,429.7728186069897,95
2024-09-20 15:55:45.295000,429.75529228711287,1004
2024-09-20 15:55:45.296000,429.8586263863184,97
2024-09-20 15:55:45.303000,429.846178953627,1004
2024-09-20 15:55:45.341000,429.7782697052728,8
2024-09-20 15:55:45.384000,429.816212957226,100
2024-09-20 15:55:45.424000,429.7709444758078,1000
2024-09-20 15:55:45.441000,429.866465220284,996
2024-09-20 15:55:45.451000,429.74438573788535,998
2024-09-20 15:55:45.467000,429.8389660124273,10
2024-09-20 15:55:45.499000,429.8382070750982,1001
2024-09-20 15:55:45.588000,429.7453081169266,12
2024-09-20 15:55:45.614000,429.7463503201987,7
2024-09-20 15:55:45.623000,429.8431776168456,104
2024-09-20 15:55:45.623000,429.7814878296657,996
2024-09-20 15:55:45.734000,429.79411536853706,104
2024-09-20 15:55:45.779000,429.8480622383855,101
2024-09-20 15:55:45.779000,429.7683069018343,104
2024-09-20 15:55:45.788000,429.7446096862972,8
2024-09-20 15:55:45.832000,429.7482915084411,997
2024-09-20 15:55:45.859000,429.75902335259366,1003
2024-09-20 15:55:45.910000,429.7576249798631,103
2024-09-20 15:55:45.917000,429.8488443995955,995
2024-09-20 15:55:45.995000,429.8643240543811,14
2024-09-20 15:55:46.208000,429.8742414471176,100
2024-09-20 15:55:46.256000,429.8654061402625,1005
2024-09-20 15:55:46.299000,429.8530351189767,7
2024-09-20 15:55:46.401000,429.8473933937344,6
2024-09-20 15:55:46.515000,429.8655082895151,98
2024-09-20 15:55:46.876000,429.8417134361044,15
2024-09-20 15:55:47.634000,429.8603868111738,100
2024-09-20 15:55:47.782000,429.8689264528915,996
2024-09-20 15:55:48.018000,429.82126110383,96
2024-09-20 15:55:48.105000,429.8589649650036,998
2024-09-20 15:55:48.121000,429.8470723027502,13
2024-09-20 15:55:48.139000,429.8688220409312,96
2024-09-20 15:55:48.269000,429.8119487703499,15
2024-09-20 15:55:48.340000,429.7983938013197,99
2024-09-20 15:55:48.398000,429.8274945051705,11
2024-09-20 15:55:48.405000,429.8289624094748,5
2024-09-20 15:55:48.407000,429.8606856893866,995
2024-09-20 15:55:48.489000,429.839945143606,13
2024-09-20 15:55:48.645000,429.8115917037566,97
2024-09-20 15:55:48.951000,429.8456661302545,1004
2024-09-20 15:55:49.077000,429.76886631691474,103
2024-09-20 15:55:49.209000,429.7789574552375,12
2024-09-20 15:55:49.370000,429.81235480808834,13
2024-09-20 15:55:49.424000,429.7718478985598,1004
2024-09-20 15:55:49.487000,429.7870455291265,10
2024-09-20 15:55:49.593000,429.81233396183694,8
2024-09-20 15:55:49.703000,429.77301762863885,1002
2024-09-20 15:55:49.800000,429.7974201369821,8
2024-09-20 15:55:49.950000,429.7592040140567,10
2024-09-20 15:55:49.960000,429.7759389239424,98
2024-09-20 15:55:50.176000,429.8313368804928,15
2024-09-20 15:55:50.214000,429.8088273448743,1000
2024-09-20 15:55:50.364000,429.81692357653793,1005
2024-09-20 15:55:50.426000,429.7875946378625,95
2024-09-20 15:55:50.530000,429.8014426605064,1005
2024-09-20 15:55:50.652000,429.83107820026817,95
2024-09-20 15:55:50.696000,424.3986086898007,15
2024-09-20 15:55:50.804000,429.8315831708215,998
2024-09-20 15:55:50.860000,429.7893280932472,1004
2024-09-20 15:55:50.873000,429.79672833018816,104
2024-09-20 15:55:51.018000,429.8628991473207,5
2024-09-20 15:55:51.077000,429.8893321300713,996
2024-09-20 15:55:51.173000,429.884018788492,9
2024-09-20 15:55:51.176000,429.85365734454814,15
2024-09-20 15:55:51.235000,429.8765597583226,1000
2024-09-20 15:55:51.303000,429.87226668618,9
2024-09-20 15:55:51.334000,429.8953112918503,996
2024-09-20 15:55:51.346000,429.81740184857006,13
2024-09-20 15:55:51.356000,429.8607818991153,102
2024-09-20 15:55:51.451000,429.84615316265007,11
2024-09-20 15:55:51.493000,429.8229077685886,96
2024-09-20 15:55:51.517000,429.898664372224,1005
2024-09-20 15:55:51.535000,429.8453635327404,95
2024-09-20 15:55:51.561000,429.8282003934408,8
2024-09-20 15:55:51.606000,429.88666116604014,14
2024-09-20 15:55:51.659000,429.8850646031459,6
2024-09-20 15:55:51.711000,429.82714413606107,1004
2024-09-20 15:55:51.719000,429.857133700446,12
2024-09-20 15:55:51.786000,429.9051105441365,99
2024-09-20 15:55:51.801000,429.88993883895466,13
2024-09-20 15:55:51.803000,429.81988686168273,1003
2024-09-20 15:55:51.837000,429.8079510610812,97
2024-09-20 15:55:51.858000,429.8635768452292,14
2024-09-20 15:55:51.889000,429.84018065926585,995
2024-09-20 15:55:51.923000,429.8283580228442,104
2024-09-20 15:55:51.980000,429.8789924209966,95
2024-09-20 15:55:51.992000,429.88181092767246,10
2024-09-20 15:55:52.051000,429.7948781129877,1003
2024-09-20 15:55:52.105000,429.8335606781672,11
2024-09-20 15:55:52.154000,429.79046583720645,998
2024-09-20 15:55:52.691000,429.8083090352524,11
2024-09-20 15:55:52.709000,429.82132410726086,997
2024-09-20 15:55:52.711000,429.81383919273225,103
2024-09-20 15:55:52.735000,429.8095314210219,1001
2024-09-20 15:55:52.901000,429.8145099900018,105
2024-09-20 15:55:53.008000,429.8699052665061,98
2024-09-20 15:55:53.029000,429.82629168956834,5
2024-09-20 15:55:53.108000,429.8232448445804,99
2024-09-20 15:55:53.124000,429.80105486075024,997
2024-09-20 15:55:53.175000,429.8508948099283,95
2024-09-20 15:55:53.201000,429.8076508216007,12
2024-09-20 15:55:53.228000,429.8069643253867,10
2024-09-20 15:55:53.250000,429.7951456248366,1003
2024-09-20 15:55:53.277000,429.8245876602826,1001
2024-09-20 15:55:53.284000,429.8489183522564,1001
2024-09-20 15:55:53.359000,429.7979153104727,7
2024-09-20 15:55:53.425000,429.8636687132774,97
2024-09-20 15:55:53.468000,429.8507008624209,104
2024-09-20 15:55:53.493000,429.87190242052367,8
2024-09-20 15:55:53.537000,429.8635693120524,1003
2024-09-20 15:55:53.571000,429.8632391998467,105
2024-09-20 15:55:53.616000,429.8748885910399,995
2024-09-20 15:55:53.743000,429.8269831464914,97
2024-09-20 15:55:53.821000,429.8280261815453,7
2024-09-20 15:55:53.824000,429.8447756450466,100
2024-09-20 15:55:53.829000,429.80200803944575,104
2024-09-20 15:55:53.845000,429.8740744176611,5
2024-09-20 15:55:53.847000,429.8123791265544,14
2024-09-20 15:55:53.855000,429.8468783380083,95
2024-09-20 15:55:53.859000,429.86219196914016,1001
2024-09-20 15:55:53.905000,429.86129793750064,1004
2024-09-20 15:55:53.906000,429.7999401597016,103
2024-09-20 15:55:53.914000,429.8688802369167,97
2024-09-20 15:55:53.944000,429.8718218860628,1004
2024-09-20 15:55:54.012000,429.8383239504813,103
2024-09-20 15:55:54.083000,429.8301160777034,1002
2024-09-20 15:55:54.127000,429.8492712839102,100
2024-09-20 15:55:54.137000,429.8267574821692,95
2024-09-20 15:55:54.174000,429.8527907388231,1002
2024-09-20 15:55:54.233000,429.8622540358498,7
2024-09-20 15:55:54.395000,429.8640088515204,7
2024-09-20 15:55:54.400000,429.81349284721176,5
2024-09-20 15:55:54.405000,429.8119540342048,5
2024-09-20 15:55:54.467000,429.8366177751911,1003
2024-09-20 15:55:54.526000,429.8461289339306,101
2024-09-20 15:55:54.550000,429.813194061093,13
2024-09-20 15:55:54.566000,429.8514660316309,97
2024-09-20 15:55:54.614000,429.8342775106796,1002
2024-09-20 15:55:54.650000,429.8345498405122,8
2024-09-20 15:55:54.761000,429.8163182726444,5
2024-09-20 15:55:54.765000,429.8214866477107,100
2024-09-20 15:55:54.796000,429.8283312710094,14
2024-09-20 15:55:54.821000,429.8020771226239,1002
2024-09-20 15:55:54.828000,429.82652458551536,96
2024-09-20 15:55:54.872000,429.8204530318172,103
2024-09-20 15:55:54.872000,429.8258146876578,15
2024-09-20 15:55:54.891000,429.8426923912263,1001
2024-09-20 15:55:54.897000,429.82565975545054,10
2024-09-20 15:55:54.910000,429.8510610675489,96
2024-09-20 15:55:54.924000,429.7832764496646,1002
2024-09-20 15:55:54.929000,429.8511894157064,99
2024-09-20 15:55:54.996000,429.7924621428635,1001
2024-09-20 15:55:55.184000,429.87430372981913,5
2024-09-20 15:55:55.297000,429.87820138629,98
2024-09-20 15:55:55.456000,429.8921483196556,1001
2024-09-20 15:55:55.678000,429.86862510887886,100
2024-09-20 15:55:55.935000,429.8930082917954,97
2024-09-20 15:55:56.036000,429.90023236127337,996
2024-09-20 15:55:56.146000,429.9064766473105,102
2024-09-20 15:55:56.459000,429.88585336349246,101
2024-09-20 15:55:56.655000,429.9390991334743,101
2024-09-20 15:55:56.681000,429.9535017221637,1001
2024-09-20 15:55:56.725000,429.9345092383901,97
2024-09-20 15:55:56.756000,429.9235440456028,5
2024-09-20 15:55:56.769000,429.9166538282506,104
2024-09-20 15:55:56.792000,429.89520512451736,996
2024-09-20 15:55:56.810000,429.90410715238687,1002
2024-09-20 15:55:56.887000,429.9151379981798,998
2024-09-20 15:55:56.915000,429.92492672896606,96
2024-09-20 15:55:56.938000,429.94767349548,1002
2024-09-20 15:55:57.043000,429.8895314000292,5
2024-09-20 15:55:57.157000,429.9085342809834,11
2024-09-20 15:55:57.158000,429.8670512957691,103
2024-09-20 15:55:57.579000,429.8977002062948,12
2024-09-20 15:55:57.649000,429.8993894765508,996
2024-09-20 15:55:57.668000,429.881046180589,1004
2024-09-20 15:55:57.684000,429.9228066368014,102
2024-09-20 15:55:57.763000,429.90484728766495,11
2024-09-20 15:55:57.896000,429.9209351291213,1003
2024-09-20 15:55:58.080000,429.9969543376904,999
2024-09-20 15:55:58.161000,429.99083214163386,8
2024-09-20 15:55:58.182000,429.9904827235318,101
2024-09-20 15:55:58.192000,429.9546847551528,98
2024-09-20 15:55:58.211000,429.9896415999409,1004
2024-09-20 15:55:58.216000,429.9839098812913,7
2024-09-20 15:55:58.220000,429.9665281232277,103
2024-09-20 15:55:58.267000,430.0039837564419,104
2024-09-20 15:55:58.275000,429.9783662188424,1000
2024-09-20 15:55:58.278000,430.0008860400626,11
2024-09-20 15:55:58.292000,429.9976078299261,104
2024-09-20 15:55:58.295000,429.9448669009596,104
2024-09-20 15:55:58.380000,429.9747442889259,7
2024-09-20 15:55:58.438000,429.9506677594188,996
2024-09-20 15:55:58.457000,430.002956618196,96
2024-09-20 15:55:58.467000,429.96559829710367,15
2024-09-20 15:55:58.476000,429.9624487876438,1001
2024-09-20 15:55:58.479000,429.96756542812506,1000
2024-09-20 15:55:58.556000,429.9740327099701,996
2024-09-20 15:55:58.681000,429.9637962709427,998
2024-09-20 15:55:58.759000,430.0136285723904,999
2024-09-20 15:55:58.814000,429.9580081788104,99
2024-09-20 15:55:58.881000,429.9618348396034,103
2024-09-20 15:55:59.011000,429.9542290862522,100
2024-09-20 15:55:59.161000,429.9663218454186,5
2024-09-20 15:55:59.408000,429.9433008092749,15
2024-09-20 15:55:59.410000,429.9810331141696,14
2024-09-20 15:55:59.489000,429.9530736134778,100
2024-09-20 15:55:59.627000,429.954429751112,1004
2024-09-20 15:55:59.730000,429.9585837473848,104
2024-09-20 15:55:59.738000,429.96175791339294,98
2024-09-20 15:55:59.750000,429.9964860464646,102
2024-09-20 15:55:59.811000,429.9288969277515,7
2024-09-20 15:55:59.817000,429.9927242630824,14
2024-09-20 15:55:59.833000,429.95164796133616,101
2024-09-20 15:55:59.890000,429.9744626525217,15
2024-09-20 15:55:59.892000,429.9491945817779,96
2024-09-20 15:55:59.931000,429.9461231740149,6
