Timestamp,Price,Size
2024-09-20 14:52:00.023000,430.6123772679911,11
2024-09-20 14:52:00.047000,430.597594200244,105
2024-09-20 14:52:00.126000,430.5787373929359,1005
2024-09-20 14:52:00.235000,430.59699475132805,997
2024-09-20 14:52:00.239000,430.5579666200301,100
2024-09-20 14:52:00.251000,430.5971320615644,995
2024-09-20 14:52:00.285000,430.5854203754812,99
2024-09-20 14:52:00.427000,430.5823777852184,1005
2024-09-20 14:52:00.431000,430.5625180325239,999
2024-09-20 14:52:00.439000,430.58744044622574,103
2024-09-20 14:52:00.456000,430.59203641317066,100
2024-09-20 14:52:00.465000,430.6214032281775,5
2024-09-20 14:52:00.594000,430.62652958204256,5
2024-09-20 14:52:00.678000,430.5848570933569,10
2024-09-20 14:52:00.783000,430.59758576084727,9
2024-09-20 14:52:00.814000,430.59956055475647,9
2024-09-20 14:52:00.856000,430.5818512014173,11
2024-09-20 14:52:00.927000,430.6132256486496,1002
2024-09-20 14:52:00.995000,430.6162099958389,8
2024-09-20 14:52:01.078000,430.6186929267213,105
2024-09-20 14:52:01.118000,430.63463899246574,996
2024-09-20 14:52:01.134000,430.6080679327386,997
2024-09-20 14:52:01.137000,430.63047158073874,12
2024-09-20 14:52:01.218000,430.6347898612905,997
2024-09-20 14:52:01.230000,430.65593706594586,9
2024-09-20 14:52:01.275000,430.6190250868869,997
2024-09-20 14:52:01.368000,430.63900545424895,12
2024-09-20 14:52:01.418000,430.6367529836103,6
2024-09-20 14:52:01.441000,430.6251076383984,97
2024-09-20 14:52:01.614000,430.6510136286436,10
2024-09-20 14:52:01.630000,430.6138031828116,14
2024-09-20 14:52:01.773000,430.6124266834586,14
2024-09-20 14:52:01.785000,430.6348377788949,997
2024-09-20 14:52:01.792000,430.6246653134157,14
2024-09-20 14:52:01.933000,430.6240375425814,998
2024-09-20 14:52:03.006000,430.65064672068064,6
2024-09-20 14:52:03.109000,430.6147889168194,1002
2024-09-20 14:52:03.142000,430.62357520832586,14
2024-09-20 14:52:03.242000,430.6251434005357,1002
2024-09-20 14:52:03.277000,430.6368396020503,103
2024-09-20 14:52:03.506000,430.6578074483618,101
2024-09-20 14:52:03.542000,430.6416445700133,7
2024-09-20 14:52:03.562000,430.63107999958174,7
2024-09-20 14:52:03.567000,430.6272138442033,998
2024-09-20 14:52:03.854000,430.6464442386677,103
2024-09-20 14:52:03.884000,430.6364720621282,1001
2024-09-20 14:52:03.993000,430.6241466584896,6
2024-09-20 14:52:04.129000,430.65522875980224,998
2024-09-20 14:52:04.372000,422.0121300829306,9
2024-09-20 14:52:04.444000,430.6482253976279,99
2024-09-20 14:52:04.589000,430.619441485049,1002
2024-09-20 14:52:04.779000,430.6616316865984,15
2024-09-20 14:52:04.796000,430.6413131482789,7
2024-09-20 14:52:05.190000,430.5988398703576,96
2024-09-20 14:52:05.774000,430.6149206561109,5
2024-09-20 14:52:05.844000,430.6051946892668,97
2024-09-20 14:52:05.858000,430.6171578833085,1000
2024-09-20 14:52:06.086000,430.63529233706856,998
2024-09-20 14:52:06.086000,430.61864403303616,103
2024-09-20 14:52:06.115000,430.6336590217754,101
2024-09-20 14:52:06.187000,430.7001171594456,7
2024-09-20 14:52:06.189000,430.69841575517256,1002
2024-09-20 14:52:06.279000,430.71900830745847,6
2024-09-20 14:52:06.313000,430.75206371843626,15
2024-09-20 14:52:06.375000,430.6675032655859,1000
2024-09-20 14:52:06.378000,430.697072122045,99
2024-09-20 14:52:06.453000,430.7136113582546,14
2024-09-20 14:52:06.498000,430.6587967553853,102
2024-09-20 14:52:06.527000,430.72857561942544,1000
2024-09-20 14:52:06.603000,430.72943563829,15
2024-09-20 14:52:06.657000,430.6349257578937,96
2024-09-20 14:52:06.714000,430.6659684624622,10
2024-09-20 14:52:06.741000,430.7024124055565,6
2024-09-20 14:52:06.743000,430.59652774217454,6
2024-09-20 14:52:06.911000,430.7105906957517,10
2024-09-20 14:52:06.927000,430.7006082255784,1005
2024-09-20 14:52:06.930000,430.6424727348264,95
2024-09-20 14:52:07.776000,430.7070114856839,995
2024-09-20 14:52:08.152000,430.7121013156245,1003
2024-09-20 14:52:08.177000,430.6535577578104,1002
2024-09-20 14:52:08.202000,430.6647092654049,14
2024-09-20 14:52:08.331000,430.715210533079,997
2024-09-20 14:52:08.399000,430.66152636912176,101
2024-09-20 14:52:08.486000,430.65885554546185,11
2024-09-20 14:52:08.565000,430.6885807036189,5
2024-09-20 14:52:08.589000,430.7147827596353,997
2024-09-20 14:52:08.996000,430.7129342115642,1002
2024-09-20 14:52:09.080000,430.5670799821137,9
2024-09-20 14:52:09.093000,430.6085638806906,996
2024-09-20 14:52:09.095000,430.6363128636821,104
2024-09-20 14:52:09.108000,430.62473927734027,101
2024-09-20 14:52:09.141000,430.64847842067576,99
2024-09-20 14:52:09.189000,430.6144265737302,97
2024-09-20 14:52:09.201000,430.6487803318753,1003
2024-09-20 14:52:09.313000,430.5983908965082,12
2024-09-20 14:52:09.348000,430.62956338217407,99
2024-09-20 14:52:09.425000,430.6753869096468,15
2024-09-20 14:52:09.442000,430.6115168745157,9
2024-09-20 14:52:09.452000,430.6303198044192,104
2024-09-20 14:52:09.472000,430.6475801861958,104
2024-09-20 14:52:09.503000,430.6331223212149,99
2024-09-20 14:52:09.523000,430.6236963405589,7
2024-09-20 14:52:09.540000,430.6150798790328,7
2024-09-20 14:52:09.541000,430.5872708103773,998
2024-09-20 14:52:09.556000,430.6034358264816,96
2024-09-20 14:52:09.594000,430.6555200265629,999
2024-09-20 14:52:09.603000,430.6201552237344,997
2024-09-20 14:52:09.673000,430.60755242604085,97
2024-09-20 14:52:09.697000,430.6180557229084,1004
2024-09-20 14:52:09.786000,430.66002911371766,1001
2024-09-20 14:52:09.875000,430.62952413105467,998
2024-09-20 14:52:09.897000,430.6623433452649,5
2024-09-20 14:52:09.907000,430.6015704580439,12
2024-09-20 14:52:10.093000,430.5829006683433,102
2024-09-20 14:52:10.095000,430.5178263477197,5
2024-09-20 14:52:10.116000,430.5663816808677,6
2024-09-20 14:52:10.153000,430.57335392464455,96
2024-09-20 14:52:10.163000,430.56707209121794,7
2024-09-20 14:52:10.247000,430.5659402796392,99
2024-09-20 14:52:10.291000,430.4669929428231,6
2024-09-20 14:52:10.302000,430.5823612099186,104
2024-09-20 14:52:10.354000,430.54796403739607,998
2024-09-20 14:52:10.379000,430.471605909906,13
2024-09-20 14:52:10.505000,430.45393639126905,997
2024-09-20 14:52:10.537000,430.5460617959069,98
2024-09-20 14:52:10.672000,430.58481200806256,1002
2024-09-20 14:52:10.709000,430.5746083104104,7
2024-09-20 14:52:10.735000,430.57771234276623,98
2024-09-20 14:52:10.740000,430.48768741729066,1005
2024-09-20 14:52:10.792000,430.4819363133551,98
2024-09-20 14:52:10.872000,430.5596650776479,1002
2024-09-20 14:52:10.903000,430.5708721248348,8
2024-09-20 14:52:10.944000,430.4682250796751,995
2024-09-20 14:52:10.959000,430.527730355252,7
2024-09-20 14:52:10.983000,430.4837101527839,13
2024-09-20 14:52:10.995000,430.5232692183424,996
2024-09-20 14:52:11.012000,430.5742102451652,1005
2024-09-20 14:52:11.020000,430.5685970265248,15
2024-09-20 14:52:11.023000,430.478724612867,5
2024-09-20 14:52:11.051000,430.5066534549241,13
2024-09-20 14:52:11.120000,430.4909652639315,10
2024-09-20 14:52:11.125000,430.4985071978825,100
2024-09-20 14:52:11.187000,430.4422580212136,11
2024-09-20 14:52:11.192000,430.5572279156801,7
2024-09-20 14:52:11.202000,430.5734587575895,997
2024-09-20 14:52:11.203000,430.54109758143824,102
2024-09-20 14:52:11.214000,430.6493726216789,99
2024-09-20 14:52:11.265000,430.62794022475777,105
2024-09-20 14:52:11.284000,430.54252208696096,1005
2024-09-20 14:52:11.294000,430.4472493918035,1000
2024-09-20 14:52:11.298000,430.4853144480371,15
2024-09-20 14:52:11.307000,430.5986256717911,995
2024-09-20 14:52:11.430000,430.6100549896114,1005
2024-09-20 14:52:11.480000,430.6367403057405,5
2024-09-20 14:52:11.607000,430.51439171639856,98
2024-09-20 14:52:11.645000,430.47148204034727,10
2024-09-20 14:52:11.655000,430.6268517619358,5
2024-09-20 14:52:11.665000,430.560879821489,1004
2024-09-20 14:52:11.707000,430.5638233170412,1001
2024-09-20 14:52:11.818000,430.6647540704642,999
2024-09-20 14:52:11.832000,430.4973730054148,1004
2024-09-20 14:52:11.889000,430.6712306643765,9
2024-09-20 14:52:11.944000,430.5975059683724,995
2024-09-20 14:52:12.039000,430.639140382996,995
2024-09-20 14:52:12.085000,430.6491613930873,7
2024-09-20 14:52:12.143000,421.9548785807571,1000
2024-09-20 14:52:12.153000,430.67359788489046,8
2024-09-20 14:52:12.200000,430.6601398516183,96
2024-09-20 14:52:12.236000,430.6448237509466,102
2024-09-20 14:52:12.282000,430.65274831957385,996
2024-09-20 14:52:12.303000,430.6810088548589,999
2024-09-20 14:52:12.431000,430.65072693989407,7
2024-09-20 14:52:12.432000,430.6437627308841,96
2024-09-20 14:52:12.513000,430.6390134277522,101
2024-09-20 14:52:12.610000,430.6543482771315,13
2024-09-20 14:52:12.627000,430.66966389825626,105
2024-09-20 14:52:12.629000,430.65886216850345,10
2024-09-20 14:52:12.661000,430.6662824100223,105
2024-09-20 14:52:12.676000,430.6695261939502,1005
2024-09-20 14:52:12.697000,430.666914380938,96
2024-09-20 14:52:12.768000,430.65648957542174,96
2024-09-20 14:52:12.772000,430.64424622260543,15
2024-09-20 14:52:12.827000,430.6644982246602,100
2024-09-20 14:52:12.888000,430.6694625010584,997
2024-09-20 14:52:13.009000,430.59786653848425,9
2024-09-20 14:52:13.080000,430.630938167009,1002
2024-09-20 14:52:13.102000,430.5808598450415,1004
2024-09-20 14:52:13.306000,430.5840000510386,1003
2024-09-20 14:52:13.376000,430.623811509234,12
2024-09-20 14:52:13.376000,430.63499466332144,101
2024-09-20 14:52:13.376000,430.5893213344759,1001
2024-09-20 14:52:13.506000,430.5774751767528,1000
2024-09-20 14:52:13.522000,430.63358312803234,998
2024-09-20 14:52:13.538000,430.592538380893,7
2024-09-20 14:52:13.632000,430.6493814378226,103
2024-09-20 14:52:13.735000,430.58310825720366,999
2024-09-20 14:52:13.743000,430.5969595526297,5
2024-09-20 14:52:13.775000,430.6124791120573,9
2024-09-20 14:52:13.779000,430.6346353525514,998
2024-09-20 14:52:13.809000,430.5925408381962,997
2024-09-20 14:52:13.836000,430.5885371883276,1005
2024-09-20 14:52:13.987000,430.6279653177353,7
2024-09-20 14:52:14.042000,430.7165629821436,96
2024-09-20 14:52:14.096000,430.7337749178272,15
2024-09-20 14:52:14.148000,430.6946041606965,1001
2024-09-20 14:52:14.168000,430.7142189819445,105
2024-09-20 14:52:14.201000,430.69348078200153,95
2024-09-20 14:52:14.218000,430.6958596734858,12
2024-09-20 14:52:14.225000,430.675562271539,9
2024-09-20 14:52:14.250000,430.64184903213146,98
2024-09-20 14:52:14.252000,430.7210707277453,98
2024-09-20 14:52:14.267000,430.6505089427017,104
2024-09-20 14:52:14.296000,430.6578296478141,96
2024-09-20 14:52:14.347000,430.70865956133497,995
2024-09-20 14:52:14.444000,430.6883281716221,999
2024-09-20 14:52:14.516000,430.7228850679607,6
2024-09-20 14:52:14.560000,430.7210546712364,98
2024-09-20 14:52:14.566000,430.7162983442594,100
2024-09-20 14:52:14.604000,430.647659014114,13
2024-09-20 14:52:14.669000,430.6560259137718,1000
2024-09-20 14:52:14.688000,430.7035739264856,103
2024-09-20 14:52:14.702000,430.7398323379933,8
2024-09-20 14:52:14.714000,430.66306329990704,11
2024-09-20 14:52:14.785000,430.6547382516477,14
2024-09-20 14:52:14.875000,430.6998809422041,10
2024-09-20 14:52:14.899000,430.6719627256592,9
2024-09-20 14:52:14.901000,430.6959368536521,102
2024-09-20 14:52:15.242000,430.71522669968977,11
2024-09-20 14:52:15.381000,430.7176939262307,1004
2024-09-20 14:52:15.750000,430.7173115953661,105
2024-09-20 14:52:15.931000,430.722095361552,10
2024-09-20 14:52:15.999000,430.7455075513854,9
2024-09-20 14:52:15.999000,430.7278251213218,105
2024-09-20 14:52:16.125000,430.6637552549632,103
2024-09-20 14:52:16.128000,430.7004168046882,103
2024-09-20 14:52:16.164000,430.65390292410814,8
2024-09-20 14:52:16.164000,430.7280618781068,8
2024-09-20 14:52:16.179000,430.642334114239,96
2024-09-20 14:52:16.226000,430.72518884604347,97
2024-09-20 14:52:16.258000,430.73657922910667,104
2024-09-20 14:52:16.266000,430.6489457154064,998
2024-09-20 14:52:16.340000,430.71753498381577,11
2024-09-20 14:52:16.385000,430.7361543685047,96
2024-09-20 14:52:16.530000,430.7026276250068,105
2024-09-20 14:52:16.699000,430.6604845490034,14
2024-09-20 14:52:16.700000,430.6516126155356,12
2024-09-20 14:52:16.779000,430.7373971331187,95
2024-09-20 14:52:16.876000,430.65418294474034,101
2024-09-20 14:52:16.920000,430.6735979438672,997
2024-09-20 14:52:16.926000,430.72968872653104,99
2024-09-20 14:52:16.930000,430.72320893080047,999
2024-09-20 14:52:16.942000,430.74668694642907,997
2024-09-20 14:52:16.946000,430.7201293380086,102
2024-09-20 14:52:16.985000,430.71759968016624,102
2024-09-20 14:52:17.036000,430.6618120545477,1005
2024-09-20 14:52:17.125000,430.6578317340796,9
2024-09-20 14:52:17.139000,430.670008018462,8
2024-09-20 14:52:17.162000,430.6600245113749,99
2024-09-20 14:52:17.180000,430.6612985767103,10
2024-09-20 14:52:17.425000,430.639536112691,100
2024-09-20 14:52:17.505000,430.6467475024761,997
2024-09-20 14:52:17.606000,430.6581639123195,101
2024-09-20 14:52:17.621000,430.64774484696,102
2024-09-20 14:52:17.680000,430.6476657988744,15
2024-09-20 14:52:17.762000,430.6633905107605,998
2024-09-20 14:52:17.838000,430.67151807350166,97
2024-09-20 14:52:17.972000,430.6671272267867,1001
2024-09-20 14:52:18.196000,430.6576886491529,995
2024-09-20 14:52:18.255000,430.6683707363598,97
2024-09-20 14:52:18.426000,430.6621231424882,103
2024-09-20 14:52:18.444000,430.6767174035962,5
2024-09-20 14:52:18.533000,430.6691731351999,1000
2024-09-20 14:52:18.669000,430.66213415229583,999
2024-09-20 14:52:18.716000,430.6694301309325,1003
2024-09-20 14:52:18.807000,430.6697905282734,1001
2024-09-20 14:52:18.882000,430.6495235137645,5
2024-09-20 14:52:18.890000,430.6518597902111,995
2024-09-20 14:52:19.051000,430.6261441262872,11
2024-09-20 14:52:19.381000,430.646130500971,15
2024-09-20 14:52:19.462000,430.65078533236886,9
2024-09-20 14:52:19.667000,430.6056087564589,998
2024-09-20 14:52:19.833000,430.6195764989079,104
2024-09-20 14:52:20.274000,430.6049004093576,15
2024-09-20 14:52:20.665000,430.60315420164574,14
2024-09-20 14:52:20.801000,430.59217499682086,100
2024-09-20 14:52:20.804000,430.5969201197992,1001
2024-09-20 14:52:21.050000,430.6020003749379,999
2024-09-20 14:52:21.268000,430.6326523334539,8
2024-09-20 14:52:21.912000,430.61628325538624,103
2024-09-20 14:52:22.062000,430.58906941927614,8
2024-09-20 14:52:22.114000,422.2780992580032,9
2024-09-20 14:52:22.462000,430.63781942818326,1005
2024-09-20 14:52:22.470000,430.611107504966,100
2024-09-20 14:52:22.628000,430.634023571533,998
2024-09-20 14:52:22.677000,430.6418735850408,105
2024-09-20 14:52:23.635000,430.5812685520608,7
2024-09-20 14:52:23.654000,430.5943448950457,95
2024-09-20 14:52:23.737000,430.5917200418159,997
2024-09-20 14:52:23.743000,430.5947118769781,1004
2024-09-20 14:52:23.868000,430.5994136981451,5
2024-09-20 14:52:23.919000,430.5858634816236,99
2024-09-20 14:52:23.948000,422.2440613544274,7
2024-09-20 14:52:24.008000,430.59870922863337,99
2024-09-20 14:52:24.063000,430.6540435456132,99
2024-09-20 14:52:24.077000,430.581739162246,9
2024-09-20 14:52:24.087000,430.6414712113362,95
2024-09-20 14:52:24.100000,430.640222170268,103
2024-09-20 14:52:24.108000,430.60949366145127,101
2024-09-20 14:52:24.140000,430.6032032451489,100
2024-09-20 14:52:24.159000,430.6444799225949,104
2024-09-20 14:52:24.199000,430.6121453739097,95
2024-09-20 14:52:24.249000,430.64465767836657,95
2024-09-20 14:52:24.305000,430.7073963237353,7
2024-09-20 14:52:24.341000,430.6387663741106,10
2024-09-20 14:52:24.391000,430.6114585004986,1001
2024-09-20 14:52:24.405000,430.6889315142684,11
2024-09-20 14:52:24.453000,430.5918097265652,104
2024-09-20 14:52:24.561000,430.6290785062648,97
2024-09-20 14:52:24.565000,430.6301960143993,15
2024-09-20 14:52:24.596000,430.5871432266381,105
2024-09-20 14:52:24.641000,430.5841271107698,9
2024-09-20 14:52:24.702000,430.6043898072592,1004
2024-09-20 14:52:24.773000,430.5862090303687,1000
2024-09-20 14:52:24.777000,430.6502138408276,1003
2024-09-20 14:52:24.802000,430.6700990496327,1000
2024-09-20 14:52:24.802000,430.623084045148,9
2024-09-20 14:52:24.810000,430.7171855138512,7
2024-09-20 14:52:24.906000,430.6574037131393,11
2024-09-20 14:52:24.913000,430.6252803727126,102
2024-09-20 14:52:24.961000,430.64552183956926,96
2024-09-20 14:52:24.972000,430.6287082691884,101
2024-09-20 14:52:24.994000,430.6071222557637,1001
2024-09-20 14:52:25.107000,430.7282877284992,98
2024-09-20 14:52:25.230000,430.7118781898131,95
2024-09-20 14:52:25.283000,430.72411120192754,9
2024-09-20 14:52:25.371000,430.7314046184096,1001
2024-09-20 14:52:25.441000,430.7247700836044,105
2024-09-20 14:52:25.623000,430.7127436411636,99
2024-09-20 14:52:25.631000,430.7115198400778,999
2024-09-20 14:52:25.700000,430.7152962749185,98
2024-09-20 14:52:25.753000,430.7221719331105,999
2024-09-20 14:52:25.814000,430.75084043967246,96
2024-09-20 14:52:25.904000,430.73450853351625,9
2024-09-20 14:52:26.072000,430.7137491670035,98
2024-09-20 14:52:26.083000,430.6868775756199,999
2024-09-20 14:52:26.107000,430.6452861429681,997
2024-09-20 14:52:26.189000,430.66742021547634,15
2024-09-20 14:52:26.196000,430.7062939763761,1005
2024-09-20 14:52:26.271000,430.6577846264863,11
2024-09-20 14:52:26.302000,430.6714088733994,1002
2024-09-20 14:52:26.314000,430.6468676085016,1004
2024-09-20 14:52:26.319000,430.7269962265314,998
2024-09-20 14:52:26.327000,430.644595513052,6
2024-09-20 14:52:26.332000,430.70906916166825,14
2024-09-20 14:52:26.393000,430.6551893077824,104
2024-09-20 14:52:26.570000,430.6576669164966,97
2024-09-20 14:52:26.587000,430.6501116579501,1002
2024-09-20 14:52:26.597000,430.6543818955105,997
2024-09-20 14:52:26.611000,430.75701504154847,98
2024-09-20 14:52:26.614000,430.66167936849513,95
2024-09-20 14:52:26.672000,430.7433002491207,104
2024-09-20 14:52:26.722000,430.6687865080808,103
2024-09-20 14:52:26.731000,430.7380407934463,97
2024-09-20 14:52:26.749000,430.7192646528383,105
2024-09-20 14:52:26.792000,430.6519932390744,14
2024-09-20 14:52:26.825000,430.702168907011,104
2024-09-20 14:52:26.909000,430.6454864030853,14
2024-09-20 14:52:26.933000,430.6799009817467,104
2024-09-20 14:52:26.944000,430.715004949374,9
2024-09-20 14:52:26.944000,430.6550566570329,1002
2024-09-20 14:52:26.995000,430.7674599792409,996
2024-09-20 14:52:27.145000,430.6468262879172,1004
2024-09-20 14:52:27.168000,430.6436474649341,104
2024-09-20 14:52:27.183000,430.6705523900326,14
2024-09-20 14:52:27.232000,430.6763266617676,997
2024-09-20 14:52:27.363000,430.67881773198906,11
2024-09-20 14:52:27.427000,430.661365787005,98
2024-09-20 14:52:27.684000,430.6586117233044,95
2024-09-20 14:52:27.836000,430.67600572528,102
2024-09-20 14:52:27.840000,430.684090951482,12
2024-09-20 14:52:27.919000,430.6640076313872,5
2024-09-20 14:52:27.925000,430.68490153344754,5
2024-09-20 14:52:27.947000,430.6477003686399,11
2024-09-20 14:52:27.985000,430.6488668889559,999
2024-09-20 14:52:28.026000,430.6114460137204,103
2024-09-20 14:52:28.037000,430.641093028092,96
2024-09-20 14:52:28.089000,430.6259733120485,95
2024-09-20 14:52:28.131000,430.6124796533138,1004
2024-09-20 14:52:28.170000,430.612590393799,998
2024-09-20 14:52:28.184000,430.61643847979934,1001
2024-09-20 14:52:28.190000,430.6193717399726,5
2024-09-20 14:52:28.191000,430.62187406123087,10
2024-09-20 14:52:28.199000,430.6214763966861,105
2024-09-20 14:52:28.214000,430.61529467818536,96
2024-09-20 14:52:28.282000,430.60742218717024,101
2024-09-20 14:52:28.295000,430.6065331634864,101
2024-09-20 14:52:28.353000,430.6312490788594,15
2024-09-20 14:52:28.420000,430.6094950406744,1003
2024-09-20 14:52:28.514000,430.6059700492505,6
2024-09-20 14:52:28.617000,430.6518660610536,1001
2024-09-20 14:52:28.731000,430.5991275867243,1003
2024-09-20 14:52:28.772000,430.6314513575765,1004
2024-09-20 14:52:28.846000,430.63746847810825,14
2024-09-20 14:52:28.857000,430.6200676696837,1003
2024-09-20 14:52:28.928000,430.6152435671907,11
2024-09-20 14:52:28.963000,430.6340389223831,99
2024-09-20 14:52:28.968000,430.64669783535646,1003
2024-09-20 14:52:29.036000,430.5643267391576,1002
2024-09-20 14:52:29.063000,430.54252022434014,101
2024-09-20 14:52:29.121000,430.5443479311184,99
2024-09-20 14:52:29.136000,430.5512753672057,11
2024-09-20 14:52:29.161000,430.5456389459989,100
2024-09-20 14:52:29.185000,430.5621523959694,99
2024-09-20 14:52:29.225000,430.6094614816325,105
2024-09-20 14:52:29.231000,430.5349721165815,8
2024-09-20 14:52:29.254000,430.56032456675615,999
2024-09-20 14:52:29.323000,430.6191636821591,1002
2024-09-20 14:52:29.324000,430.5736535337581,101
2024-09-20 14:52:29.334000,430.5905519207673,995
2024-09-20 14:52:29.334000,430.5601845670371,100
2024-09-20 14:52:29.352000,430.5371189299415,101
2024-09-20 14:52:29.398000,430.5748220168378,996
2024-09-20 14:52:29.483000,430.55654933274354,997
2024-09-20 14:52:29.570000,430.56778449036347,11
2024-09-20 14:52:29.601000,430.5485982805291,1001
2024-09-20 14:52:29.641000,430.5472015094073,12
2024-09-20 14:52:29.715000,430.5521826351401,1004
2024-09-20 14:52:29.730000,430.55883650679255,99
2024-09-20 14:52:29.732000,430.5715600009295,15
2024-09-20 14:52:29.741000,430.5394934823186,1004
2024-09-20 14:52:29.850000,430.59859852983584,1003
2024-09-20 14:52:29.908000,430.5843633336892,1002
2024-09-20 14:52:29.911000,430.5524913494753,5
2024-09-20 14:52:29.928000,430.6272668395672,7
2024-09-20 14:52:29.950000,430.555706623154,7
2024-09-20 14:52:29.995000,430.5651563513108,999
2024-09-20 14:52:30.258000,430.55489228309006,15
2024-09-20 14:52:31.061000,430.5618633972607,998
2024-09-20 14:52:31.102000,430.566193006376,95
2024-09-20 14:52:31.169000,430.57299338864846,995
2024-09-20 14:52:31.180000,430.5622733878861,5
2024-09-20 14:52:31.295000,430.5431735370085,103
2024-09-20 14:52:31.316000,430.5632032144835,15
2024-09-20 14:52:31.317000,430.5427388833701,99
2024-09-20 14:52:31.330000,430.5525477786605,1004
2024-09-20 14:52:31.337000,430.55433863927936,12
2024-09-20 14:52:31.344000,430.5758259225088,995
2024-09-20 14:52:31.367000,430.55596921810735,14
2024-09-20 14:52:31.369000,430.5703739245751,14
2024-09-20 14:52:31.415000,430.5604605003844,7
2024-09-20 14:52:31.537000,430.58248191596766,104
2024-09-20 14:52:31.543000,430.5649029775125,1003
2024-09-20 14:52:31.656000,430.5665839784127,1005
2024-09-20 14:52:31.673000,430.5487861221096,999
2024-09-20 14:52:31.763000,430.5521709686672,998
2024-09-20 14:52:32.089000,430.5865567017361,100
2024-09-20 14:52:32.136000,430.60300404782055,8
2024-09-20 14:52:32.160000,430.5691250607988,10
2024-09-20 14:52:32.274000,430.5873950080908,9
2024-09-20 14:52:32.287000,430.5910557008027,15
2024-09-20 14:52:32.293000,430.5820697300533,1004
2024-09-20 14:52:32.323000,430.5829057701151,103
2024-09-20 14:52:32.355000,430.597557402902,998
2024-09-20 14:52:32.376000,430.5745320771677,96
2024-09-20 14:52:32.392000,430.5873798356831,13
2024-09-20 14:52:32.411000,430.5902096289885,13
2024-09-20 14:52:32.441000,430.5586749646443,103
2024-09-20 14:52:32.445000,430.6040232527292,11
2024-09-20 14:52:32.447000,430.5620052220185,100
2024-09-20 14:52:32.486000,430.594452637607,99
2024-09-20 14:52:32.510000,430.579092190473,1004
2024-09-20 14:52:32.521000,430.5560600211616,1003
2024-09-20 14:52:32.534000,430.58624387863375,103
2024-09-20 14:52:32.551000,430.56694070339256,1004
2024-09-20 14:52:32.562000,430.5442106341045,8
2024-09-20 14:52:32.649000,430.59385772477145,103
2024-09-20 14:52:32.787000,430.5815283507205,1000
2024-09-20 14:52:32.902000,430.578610848482,9
2024-09-20 14:52:32.926000,430.5912964628731,1005
2024-09-20 14:52:32.931000,430.59137320612535,7
2024-09-20 14:52:33.001000,430.5884410252239,6
2024-09-20 14:52:33.075000,430.5925663708992,998
2024-09-20 14:52:33.102000,430.5606568718924,14
2024-09-20 14:52:33.260000,430.55181413849584,101
2024-09-20 14:52:33.263000,430.5453274055425,8
2024-09-20 14:52:33.354000,430.5898378953586,10
2024-09-20 14:52:33.448000,430.5817751508509,104
2024-09-20 14:52:33.475000,430.5640864214638,101
2024-09-20 14:52:33.529000,430.5765969313716,998
2024-09-20 14:52:33.531000,430.60918697651135,104
2024-09-20 14:52:33.625000,430.5977057772106,102
2024-09-20 14:52:33.639000,430.5876217295033,6
2024-09-20 14:52:33.656000,430.5964546588581,98
2024-09-20 14:52:33.776000,430.58854752341625,999
2024-09-20 14:52:33.789000,430.5838512682297,13
2024-09-20 14:52:33.820000,430.6068434511556,102
2024-09-20 14:52:33.823000,430.55123245896056,102
2024-09-20 14:52:33.846000,430.5582609622329,996
2024-09-20 14:52:33.887000,430.576625455021,1001
2024-09-20 14:52:33.947000,430.580847449509,96
2024-09-20 14:52:33.948000,430.5703092995021,1000
2024-09-20 14:52:34.577000,430.588842517262,103
2024-09-20 14:52:34.718000,430.61476544370623,8
2024-09-20 14:52:35.014000,430.57201139513097,1001
2024-09-20 14:52:35.290000,430.57709114116426,15
2024-09-20 14:52:35.791000,430.5829252598013,9
2024-09-20 14:52:35.876000,430.5756287943784,13
2024-09-20 14:52:36.274000,430.5156592051728,15
2024-09-20 14:52:36.384000,430.5436028108671,998
2024-09-20 14:52:36.580000,430.531463421528,1001
2024-09-20 14:52:36.662000,430.54736297299,15
2024-09-20 14:52:36.683000,430.5147302899316,1004
2024-09-20 14:52:36.694000,430.5208550545504,102
2024-09-20 14:52:36.831000,430.5604129120436,8
2024-09-20 14:52:36.932000,430.5306070201071,7
2024-09-20 14:52:36.996000,430.5242075589584,8
2024-09-20 14:52:37.032000,430.4811529183799,995
2024-09-20 14:52:37.137000,430.5535797961289,8
2024-09-20 14:52:37.169000,430.5342552090157,8
2024-09-20 14:52:37.290000,430.50795456163127,100
2024-09-20 14:52:37.293000,430.5116971477717,97
2024-09-20 14:52:37.360000,430.51248316426427,9
2024-09-20 14:52:37.409000,430.48595879037066,6
2024-09-20 14:52:37.420000,430.5404141029514,999
2024-09-20 14:52:37.434000,422.3605677964537,6
2024-09-20 14:52:37.434000,430.4943801236519,15
2024-09-20 14:52:37.435000,430.4851720302436,100
2024-09-20 14:52:37.453000,430.5461119607386,1005
2024-09-20 14:52:37.463000,430.5483203106189,12
2024-09-20 14:52:37.528000,430.5294876035695,6
2024-09-20 14:52:37.532000,430.538883179175,998
2024-09-20 14:52:37.586000,430.48392792423897,95
2024-09-20 14:52:37.594000,430.5331433903896,9
2024-09-20 14:52:37.608000,430.5270747183649,1004
2024-09-20 14:52:37.615000,430.528231315806,9
2024-09-20 14:52:37.674000,430.5030622342249,99
2024-09-20 14:52:37.706000,430.5376540983088,9
2024-09-20 14:52:37.732000,430.48695907829193,996
2024-09-20 14:52:37.778000,430.49645829613553,103
2024-09-20 14:52:37.797000,430.51787068719887,1001
2024-09-20 14:52:37.810000,430.5218510886998,995
2024-09-20 14:52:37.854000,430.5074009701845,101
2024-09-20 14:52:37.858000,430.51531908330367,1005
2024-09-20 14:52:37.872000,430.5380697637176,999
2024-09-20 14:52:37.984000,430.51003587374015,98
2024-09-20 14:52:37.999000,430.5016227836408,97
2024-09-20 14:52:38.213000,430.5168658397254,6
2024-09-20 14:52:38.352000,430.5206785887388,9
2024-09-20 14:52:38.459000,430.5011362640052,100
2024-09-20 14:52:38.499000,430.4895732283932,95
2024-09-20 14:52:38.824000,430.5117204460462,995
2024-09-20 14:52:39.027000,430.4550408167509,102
2024-09-20 14:52:39.101000,430.4521636086127,14
2024-09-20 14:52:39.422000,430.4702523505019,12
2024-09-20 14:52:39.511000,430.4507611983829,9
2024-09-20 14:52:39.535000,430.4688103295343,1003
2024-09-20 14:52:39.634000,430.4734076362633,1000
2024-09-20 14:52:39.983000,430.4853636315615,11
2024-09-20 14:52:39.986000,430.4661994679923,996
2024-09-20 14:52:40.066000,430.4067451821024,1005
2024-09-20 14:52:40.161000,430.4103196137209,1005
2024-09-20 14:52:40.175000,430.3929592381213,100
2024-09-20 14:52:40.212000,430.4040208701495,995
2024-09-20 14:52:40.227000,430.4551491760748,11
2024-09-20 14:52:40.287000,430.3967214894189,11
2024-09-20 14:52:40.348000,430.4416869475805,1001
2024-09-20 14:52:40.381000,430.4168651638863,99
2024-09-20 14:52:40.478000,430.4359090631074,8
2024-09-20 14:52:40.497000,430.3892534029175,995
2024-09-20 14:52:40.521000,430.4117596332234,999
2024-09-20 14:52:40.559000,430.38319302527447,998
2024-09-20 14:52:40.615000,430.4037186587775,997
2024-09-20 14:52:40.631000,430.45562038937214,1001
2024-09-20 14:52:40.763000,430.4157568691353,9
2024-09-20 14:52:40.773000,430.3880925315764,104
2024-09-20 14:52:40.786000,430.42749758790654,12
2024-09-20 14:52:40.926000,430.4036608942869,104
2024-09-20 14:52:40.942000,430.4002643544479,105
2024-09-20 14:52:40.961000,430.4114609386435,995
2024-09-20 14:52:40.984000,430.4649782555927,100
2024-09-20 14:52:41.002000,430.4636197764231,1004
2024-09-20 14:52:41.039000,430.4245737159199,15
2024-09-20 14:52:41.044000,430.4593159086508,997
2024-09-20 14:52:41.056000,430.4253131916195,96
2024-09-20 14:52:41.076000,430.41784585075607,96
2024-09-20 14:52:41.175000,430.4243020294833,999
2024-09-20 14:52:41.175000,430.42411194584,996
2024-09-20 14:52:41.264000,430.4317202013461,104
2024-09-20 14:52:41.312000,430.4218810549551,998
2024-09-20 14:52:41.437000,430.418476333658,8
2024-09-20 14:52:41.549000,430.4060892920178,95
2024-09-20 14:52:41.557000,430.4342735859828,997
2024-09-20 14:52:41.576000,430.4217980940755,13
2024-09-20 14:52:41.612000,430.4170765669941,99
2024-09-20 14:52:41.678000,430.44211337449536,100
2024-09-20 14:52:41.824000,430.4213087678499,5
2024-09-20 14:52:41.833000,430.3991971712448,1002
2024-09-20 14:52:41.972000,422.3914935578901,1004
2024-09-20 14:52:42.026000,430.4109255508064,97
2024-09-20 14:52:42.071000,430.4431106205926,1003
2024-09-20 14:52:42.107000,430.42272638084,5
2024-09-20 14:52:42.119000,430.4434809733661,15
2024-09-20 14:52:42.127000,430.4279841675884,105
2024-09-20 14:52:42.143000,430.4654821140148,97
2024-09-20 14:52:42.150000,430.44663624027714,6
2024-09-20 14:52:42.160000,430.4283099780204,99
2024-09-20 14:52:42.290000,430.4259985702211,12
2024-09-20 14:52:42.344000,430.43916654950704,13
2024-09-20 14:52:42.379000,430.4524407060469,15
2024-09-20 14:52:42.392000,430.4191686113179,102
2024-09-20 14:52:42.438000,430.41834452078393,998
2024-09-20 14:52:42.491000,430.43210683674897,1005
2024-09-20 14:52:42.671000,430.442450994884,1004
2024-09-20 14:52:42.764000,430.4025807703173,6
2024-09-20 14:52:42.856000,430.44889531676085,102
2024-09-20 14:52:42.906000,430.4482535887085,11
2024-09-20 14:52:42.914000,430.41622775437054,1000
2024-09-20 14:52:42.948000,430.4428965992769,998
2024-09-20 14:52:42.971000,430.42575972369895,999
2024-09-20 14:52:42.992000,430.4458473439013,101
2024-09-20 14:52:42.998000,430.4150486869207,1005
2024-09-20 14:52:43.381000,422.4102582201344,999
2024-09-20 14:52:43.381000,430.4482675775165,101
2024-09-20 14:52:43.568000,430.4460947401491,995
2024-09-20 14:52:43.743000,430.4562513993151,7
2024-09-20 14:52:43.830000,430.4577131718352,13
2024-09-20 14:52:43.834000,430.4586144321229,10
2024-09-20 14:52:44.330000,430.42346016264935,10
2024-09-20 14:52:44.335000,430.44717981489583,8
2024-09-20 14:52:44.663000,430.434806748355,101
2024-09-20 14:52:44.716000,430.42924611139273,96
2024-09-20 14:52:44.844000,430.4537487085016,995
2024-09-20 14:52:44.878000,430.4394306575058,1001
2024-09-20 14:52:44.934000,430.4155522752552,105
2024-09-20 14:52:44.994000,430.3990401253761,98
2024-09-20 14:52:44.996000,430.4091725846525,10
2024-09-20 14:52:45.007000,430.4166541838708,103
2024-09-20 14:52:45.211000,430.4148306682482,14
2024-09-20 14:52:45.232000,430.41486243225455,996
2024-09-20 14:52:45.432000,430.396314822424,999
2024-09-20 14:52:45.473000,430.3832763455546,1003
2024-09-20 14:52:45.663000,430.3961045010308,105
2024-09-20 14:52:45.702000,430.41547506335263,1003
2024-09-20 14:52:45.751000,430.3979079288758,96
2024-09-20 14:52:45.892000,430.43541862855255,997
2024-09-20 14:52:45.939000,430.4338804055356,1001
2024-09-20 14:52:45.950000,430.4153673627731,1001
2024-09-20 14:52:46.581000,430.4324552862591,999
2024-09-20 14:52:47.033000,430.4567435772985,97
2024-09-20 14:52:47.040000,430.4980902122502,97
2024-09-20 14:52:47.085000,430.48036053444,1000
2024-09-20 14:52:47.153000,430.45129883345663,8
2024-09-20 14:52:47.191000,430.4631069410228,14
2024-09-20 14:52:47.205000,430.472782494461,99
2024-09-20 14:52:47.303000,430.49056927468513,104
2024-09-20 14:52:47.315000,430.4620851069514,6
2024-09-20 14:52:47.354000,430.42830686498166,998
2024-09-20 14:52:47.419000,430.4749964934863,6
2024-09-20 14:52:47.452000,430.4432482117031,97
2024-09-20 14:52:47.481000,430.4475980608981,1002
2024-09-20 14:52:47.536000,430.4628893161535,998
2024-09-20 14:52:47.555000,430.45181661007496,13
2024-09-20 14:52:47.574000,430.4485771376569,11
2024-09-20 14:52:47.642000,430.4508411851969,6
2024-09-20 14:52:47.684000,430.4620179353808,6
2024-09-20 14:52:47.711000,430.4666661188989,98
2024-09-20 14:52:47.810000,430.4644202689229,6
2024-09-20 14:52:47.831000,430.48902770098647,15
2024-09-20 14:52:47.848000,430.464274083045,14
2024-09-20 14:52:47.882000,430.50498597537086,998
2024-09-20 14:52:47.897000,430.4557085305751,997
2024-09-20 14:52:47.914000,430.4413263425244,996
2024-09-20 14:52:47.936000,430.4355959054113,13
2024-09-20 14:52:47.956000,430.4792795953119,100
2024-09-20 14:52:47.972000,430.496999613635,15
2024-09-20 14:52:47.992000,430.4935767680222,13
2024-09-20 14:52:49.012000,430.35843392559866,6
2024-09-20 14:52:49.022000,430.444308262148,8
2024-09-20 14:52:49.025000,430.44411129282827,1001
2024-09-20 14:52:49.077000,430.3939929541809,7
2024-09-20 14:52:49.082000,430.4264041358487,103
2024-09-20 14:52:49.089000,430.4226020348927,5
2024-09-20 14:52:49.138000,430.4081635479436,1005
2024-09-20 14:52:49.143000,430.4368930389861,5
2024-09-20 14:52:49.201000,430.4164585359564,5
2024-09-20 14:52:49.237000,430.461282503308,10
2024-09-20 14:52:49.381000,430.41297665035097,99
2024-09-20 14:52:49.434000,430.442871084639,9
2024-09-20 14:52:49.452000,430.4409594300241,1002
2024-09-20 14:52:49.510000,430.44019099306325,999
2024-09-20 14:52:49.540000,430.4017065444648,13
2024-09-20 14:52:49.544000,430.41807805110807,100
2024-09-20 14:52:49.562000,430.4392507841371,103
2024-09-20 14:52:49.636000,430.3785737279164,999
2024-09-20 14:52:49.657000,430.4479666144159,15
2024-09-20 14:52:49.666000,430.4391839387288,6
2024-09-20 14:52:49.667000,430.39656757709423,15
2024-09-20 14:52:49.694000,430.4116769875957,999
2024-09-20 14:52:49.741000,430.38100126463,15
2024-09-20 14:52:49.753000,430.39499645033953,7
2024-09-20 14:52:49.758000,430.3852430381278,98
2024-09-20 14:52:49.786000,430.4279044433912,104
2024-09-20 14:52:49.813000,422.38384424971207,1000
2024-09-20 14:52:49.854000,430.4063614940502,10
2024-09-20 14:52:49.915000,430.41544837806055,1005
2024-09-20 14:52:49.971000,430.38405228575846,101
2024-09-20 14:52:49.975000,430.4242996745902,96
2024-09-20 14:52:50,430.4227732988937,996
2024-09-20 14:52:50.050000,430.39242609381375,15
2024-09-20 14:52:50.050000,430.4376401688673,98
2024-09-20 14:52:50.063000,430.4307305605364,95
2024-09-20 14:52:50.116000,430.4679854082369,998
2024-09-20 14:52:50.139000,430.436801594398,1002
2024-09-20 14:52:50.164000,430.452074569834,100
2024-09-20 14:52:50.196000,430.4297071064853,97
2024-09-20 14:52:50.328000,430.4461387449647,97
2024-09-20 14:52:50.345000,430.4673754709843,103
2024-09-20 14:52:50.368000,430.41478043242,100
2024-09-20 14:52:50.430000,430.40553024707685,105
2024-09-20 14:52:50.469000,430.4420492209221,1001
2024-09-20 14:52:50.485000,430.4574315323398,101
2024-09-20 14:52:50.589000,430.3824765512192,96
2024-09-20 14:52:50.616000,430.4496300964754,102
2024-09-20 14:52:50.624000,430.4776436076756,998
2024-09-20 14:52:50.660000,430.4771629810132,995
2024-09-20 14:52:50.689000,430.4609048598326,8
2024-09-20 14:52:50.715000,430.4478558035574,99
2024-09-20 14:52:50.764000,430.4189875372737,98
2024-09-20 14:52:50.777000,430.42699584215705,1005
2024-09-20 14:52:50.782000,430.4178345005722,1001
2024-09-20 14:52:50.824000,430.4135708503422,105
2024-09-20 14:52:50.829000,430.4654066391754,996
2024-09-20 14:52:50.846000,430.4317538048832,98
2024-09-20 14:52:50.868000,430.46579260225593,98
2024-09-20 14:52:50.870000,430.4386656597326,1001
2024-09-20 14:52:51.026000,430.44033501077865,999
2024-09-20 14:52:51.058000,430.44664273384194,1001
2024-09-20 14:52:51.086000,430.4832946882381,995
2024-09-20 14:52:51.162000,430.4803282681722,1003
2024-09-20 14:52:51.172000,430.4675987234477,104
2024-09-20 14:52:51.183000,430.422515317612,14
2024-09-20 14:52:51.254000,430.4476721243476,9
2024-09-20 14:52:51.334000,430.450225418467,102
2024-09-20 14:52:51.362000,430.47181248282175,10
2024-09-20 14:52:51.394000,430.4541858239726,1003
2024-09-20 14:52:51.487000,430.4577658057308,997
2024-09-20 14:52:51.496000,430.4631387907908,101
2024-09-20 14:52:51.518000,430.4783248015412,98
2024-09-20 14:52:51.529000,430.4703894202231,7
2024-09-20 14:52:51.535000,430.4433808199499,1003
2024-09-20 14:52:51.577000,430.4969672540487,1000
2024-09-20 14:52:51.612000,430.4382571622687,1004
2024-09-20 14:52:51.654000,430.46188481161767,998
2024-09-20 14:52:51.664000,430.4606790402933,98
2024-09-20 14:52:51.665000,430.4549903763759,15
2024-09-20 14:52:51.668000,430.45319943008656,7
2024-09-20 14:52:51.688000,430.4341966441536,104
2024-09-20 14:52:51.743000,430.4124407751101,11
2024-09-20 14:52:51.744000,430.4393144418213,1004
2024-09-20 14:52:51.799000,430.4694530888964,5
2024-09-20 14:52:51.806000,430.4268896372332,8
2024-09-20 14:52:52.275000,430.4423484378352,100
2024-09-20 14:52:52.414000,430.4527951399019,104
2024-09-20 14:52:52.886000,430.4340704390139,13
2024-09-20 14:52:53.035000,430.4228067663393,995
2024-09-20 14:52:53.098000,430.4381805815835,11
2024-09-20 14:52:53.153000,430.4279764873695,1004
2024-09-20 14:52:53.200000,430.416394655005,8
2024-09-20 14:52:53.348000,430.443647159889,10
2024-09-20 14:52:53.474000,430.4331740563224,7
2024-09-20 14:52:53.486000,430.4440014302734,9
2024-09-20 14:52:53.491000,430.4493370653341,999
2024-09-20 14:52:53.500000,430.4237462609952,996
2024-09-20 14:52:53.643000,430.4164108157658,9
2024-09-20 14:52:53.874000,430.40171856821127,1000
2024-09-20 14:52:53.896000,430.4216146760592,1000
2024-09-20 14:52:53.917000,430.4548131229644,1000
2024-09-20 14:52:53.953000,430.4461546714164,96
2024-09-20 14:52:54.685000,430.4155414088129,96
2024-09-20 14:52:55.028000,430.4836668643754,104
2024-09-20 14:52:55.028000,430.48298380908375,1005
2024-09-20 14:52:55.060000,430.45464530066977,998
2024-09-20 14:52:55.088000,430.41918230501847,1002
2024-09-20 14:52:55.115000,430.48739504156,11
2024-09-20 14:52:55.178000,430.5085920811739,1003
2024-09-20 14:52:55.234000,430.4574357327564,96
2024-09-20 14:52:55.311000,430.4682645759184,105
2024-09-20 14:52:55.363000,430.4918143517085,105
2024-09-20 14:52:55.369000,430.4281885984443,998
2024-09-20 14:52:55.380000,430.4763238056452,6
2024-09-20 14:52:55.444000,430.459354735113,103
2024-09-20 14:52:55.467000,430.4221523889465,998
2024-09-20 14:52:55.498000,430.4424272052194,12
2024-09-20 14:52:55.501000,430.4038923998622,97
2024-09-20 14:52:55.507000,430.4718658002464,999
2024-09-20 14:52:55.545000,430.434435223731,996
2024-09-20 14:52:55.626000,430.4417727780552,13
2024-09-20 14:52:55.647000,430.47074450834975,1001
2024-09-20 14:52:55.656000,430.4733551250329,1001
2024-09-20 14:52:55.722000,430.4111490975316,1000
2024-09-20 14:52:55.769000,430.4901894384378,1003
2024-09-20 14:52:55.852000,430.4665586094337,6
2024-09-20 14:52:55.870000,430.4361278923248,102
2024-09-20 14:52:55.882000,430.5030619850626,104
2024-09-20 14:52:55.929000,430.4452354049002,1001
2024-09-20 14:52:56.091000,430.3884972751062,13
2024-09-20 14:52:56.127000,430.4193384966803,996
2024-09-20 14:52:56.197000,430.3834401610329,8
2024-09-20 14:52:56.200000,430.3979918407283,10
2024-09-20 14:52:56.217000,430.4172709753665,1001
2024-09-20 14:52:56.330000,430.4249382239082,5
2024-09-20 14:52:56.333000,430.3865459012923,105
2024-09-20 14:52:56.349000,430.4153081866109,102
2024-09-20 14:52:56.357000,430.4206819759044,96
2024-09-20 14:52:56.434000,430.3825293539515,6
2024-09-20 14:52:56.487000,430.42958050019786,1000
2024-09-20 14:52:56.589000,430.3849729428442,97
2024-09-20 14:52:56.643000,430.3976594034617,11
2024-09-20 14:52:56.644000,430.38409321643,9
2024-09-20 14:52:56.727000,430.39398938065017,1000
2024-09-20 14:52:56.809000,430.3956553177445,96
2024-09-20 14:52:56.815000,430.43139590104806,8
2024-09-20 14:52:56.835000,430.438473729921,99
2024-09-20 14:52:56.837000,430.3968073522045,12
2024-09-20 14:52:56.840000,430.39639398087206,996
2024-09-20 14:52:56.851000,430.4646508732215,6
2024-09-20 14:52:56.917000,430.4262203333088,104
2024-09-20 14:52:57.026000,430.4039289821867,14
2024-09-20 14:52:57.050000,430.3760424212545,1004
2024-09-20 14:52:57.147000,430.38252296274624,1003
2024-09-20 14:52:57.159000,430.4012896414648,999
2024-09-20 14:52:57.194000,430.39303603721135,95
2024-09-20 14:52:57.244000,430.3949668780089,1001
2024-09-20 14:52:57.256000,430.373931748648,12
2024-09-20 14:52:57.272000,430.3982764670384,95
2024-09-20 14:52:57.303000,430.3857289656157,101
2024-09-20 14:52:57.312000,430.382175911313,9
2024-09-20 14:52:57.373000,430.3735492614204,14
2024-09-20 14:52:57.388000,430.3522745839698,95
2024-09-20 14:52:57.541000,430.39784107859344,11
2024-09-20 14:52:57.640000,430.3912601007044,11
2024-09-20 14:52:57.712000,430.413005294501,96
2024-09-20 14:52:57.759000,430.3879456633163,13
2024-09-20 14:52:57.781000,430.3599086055135,1002
2024-09-20 14:52:57.825000,430.3687655304491,1002
2024-09-20 14:52:57.863000,430.3863252719048,998
2024-09-20 14:52:57.873000,430.39907888107047,9
2024-09-20 14:52:57.889000,430.3690118776087,1005
2024-09-20 14:52:57.909000,430.38680367493896,13
2024-09-20 14:52:57.951000,430.3744632219808,999
2024-09-20 14:52:57.978000,430.38902492865753,998
2024-09-20 14:52:57.978000,430.3587820323183,15
2024-09-20 14:52:58.033000,430.3493639889522,1003
2024-09-20 14:52:58.094000,430.3781759520744,10
2024-09-20 14:52:58.114000,430.3566590261186,998
2024-09-20 14:52:58.123000,430.3618674171639,8
2024-09-20 14:52:58.162000,430.3705530382752,100
2024-09-20 14:52:58.199000,430.39791253156784,12
2024-09-20 14:52:58.212000,430.3630256011266,1004
2024-09-20 14:52:58.268000,430.3627199099513,1001
2024-09-20 14:52:58.292000,430.359620460775,104
2024-09-20 14:52:58.313000,430.3413266764709,7
2024-09-20 14:52:58.327000,430.3728388562725,995
2024-09-20 14:52:58.357000,430.3661449819896,100
2024-09-20 14:52:58.368000,430.382034298124,998
2024-09-20 14:52:58.406000,430.3581830375916,1003
2024-09-20 14:52:58.411000,430.3618452729086,996
2024-09-20 14:52:58.540000,430.3694685399357,996
2024-09-20 14:52:58.649000,430.3436622615322,96
2024-09-20 14:52:58.700000,430.3464055621642,104
2024-09-20 14:52:58.729000,430.3643102629728,102
2024-09-20 14:52:58.760000,430.36007119337154,1002
2024-09-20 14:52:58.844000,430.367867972411,10
2024-09-20 14:52:58.903000,430.3703779347219,104
2024-09-20 14:52:59.154000,430.3686912229779,13
2024-09-20 14:52:59.300000,430.3726016337685,995
