Timestamp,Price,Size
2024-09-16 12:00:00.248000,417.7267941949073,998
2024-09-16 12:00:00.381000,417.72963381445896,1004
2024-09-16 12:00:00.620000,417.7485022009305,999
2024-09-16 12:00:00.633000,417.7388351965111,997
2024-09-16 12:00:00.640000,417.7062287675528,998
2024-09-16 12:00:00.799000,417.72355278716753,11
2024-09-16 12:00:00.906000,417.73232613264014,14
2024-09-16 12:00:01.065000,417.6975595786287,6
2024-09-16 12:00:01.153000,417.65260272483545,1001
2024-09-16 12:00:01.268000,417.6871197872765,1003
2024-09-16 12:00:01.455000,417.673036738592,998
2024-09-16 12:00:01.654000,417.67929748136334,1001
2024-09-16 12:00:01.929000,417.6396296245681,6
2024-09-16 12:00:02.052000,417.63818780153,103
2024-09-16 12:00:02.087000,417.6272022006805,1003
2024-09-16 12:00:02.116000,417.6385726933569,12
2024-09-16 12:00:02.146000,417.6486714034178,1003
2024-09-16 12:00:02.265000,417.71461711167615,95
2024-09-16 12:00:02.327000,417.7003091882864,10
2024-09-16 12:00:02.342000,417.74553528868006,15
2024-09-16 12:00:02.366000,417.7336440873764,104
2024-09-16 12:00:02.424000,417.6507213472652,98
2024-09-16 12:00:02.456000,417.6457689340672,13
2024-09-16 12:00:02.459000,417.64966178981433,1004
2024-09-16 12:00:02.512000,417.6582703640425,97
2024-09-16 12:00:02.568000,417.6766347224387,1001
2024-09-16 12:00:02.607000,417.70994972212907,103
2024-09-16 12:00:02.680000,417.6459222494772,10
2024-09-16 12:00:02.716000,417.71442124801126,9
2024-09-16 12:00:02.732000,417.7299740217616,14
2024-09-16 12:00:02.794000,417.7392995951722,1001
2024-09-16 12:00:02.804000,417.7204365803422,7
2024-09-16 12:00:02.828000,417.7205583353107,11
2024-09-16 12:00:02.828000,417.7173903812028,1004
2024-09-16 12:00:02.847000,417.7095072341936,100
2024-09-16 12:00:02.887000,417.7107885228572,12
2024-09-16 12:00:02.897000,417.6813443911356,1002
2024-09-16 12:00:02.938000,417.688351177077,98
2024-09-16 12:00:04.014000,417.7151695034128,1002
2024-09-16 12:00:04.109000,417.79252836152847,997
2024-09-16 12:00:04.123000,417.6898318588725,96
2024-09-16 12:00:04.178000,417.7802482592766,996
2024-09-16 12:00:04.188000,417.69740443680473,100
2024-09-16 12:00:04.206000,417.7228603970401,1001
2024-09-16 12:00:04.258000,417.73720987988776,102
2024-09-16 12:00:04.261000,417.6942344874534,102
2024-09-16 12:00:04.277000,417.7077302725712,103
2024-09-16 12:00:04.342000,417.6918830092989,13
2024-09-16 12:00:04.383000,417.7886794494352,995
2024-09-16 12:00:04.430000,417.78997653227657,9
2024-09-16 12:00:04.447000,417.7009806670056,95
2024-09-16 12:00:04.522000,417.6876108197496,996
2024-09-16 12:00:04.547000,417.7033798717204,10
2024-09-16 12:00:04.571000,417.7149611482855,1005
2024-09-16 12:00:04.596000,417.7557500038877,995
2024-09-16 12:00:04.626000,417.7101111326269,100
2024-09-16 12:00:04.690000,417.8004537508953,9
2024-09-16 12:00:04.720000,417.70540739790846,103
2024-09-16 12:00:04.733000,417.7083841210099,997
2024-09-16 12:00:04.855000,417.7014788482573,101
2024-09-16 12:00:04.948000,417.75979716260247,1004
2024-09-16 12:00:04.957000,417.7088926129929,100
2024-09-16 12:00:04.989000,417.702197173568,999
2024-09-16 12:00:05.084000,417.8014112521097,1000
2024-09-16 12:00:05.096000,417.8038320756708,1005
2024-09-16 12:00:05.136000,417.78011591239294,1003
2024-09-16 12:00:05.175000,417.7941933965727,995
2024-09-16 12:00:05.180000,417.7745180699754,1005
2024-09-16 12:00:05.182000,417.79566039876585,1001
2024-09-16 12:00:05.390000,417.79121280666783,11
2024-09-16 12:00:05.469000,417.79722007226417,100
2024-09-16 12:00:05.491000,417.77435997666527,10
2024-09-16 12:00:05.493000,417.7737009788458,995
2024-09-16 12:00:05.639000,417.7787327675636,10
2024-09-16 12:00:05.661000,417.7822097170961,14
2024-09-16 12:00:05.675000,417.7874980943423,15
2024-09-16 12:00:05.910000,417.7846828472586,104
2024-09-16 12:00:05.986000,417.80874430012335,5
2024-09-16 12:00:06.244000,417.81541098685534,1003
2024-09-16 12:00:06.324000,417.8041605862732,998
2024-09-16 12:00:06.533000,417.8202422378457,98
2024-09-16 12:00:06.855000,417.81727613085326,104
2024-09-16 12:00:06.897000,417.8011241418656,1005
2024-09-16 12:00:07.057000,417.7758061149045,12
2024-09-16 12:00:07.184000,417.7930950160731,999
2024-09-16 12:00:07.578000,417.7774792392772,105
2024-09-16 12:00:07.816000,417.7915346738757,101
2024-09-16 12:00:07.837000,417.8175662312389,15
2024-09-16 12:00:07.857000,417.8014462429549,104
2024-09-16 12:00:08.301000,417.809457718049,95
2024-09-16 12:00:08.317000,417.7995902640672,1001
2024-09-16 12:00:08.402000,417.7794956520702,8
2024-09-16 12:00:08.623000,417.7981693178664,1002
2024-09-16 12:00:08.635000,417.7618820170628,100
2024-09-16 12:00:08.652000,417.76855760709935,13
2024-09-16 12:00:08.673000,417.7735000485708,15
2024-09-16 12:00:08.740000,417.75113786815575,15
2024-09-16 12:00:08.747000,417.7861984342636,95
2024-09-16 12:00:08.771000,417.7850386445158,98
2024-09-16 12:00:08.887000,417.8107741022396,97
2024-09-16 12:00:09.008000,417.7958657511103,104
2024-09-16 12:00:09.058000,417.7985297079353,6
2024-09-16 12:00:09.060000,417.805651409474,15
2024-09-16 12:00:09.073000,417.8073487205923,6
2024-09-16 12:00:09.236000,417.8297505218898,995
2024-09-16 12:00:09.241000,417.7759562985708,98
2024-09-16 12:00:09.263000,417.7835185546184,103
2024-09-16 12:00:09.293000,417.81635711521216,8
2024-09-16 12:00:09.300000,417.74880422557686,98
2024-09-16 12:00:09.339000,417.8030895991145,995
2024-09-16 12:00:09.393000,417.77738173689806,12
2024-09-16 12:00:09.555000,417.7650475582389,1002
2024-09-16 12:00:09.560000,417.7462261952406,95
2024-09-16 12:00:09.622000,417.815476028376,999
2024-09-16 12:00:09.683000,417.813545438046,96
2024-09-16 12:00:09.749000,417.80724420198464,7
2024-09-16 12:00:09.786000,417.7921571173584,10
2024-09-16 12:00:09.842000,417.792026620012,105
2024-09-16 12:00:09.885000,417.8090336917696,11
2024-09-16 12:00:09.916000,417.78924956500686,101
2024-09-16 12:00:09.958000,417.7854910242619,99
2024-09-16 12:00:09.997000,417.73066701374535,1005
2024-09-16 12:00:10.028000,417.8348826520193,95
2024-09-16 12:00:10.542000,417.8298671096646,995
2024-09-16 12:00:10.601000,417.8375908762243,14
2024-09-16 12:00:10.635000,417.8282796328836,997
2024-09-16 12:00:10.746000,417.8413446784213,14
2024-09-16 12:00:10.765000,417.81520988183246,8
2024-09-16 12:00:10.768000,417.8171369946392,12
2024-09-16 12:00:10.915000,417.84446759754286,998
2024-09-16 12:00:11.002000,417.776691941946,105
2024-09-16 12:00:11.045000,417.77677110210175,9
2024-09-16 12:00:11.050000,417.7713307243361,15
2024-09-16 12:00:11.062000,417.7899074254571,11
2024-09-16 12:00:11.097000,417.76958084762975,5
2024-09-16 12:00:11.144000,417.7875015611495,96
2024-09-16 12:00:11.239000,417.7868089849152,100
2024-09-16 12:00:11.239000,417.7943610444498,997
2024-09-16 12:00:11.296000,417.7368901568237,13
2024-09-16 12:00:11.309000,417.75480962099607,15
2024-09-16 12:00:11.325000,417.78489098157854,996
2024-09-16 12:00:11.378000,417.7625992537049,1005
2024-09-16 12:00:11.530000,417.73541427549503,96
2024-09-16 12:00:11.569000,417.7389565038323,104
2024-09-16 12:00:11.627000,417.7682610733988,5
2024-09-16 12:00:11.632000,417.75031190851365,999
2024-09-16 12:00:11.636000,417.7598936270023,96
2024-09-16 12:00:11.734000,417.8037898568812,13
2024-09-16 12:00:11.752000,417.75050204544976,105
2024-09-16 12:00:11.753000,417.8075939176862,10
2024-09-16 12:00:11.756000,417.82973583657446,98
2024-09-16 12:00:11.791000,417.7531741741229,1005
2024-09-16 12:00:11.827000,417.8141452137485,15
2024-09-16 12:00:11.843000,417.819222098828,7
2024-09-16 12:00:11.950000,417.7424303460667,101
2024-09-16 12:00:11.965000,417.7348770464501,998
2024-09-16 12:00:12.008000,417.8011798658133,12
2024-09-16 12:00:12.062000,417.8158135931032,99
2024-09-16 12:00:12.144000,417.791227540846,14
2024-09-16 12:00:12.245000,417.828462922434,12
2024-09-16 12:00:12.249000,417.8254778213321,96
2024-09-16 12:00:12.377000,417.809855548073,11
2024-09-16 12:00:12.421000,417.77533761346064,11
2024-09-16 12:00:12.588000,417.80807468046623,15
2024-09-16 12:00:12.722000,417.81259921254633,1005
2024-09-16 12:00:12.835000,417.8187859766881,6
2024-09-16 12:00:13.023000,417.7834133599819,97
2024-09-16 12:00:13.182000,417.7769501205959,1001
2024-09-16 12:00:13.403000,417.7988911393426,1002
2024-09-16 12:00:13.561000,417.80503798717166,1004
2024-09-16 12:00:13.669000,417.7894000318022,101
2024-09-16 12:00:13.695000,417.7812978152688,96
2024-09-16 12:00:13.718000,417.76821444983705,12
2024-09-16 12:00:13.968000,417.7710316468901,1005
2024-09-16 12:00:14.134000,417.8524206548741,105
2024-09-16 12:00:14.159000,417.8242622947847,1004
2024-09-16 12:00:14.170000,417.8489396281204,5
2024-09-16 12:00:14.260000,417.8547283962393,1002
2024-09-16 12:00:14.260000,417.8379476361416,996
2024-09-16 12:00:14.281000,417.83564133992417,7
2024-09-16 12:00:14.285000,417.8255750695122,1002
2024-09-16 12:00:14.367000,417.79850338676135,999
2024-09-16 12:00:14.383000,417.8649934668564,98
2024-09-16 12:00:14.464000,417.84396157987214,996
2024-09-16 12:00:14.638000,417.86121016816185,12
2024-09-16 12:00:14.659000,417.8378313310944,999
2024-09-16 12:00:14.753000,417.8014789301876,8
2024-09-16 12:00:14.757000,417.8376163305428,105
2024-09-16 12:00:14.803000,417.8540885592749,96
2024-09-16 12:00:14.833000,417.8401469622327,9
2024-09-16 12:00:14.837000,417.7793980180816,1005
2024-09-16 12:00:14.862000,417.82092240602,1004
2024-09-16 12:00:14.991000,417.8367328083864,98
2024-09-16 12:00:16.135000,417.7822583027633,1001
2024-09-16 12:00:16.187000,417.7753605040363,101
2024-09-16 12:00:16.223000,417.7754272170307,1001
2024-09-16 12:00:16.271000,417.7744426442168,6
2024-09-16 12:00:16.275000,417.7784831576991,6
2024-09-16 12:00:16.343000,417.7669083901228,7
2024-09-16 12:00:16.499000,417.7290037770453,10
2024-09-16 12:00:16.587000,417.76234614605926,1003
2024-09-16 12:00:16.601000,417.768545666546,13
2024-09-16 12:00:16.635000,417.7435017411767,6
2024-09-16 12:00:16.660000,417.7474930261404,101
2024-09-16 12:00:16.716000,417.7674973058794,105
2024-09-16 12:00:16.737000,417.7665520671695,15
2024-09-16 12:00:16.758000,417.7396249016041,1000
2024-09-16 12:00:16.839000,417.75448065977474,9
2024-09-16 12:00:16.871000,417.7765296906936,997
2024-09-16 12:00:16.935000,417.7714110557397,14
2024-09-16 12:00:17.005000,417.6386364028911,10
2024-09-16 12:00:17.014000,417.662726231617,1001
2024-09-16 12:00:17.066000,417.7268792669003,15
2024-09-16 12:00:17.069000,417.64770453483646,7
2024-09-16 12:00:17.080000,417.6785580557146,102
2024-09-16 12:00:17.085000,417.75027161020256,8
2024-09-16 12:00:17.087000,417.66805206387255,105
2024-09-16 12:00:17.125000,417.65317368548335,96
2024-09-16 12:00:17.133000,417.65049964432,8
2024-09-16 12:00:17.154000,417.6629359298313,996
2024-09-16 12:00:17.225000,417.7009047482404,996
2024-09-16 12:00:17.276000,417.6807364345049,95
2024-09-16 12:00:17.339000,417.6360486274155,104
2024-09-16 12:00:17.343000,417.68137039642,8
2024-09-16 12:00:17.388000,417.6586910078533,12
2024-09-16 12:00:17.394000,417.64641550896647,995
2024-09-16 12:00:17.422000,417.6457417958055,12
2024-09-16 12:00:17.596000,417.7216632250076,1003
2024-09-16 12:00:17.628000,417.7210003909997,12
2024-09-16 12:00:17.632000,417.6391666731077,1000
2024-09-16 12:00:17.683000,417.6807895283032,104
2024-09-16 12:00:17.711000,417.696066596642,103
2024-09-16 12:00:17.711000,417.6425367225633,8
2024-09-16 12:00:17.714000,417.7000248799864,12
2024-09-16 12:00:17.734000,417.7428152233627,10
2024-09-16 12:00:17.763000,417.6364682891432,95
2024-09-16 12:00:17.856000,417.70890752242224,996
2024-09-16 12:00:17.904000,417.6460351706661,9
2024-09-16 12:00:17.953000,417.7416799615876,1000
2024-09-16 12:00:18.113000,417.7660551738592,98
2024-09-16 12:00:18.331000,417.7324603367469,98
2024-09-16 12:00:18.860000,417.7481636322983,103
2024-09-16 12:00:19.008000,417.7442065314244,96
2024-09-16 12:00:19.344000,417.76955260822825,13
2024-09-16 12:00:19.786000,417.76381413428857,12
2024-09-16 12:00:19.809000,417.7665350304516,1001
2024-09-16 12:00:20.466000,417.7546937961664,1005
2024-09-16 12:00:20.499000,417.7475790529987,998
2024-09-16 12:00:20.534000,417.76452650636907,12
2024-09-16 12:00:20.549000,417.7649595334913,1005
2024-09-16 12:00:20.751000,417.7544008248068,997
2024-09-16 12:00:20.796000,417.7363009649986,11
2024-09-16 12:00:20.801000,417.74539805872826,11
2024-09-16 12:00:21.014000,417.7794278346136,97
2024-09-16 12:00:21.036000,417.83751848513066,1001
2024-09-16 12:00:21.068000,417.81245333232687,1003
2024-09-16 12:00:21.128000,417.7985723802866,1002
2024-09-16 12:00:21.138000,417.8434447634931,1002
2024-09-16 12:00:21.272000,417.8061969914911,5
2024-09-16 12:00:21.279000,417.8074303307812,5
2024-09-16 12:00:21.280000,417.8370182581941,998
2024-09-16 12:00:21.377000,417.8208338008061,996
2024-09-16 12:00:21.385000,417.7977130530279,14
2024-09-16 12:00:21.395000,417.8122188155206,95
2024-09-16 12:00:21.401000,417.8430212346036,15
2024-09-16 12:00:21.446000,417.8325247738023,996
2024-09-16 12:00:21.524000,417.824456537908,1003
2024-09-16 12:00:21.562000,417.8285860571877,9
2024-09-16 12:00:21.585000,417.82466798703314,1000
2024-09-16 12:00:21.626000,417.81190161494607,999
2024-09-16 12:00:21.667000,417.8404856479144,105
2024-09-16 12:00:21.689000,417.807939954721,1003
2024-09-16 12:00:21.712000,417.8418808292468,1003
2024-09-16 12:00:21.733000,417.8477410226359,12
2024-09-16 12:00:21.805000,417.8318524674042,103
2024-09-16 12:00:21.949000,417.8308477784664,7
2024-09-16 12:00:21.950000,417.822910797482,99
2024-09-16 12:00:21.975000,417.8180679912864,1002
2024-09-16 12:00:22.001000,417.7525461423695,8
2024-09-16 12:00:22.024000,417.73508143648496,101
2024-09-16 12:00:22.050000,417.7392742596263,11
2024-09-16 12:00:22.071000,417.7367028062486,999
2024-09-16 12:00:22.080000,417.72601631512674,1005
2024-09-16 12:00:22.156000,417.7732852399724,9
2024-09-16 12:00:22.164000,417.7728123401422,102
2024-09-16 12:00:22.187000,417.7331651508962,9
2024-09-16 12:00:22.211000,417.7568692715014,102
2024-09-16 12:00:22.214000,417.7348200480053,7
2024-09-16 12:00:22.246000,417.7555652686326,103
2024-09-16 12:00:22.252000,417.743666339011,1003
2024-09-16 12:00:22.270000,417.732321096382,7
2024-09-16 12:00:22.272000,417.7237859427848,997
2024-09-16 12:00:22.279000,417.7316490939693,998
2024-09-16 12:00:22.386000,417.752325402447,14
2024-09-16 12:00:22.489000,417.7281482262251,11
2024-09-16 12:00:22.547000,417.7584306165538,101
2024-09-16 12:00:22.559000,417.74876102398736,995
2024-09-16 12:00:22.621000,417.7160697996175,12
2024-09-16 12:00:22.652000,417.7573335798568,1004
2024-09-16 12:00:22.661000,417.7448399114994,14
2024-09-16 12:00:22.740000,417.7583444258841,5
2024-09-16 12:00:22.840000,417.7379479811426,7
2024-09-16 12:00:22.939000,417.7772309709936,105
2024-09-16 12:00:22.940000,417.7478533035765,101
2024-09-16 12:00:22.941000,417.7348720252024,1005
2024-09-16 12:00:22.967000,417.750181009892,6
2024-09-16 12:00:22.990000,417.7713741439087,103
2024-09-16 12:00:23.106000,417.759354447562,105
2024-09-16 12:00:23.174000,417.7722510079872,97
2024-09-16 12:00:23.190000,417.7641777774958,1001
2024-09-16 12:00:23.211000,417.7872700558688,104
2024-09-16 12:00:23.239000,417.7869005569427,15
2024-09-16 12:00:23.248000,417.7543362857993,104
2024-09-16 12:00:23.268000,417.75708490717375,997
2024-09-16 12:00:23.337000,417.79988480783487,6
2024-09-16 12:00:23.451000,417.7892744923043,1001
2024-09-16 12:00:23.512000,417.7904440475769,998
2024-09-16 12:00:23.529000,417.7540227784406,97
2024-09-16 12:00:23.810000,417.7945075338664,999
2024-09-16 12:00:23.864000,417.7686302693164,7
2024-09-16 12:00:23.893000,417.76812146345833,102
2024-09-16 12:00:23.922000,417.77403069617895,997
2024-09-16 12:00:23.959000,417.7768252286584,100
2024-09-16 12:00:24.729000,417.7438701024565,105
2024-09-16 12:00:24.767000,417.7349511718265,1002
2024-09-16 12:00:25.042000,417.7410466151793,104
2024-09-16 12:00:25.091000,417.72316164784365,13
2024-09-16 12:00:25.235000,417.7273418501501,97
2024-09-16 12:00:25.271000,417.7412532631329,9
2024-09-16 12:00:25.314000,417.7240374373264,1001
2024-09-16 12:00:25.484000,417.72587111390186,5
2024-09-16 12:00:25.519000,417.72246938372587,14
2024-09-16 12:00:25.572000,417.7332719856871,998
2024-09-16 12:00:25.698000,417.7474977435718,10
2024-09-16 12:00:25.801000,417.7498240125513,998
2024-09-16 12:00:25.811000,417.7528593671718,15
2024-09-16 12:00:25.896000,417.73187154649895,995
2024-09-16 12:00:25.933000,417.7440100858486,996
2024-09-16 12:00:25.946000,417.71054778078496,1001
2024-09-16 12:00:25.972000,417.7566402917545,1005
2024-09-16 12:00:26.175000,417.7158952664373,999
2024-09-16 12:00:26.438000,417.7371435652823,7
2024-09-16 12:00:26.530000,417.739669371236,8
2024-09-16 12:00:26.632000,417.73722290811287,97
2024-09-16 12:00:27.030000,417.7383866586293,9
2024-09-16 12:00:27.098000,417.7665489244772,12
2024-09-16 12:00:27.114000,417.7643022359124,99
2024-09-16 12:00:27.221000,417.7697667205412,1005
2024-09-16 12:00:27.342000,417.73110535624267,102
2024-09-16 12:00:27.472000,417.72632790773497,999
2024-09-16 12:00:27.526000,417.7227361414998,97
2024-09-16 12:00:27.613000,417.73898042162193,100
2024-09-16 12:00:27.711000,417.75116789898055,11
2024-09-16 12:00:27.715000,417.7521284820768,13
2024-09-16 12:00:27.724000,417.7285924619358,999
2024-09-16 12:00:27.827000,417.76837979764167,9
2024-09-16 12:00:27.866000,417.75048513976446,95
2024-09-16 12:00:27.914000,417.7394710733208,10
2024-09-16 12:00:27.999000,417.7182374319228,100
2024-09-16 12:00:28.169000,417.7679953654804,998
2024-09-16 12:00:28.946000,417.77863194778416,100
2024-09-16 12:00:29.030000,417.7590761189066,98
2024-09-16 12:00:29.059000,417.79889634751953,96
2024-09-16 12:00:29.120000,417.7238181422066,104
2024-09-16 12:00:29.142000,417.7259223339117,105
2024-09-16 12:00:29.235000,417.7844239124493,104
2024-09-16 12:00:29.271000,417.77051688348297,1002
2024-09-16 12:00:29.330000,417.7451151968743,1001
2024-09-16 12:00:29.337000,417.768527628274,15
2024-09-16 12:00:29.459000,417.7360304602541,5
2024-09-16 12:00:29.593000,417.789270249517,5
2024-09-16 12:00:29.622000,417.7510131579278,13
2024-09-16 12:00:29.631000,417.7240434932489,10
2024-09-16 12:00:29.748000,417.7709637351607,100
2024-09-16 12:00:29.881000,417.79617861071216,12
2024-09-16 12:00:29.920000,417.760235991775,102
2024-09-16 12:00:29.941000,417.7674482097489,7
2024-09-16 12:00:29.990000,417.7732335511405,9
2024-09-16 12:00:30.060000,417.74224899576944,96
2024-09-16 12:00:30.074000,417.74878373920666,6
2024-09-16 12:00:30.092000,417.7557885194187,1004
2024-09-16 12:00:30.121000,417.7523329237253,1003
2024-09-16 12:00:30.333000,417.75327184810106,998
2024-09-16 12:00:30.367000,417.7573762876687,1003
2024-09-16 12:00:30.468000,417.77343264951816,10
2024-09-16 12:00:30.559000,417.7617837577522,12
2024-09-16 12:00:30.617000,417.7736914247749,996
2024-09-16 12:00:30.671000,417.75758820583474,15
2024-09-16 12:00:30.713000,417.7413045150406,11
2024-09-16 12:00:30.785000,417.772534084627,98
2024-09-16 12:00:30.859000,417.7623369496293,998
2024-09-16 12:00:31.011000,417.6691202589312,1000
2024-09-16 12:00:31.017000,417.7167935761166,995
2024-09-16 12:00:31.029000,417.6965165658893,10
2024-09-16 12:00:31.029000,417.708371060837,1003
2024-09-16 12:00:31.036000,417.6846381188244,1000
2024-09-16 12:00:31.056000,417.7314933530864,1000
2024-09-16 12:00:31.139000,417.6814485041023,102
2024-09-16 12:00:31.156000,417.6537360801349,98
2024-09-16 12:00:31.193000,417.7102870315472,1003
2024-09-16 12:00:31.196000,417.6893874563276,10
2024-09-16 12:00:31.207000,417.7482526784077,98
2024-09-16 12:00:31.219000,417.7250047030041,995
2024-09-16 12:00:31.248000,417.7336784715122,96
2024-09-16 12:00:31.251000,417.6898892075113,9
2024-09-16 12:00:31.303000,417.70830678415257,96
2024-09-16 12:00:31.306000,417.7480575152493,101
2024-09-16 12:00:31.332000,417.7133274930004,1002
2024-09-16 12:00:31.369000,417.69846168829616,999
2024-09-16 12:00:31.517000,417.6264039745421,995
2024-09-16 12:00:31.531000,417.676357731817,7
2024-09-16 12:00:31.594000,417.67326703619545,101
2024-09-16 12:00:31.615000,417.7126555404468,9
2024-09-16 12:00:31.665000,417.6565900611016,1005
2024-09-16 12:00:31.676000,417.6979743618332,97
2024-09-16 12:00:31.709000,417.7085666726138,14
2024-09-16 12:00:31.840000,417.6907766073389,1005
2024-09-16 12:00:31.849000,417.6488545628656,1000
2024-09-16 12:00:31.892000,417.7666848194418,1000
2024-09-16 12:00:31.942000,417.758033656638,11
2024-09-16 12:00:32.294000,417.6738272465344,1005
2024-09-16 12:00:32.438000,417.6904254383216,999
2024-09-16 12:00:33.005000,417.700919115196,1003
2024-09-16 12:00:33.009000,417.6586931767719,97
2024-09-16 12:00:33.021000,417.6426684219404,99
2024-09-16 12:00:33.111000,417.6412017038107,105
2024-09-16 12:00:33.188000,417.6394482809799,102
2024-09-16 12:00:33.263000,417.6771634230693,1001
2024-09-16 12:00:33.350000,417.6792657363555,96
2024-09-16 12:00:33.356000,417.6530128923586,1002
2024-09-16 12:00:33.392000,417.6958802917845,10
2024-09-16 12:00:33.432000,417.68484059997473,98
2024-09-16 12:00:33.442000,417.68365775763033,1005
2024-09-16 12:00:33.449000,417.6698738277695,95
2024-09-16 12:00:33.560000,417.6985460597761,10
2024-09-16 12:00:33.574000,417.6747190572327,102
2024-09-16 12:00:33.586000,417.70287584972056,1001
2024-09-16 12:00:33.613000,417.6891232362298,1003
2024-09-16 12:00:33.672000,417.6617383533251,1004
2024-09-16 12:00:33.762000,417.6716624851494,1004
2024-09-16 12:00:33.880000,417.6710790798001,104
2024-09-16 12:00:34.158000,417.72768572495687,1004
2024-09-16 12:00:34.316000,417.71663509854966,10
2024-09-16 12:00:34.344000,417.7373831168848,96
2024-09-16 12:00:34.475000,417.7529512571436,14
2024-09-16 12:00:34.522000,417.7632810906318,11
2024-09-16 12:00:34.790000,417.71209520206247,14
2024-09-16 12:00:34.803000,417.70122299844127,9
2024-09-16 12:00:34.814000,417.70142084862806,996
2024-09-16 12:00:34.834000,417.75021636699967,996
2024-09-16 12:00:34.861000,417.7650155333764,96
2024-09-16 12:00:34.940000,417.7355337777717,1000
2024-09-16 12:00:34.984000,417.7660259173963,104
2024-09-16 12:00:35.061000,417.7279323453931,1002
2024-09-16 12:00:35.075000,417.6623289909539,100
2024-09-16 12:00:35.096000,417.654273641392,1001
2024-09-16 12:00:35.099000,417.70091851267256,6
2024-09-16 12:00:35.123000,417.6837074463799,10
2024-09-16 12:00:35.202000,417.660306380707,103
2024-09-16 12:00:35.204000,417.6485168153458,996
2024-09-16 12:00:35.293000,417.6734153609026,100
2024-09-16 12:00:35.296000,417.663871298062,1003
2024-09-16 12:00:35.342000,417.6521940526596,1001
2024-09-16 12:00:35.385000,417.67577715282687,7
2024-09-16 12:00:35.422000,417.6526586471168,13
2024-09-16 12:00:35.442000,417.667690854126,5
2024-09-16 12:00:35.464000,417.7267167079284,10
2024-09-16 12:00:35.516000,417.66439170765386,999
2024-09-16 12:00:35.525000,417.6656414259662,999
2024-09-16 12:00:35.532000,417.6791292195338,999
2024-09-16 12:00:35.536000,417.6639456671114,998
2024-09-16 12:00:35.593000,417.6671502245283,97
2024-09-16 12:00:35.643000,417.6482859866531,95
2024-09-16 12:00:35.674000,417.6902905334063,8
2024-09-16 12:00:35.701000,417.6501206809158,996
2024-09-16 12:00:35.726000,417.7438305374835,13
2024-09-16 12:00:35.752000,417.66040672934525,11
2024-09-16 12:00:35.763000,417.663252554734,1005
2024-09-16 12:00:35.821000,417.64586440213554,102
2024-09-16 12:00:35.857000,417.6804349436261,997
2024-09-16 12:00:35.897000,417.6599148980086,9
2024-09-16 12:00:35.940000,417.66053393693767,104
2024-09-16 12:00:36.030000,417.6823871476007,100
2024-09-16 12:00:36.063000,417.69846677662974,1004
2024-09-16 12:00:36.139000,417.68883070123707,1000
2024-09-16 12:00:36.148000,417.6756167575549,7
2024-09-16 12:00:36.158000,417.6917967087716,997
2024-09-16 12:00:36.251000,417.6604604006756,99
2024-09-16 12:00:36.485000,417.6755677936753,95
2024-09-16 12:00:36.499000,417.6765682714564,998
2024-09-16 12:00:36.600000,417.7143601575872,8
2024-09-16 12:00:36.628000,417.68686793510034,995
2024-09-16 12:00:36.642000,417.6712647657705,10
2024-09-16 12:00:36.801000,417.6730642549049,100
2024-09-16 12:00:36.817000,417.712284291546,97
2024-09-16 12:00:36.881000,417.7033782856036,995
2024-09-16 12:00:37.020000,417.6449136487886,95
2024-09-16 12:00:37.029000,417.6789878869542,95
2024-09-16 12:00:37.046000,417.6651111256311,8
2024-09-16 12:00:37.067000,417.6301785178511,95
2024-09-16 12:00:37.110000,417.64189467089113,9
2024-09-16 12:00:37.129000,417.630218125237,8
2024-09-16 12:00:37.179000,417.6517603016736,5
2024-09-16 12:00:37.196000,417.6553183942093,102
2024-09-16 12:00:37.218000,417.6766518072918,1003
2024-09-16 12:00:37.221000,417.626886942119,1001
2024-09-16 12:00:37.257000,417.6410643650861,998
2024-09-16 12:00:37.403000,417.61496319912936,999
2024-09-16 12:00:37.404000,417.64279719561534,10
2024-09-16 12:00:37.422000,417.6344768133432,998
2024-09-16 12:00:37.462000,417.6617119721492,11
2024-09-16 12:00:37.505000,417.6814070261415,1002
2024-09-16 12:00:37.506000,417.6054107161802,5
2024-09-16 12:00:37.569000,417.6348538625385,10
2024-09-16 12:00:37.578000,417.6456993728165,1004
2024-09-16 12:00:37.621000,417.6512683245197,1005
2024-09-16 12:00:37.672000,417.6376281481759,1002
2024-09-16 12:00:37.729000,417.6284474705255,996
2024-09-16 12:00:37.768000,417.6498804641288,1004
2024-09-16 12:00:37.796000,417.6712117377097,102
2024-09-16 12:00:37.869000,417.6559965848932,1002
2024-09-16 12:00:37.968000,417.6119835078804,97
2024-09-16 12:00:38.083000,417.54347926644897,1003
2024-09-16 12:00:38.117000,417.5510379610565,102
2024-09-16 12:00:38.119000,417.5778902712584,103
2024-09-16 12:00:38.200000,417.5928504963155,103
2024-09-16 12:00:38.219000,417.5392787701397,7
2024-09-16 12:00:38.258000,417.5313233969045,995
2024-09-16 12:00:38.296000,417.5586724410296,1000
2024-09-16 12:00:38.316000,417.52263137463984,105
2024-09-16 12:00:38.423000,417.5969366501092,102
2024-09-16 12:00:38.454000,417.52819684253575,7
2024-09-16 12:00:38.503000,417.56175865183786,998
2024-09-16 12:00:38.510000,417.5465800200597,100
2024-09-16 12:00:38.544000,417.5720796109305,1005
2024-09-16 12:00:38.554000,417.5155700397763,998
2024-09-16 12:00:38.653000,417.5901069508224,997
2024-09-16 12:00:38.653000,417.5637003032297,95
2024-09-16 12:00:38.655000,417.5331023107339,9
2024-09-16 12:00:38.672000,417.5759489858008,999
2024-09-16 12:00:38.706000,417.51532458079566,996
2024-09-16 12:00:38.720000,417.5769302095208,995
2024-09-16 12:00:38.811000,417.5516021655199,1003
2024-09-16 12:00:38.845000,417.54878562756426,14
2024-09-16 12:00:38.891000,417.57398916552944,14
2024-09-16 12:00:38.905000,417.5082516606119,1000
2024-09-16 12:00:38.915000,417.5457913505789,1001
2024-09-16 12:00:38.947000,417.5505808067917,15
2024-09-16 12:00:39.059000,417.5511157401398,1003
2024-09-16 12:00:39.075000,417.55261980910353,997
2024-09-16 12:00:39.166000,417.55248842639935,999
2024-09-16 12:00:39.196000,417.5685520874933,1000
2024-09-16 12:00:39.199000,417.5447753186629,105
2024-09-16 12:00:39.217000,417.5231140140405,10
2024-09-16 12:00:39.237000,417.5536656208676,7
2024-09-16 12:00:39.252000,417.5686549096298,1001
2024-09-16 12:00:39.283000,417.5424649035562,104
2024-09-16 12:00:39.307000,417.5397833292204,105
2024-09-16 12:00:39.334000,417.5687108329726,97
2024-09-16 12:00:39.422000,417.5255824819069,9
2024-09-16 12:00:39.443000,417.57122634229927,13
2024-09-16 12:00:39.454000,417.5534859626532,1003
2024-09-16 12:00:39.457000,417.5604423168971,100
2024-09-16 12:00:39.515000,417.5707833792296,5
2024-09-16 12:00:39.551000,417.555893525945,1001
2024-09-16 12:00:39.562000,417.5441940985179,12
2024-09-16 12:00:39.613000,417.54817709071807,1005
2024-09-16 12:00:39.654000,417.5683188445165,995
2024-09-16 12:00:39.660000,417.56733830290045,1004
2024-09-16 12:00:39.713000,417.5384757558443,7
2024-09-16 12:00:39.751000,417.55701721484473,98
2024-09-16 12:00:39.861000,417.5596905122408,102
2024-09-16 12:00:39.921000,417.5669401600414,11
2024-09-16 12:00:39.936000,417.5356298332033,97
2024-09-16 12:00:39.954000,417.53033335845663,999
2024-09-16 12:00:39.977000,417.5457748443899,5
2024-09-16 12:00:40.044000,417.5699975131104,997
2024-09-16 12:00:40.101000,417.5210369515551,14
2024-09-16 12:00:40.185000,417.5322472999304,996
2024-09-16 12:00:40.185000,417.5990589519785,1000
2024-09-16 12:00:40.197000,417.6073712174684,7
2024-09-16 12:00:40.227000,417.5296530873484,12
2024-09-16 12:00:40.237000,417.5138052053708,99
2024-09-16 12:00:40.247000,417.53322154651096,99
2024-09-16 12:00:40.305000,417.6108638779312,996
2024-09-16 12:00:40.386000,417.56644223425,102
2024-09-16 12:00:40.387000,417.5920370094634,99
2024-09-16 12:00:40.426000,417.5502771006744,995
2024-09-16 12:00:40.449000,417.5590525100349,97
2024-09-16 12:00:40.469000,417.5919749206463,100
2024-09-16 12:00:40.544000,417.5923845798248,999
2024-09-16 12:00:40.660000,417.54909985169314,6
2024-09-16 12:00:40.671000,417.5638683269888,103
2024-09-16 12:00:40.693000,417.5731788230552,1004
2024-09-16 12:00:40.768000,417.5477476033157,11
2024-09-16 12:00:40.772000,417.5243213857604,13
2024-09-16 12:00:40.778000,417.5497321633103,999
2024-09-16 12:00:40.809000,417.5873194269138,8
2024-09-16 12:00:40.854000,417.6108644403818,1000
2024-09-16 12:00:40.880000,417.6022161094884,1005
2024-09-16 12:00:40.907000,417.6007861651249,9
2024-09-16 12:00:40.915000,417.5232185003546,1003
2024-09-16 12:00:40.951000,417.51146904225874,95
2024-09-16 12:00:40.968000,417.57205416614175,103
2024-09-16 12:00:41.099000,417.5175611849083,14
2024-09-16 12:00:41.128000,417.5065160267267,9
2024-09-16 12:00:41.238000,417.49976614107527,998
2024-09-16 12:00:41.250000,417.559961586206,14
2024-09-16 12:00:41.264000,417.5575492430788,13
2024-09-16 12:00:41.434000,417.5323879242331,1001
2024-09-16 12:00:41.561000,417.54417201701045,995
2024-09-16 12:00:41.577000,417.5688213667949,101
2024-09-16 12:00:41.669000,417.5195269089204,98
2024-09-16 12:00:41.825000,417.5898551023171,15
2024-09-16 12:00:41.829000,417.52460836854783,97
2024-09-16 12:00:41.879000,417.5036012241159,104
2024-09-16 12:00:41.949000,417.5235472049565,997
2024-09-16 12:00:41.986000,417.5736951345255,102
2024-09-16 12:00:42.021000,417.5676734634037,7
2024-09-16 12:00:42.031000,417.52721719660593,999
2024-09-16 12:00:42.078000,417.5203646743496,102
2024-09-16 12:00:42.106000,417.5771666102924,15
2024-09-16 12:00:42.162000,417.53848781948346,995
2024-09-16 12:00:42.170000,417.5232930881904,12
2024-09-16 12:00:42.175000,417.5054630835475,12
2024-09-16 12:00:42.185000,417.5416294866016,5
2024-09-16 12:00:42.221000,417.5195683782775,1000
2024-09-16 12:00:42.246000,417.5988546951987,101
2024-09-16 12:00:42.322000,417.4952245919838,14
2024-09-16 12:00:42.352000,417.5178033420421,997
2024-09-16 12:00:42.558000,417.5301062547573,15
2024-09-16 12:00:42.604000,417.54375071720654,999
2024-09-16 12:00:42.635000,417.5044562316795,104
2024-09-16 12:00:42.647000,417.501761426675,1001
2024-09-16 12:00:42.706000,417.49028139846615,102
2024-09-16 12:00:42.772000,417.525950644043,99
2024-09-16 12:00:42.786000,417.5154709096651,15
2024-09-16 12:00:42.834000,417.54396638627634,98
2024-09-16 12:00:42.861000,417.5335303200406,101
2024-09-16 12:00:42.899000,417.5296131172239,1002
2024-09-16 12:00:42.962000,417.4896554300247,100
2024-09-16 12:00:42.967000,417.53789657435766,103
2024-09-16 12:00:42.968000,417.5456532017707,103
2024-09-16 12:00:42.983000,417.59796000142745,15
2024-09-16 12:00:42.991000,417.52929994799433,15
2024-09-16 12:00:43.011000,417.6191101473401,1005
2024-09-16 12:00:43.012000,417.65118510609335,1002
2024-09-16 12:00:43.056000,417.64149148877897,99
2024-09-16 12:00:43.086000,417.63970785551567,5
2024-09-16 12:00:43.095000,417.62914708440775,102
2024-09-16 12:00:43.105000,417.6068944280673,98
2024-09-16 12:00:43.170000,417.6310893059171,97
2024-09-16 12:00:43.250000,417.62519915040616,105
2024-09-16 12:00:43.254000,417.6146612043796,11
2024-09-16 12:00:43.267000,417.6516616417003,101
2024-09-16 12:00:43.319000,417.61077375159306,15
2024-09-16 12:00:43.325000,417.6448050390112,97
2024-09-16 12:00:43.386000,417.6340588499125,15
2024-09-16 12:00:43.413000,417.6030683318376,999
2024-09-16 12:00:43.483000,417.61474534213016,11
2024-09-16 12:00:43.508000,417.6150380660686,1001
2024-09-16 12:00:43.518000,417.5948335394962,12
2024-09-16 12:00:43.573000,417.61181188120696,8
2024-09-16 12:00:43.719000,417.6350563015936,104
2024-09-16 12:00:43.753000,417.6144014319917,997
2024-09-16 12:00:43.776000,417.620128633761,104
2024-09-16 12:00:43.942000,417.626659778277,104
2024-09-16 12:00:43.990000,417.6208443741042,14
2024-09-16 12:00:44.057000,417.615133459714,1002
2024-09-16 12:00:44.141000,417.606648420816,1005
2024-09-16 12:00:44.263000,417.6109075372324,6
2024-09-16 12:00:44.340000,417.6170410172916,1001
2024-09-16 12:00:44.389000,417.58068607596977,1003
2024-09-16 12:00:44.410000,417.6278861000191,96
2024-09-16 12:00:44.435000,417.660746070084,1001
2024-09-16 12:00:44.455000,417.5944241534429,998
2024-09-16 12:00:44.616000,417.6561624761367,99
2024-09-16 12:00:44.645000,417.6446398215803,7
2024-09-16 12:00:44.665000,417.5998815899524,14
2024-09-16 12:00:44.704000,417.5931882312911,6
2024-09-16 12:00:44.739000,417.6169276449946,12
2024-09-16 12:00:44.796000,417.6708459554793,1005
2024-09-16 12:00:44.848000,417.6455012925069,102
2024-09-16 12:00:44.851000,417.5951445486735,100
2024-09-16 12:00:44.884000,417.6720803013746,1001
2024-09-16 12:00:44.911000,417.62737242500594,1002
2024-09-16 12:00:45.148000,417.6820662100265,96
2024-09-16 12:00:45.215000,417.7370025461037,1002
2024-09-16 12:00:45.364000,417.7315112332991,102
2024-09-16 12:00:45.384000,417.6871164590137,97
2024-09-16 12:00:45.390000,417.7517457357886,105
2024-09-16 12:00:45.432000,417.67364187635593,100
2024-09-16 12:00:45.451000,417.700780078854,11
2024-09-16 12:00:45.451000,417.6743479941961,1004
2024-09-16 12:00:45.486000,417.76351925022215,105
2024-09-16 12:00:45.499000,417.7817264845708,104
2024-09-16 12:00:45.574000,417.68280827110135,1004
2024-09-16 12:00:45.595000,417.6684456759514,103
2024-09-16 12:00:45.633000,417.7479691754557,999
2024-09-16 12:00:45.670000,417.683160218364,104
2024-09-16 12:00:45.718000,417.7694127287116,96
2024-09-16 12:00:45.776000,417.6928869347644,5
2024-09-16 12:00:45.798000,417.7876940934455,1003
2024-09-16 12:00:45.848000,417.77277212352215,101
2024-09-16 12:00:45.868000,417.6611099148787,105
2024-09-16 12:00:45.961000,417.6753517713013,996
2024-09-16 12:00:45.963000,417.7054843114704,995
2024-09-16 12:00:45.993000,417.7904009116803,13
2024-09-16 12:00:46.006000,417.76814281740513,999
2024-09-16 12:00:46.072000,417.7552740709248,1005
2024-09-16 12:00:46.130000,417.76297389543817,999
2024-09-16 12:00:46.132000,417.7609318463967,997
2024-09-16 12:00:46.158000,417.7757848698473,1000
2024-09-16 12:00:46.160000,417.790274349649,1004
2024-09-16 12:00:46.240000,417.7802912809943,998
2024-09-16 12:00:46.243000,417.756739109124,97
2024-09-16 12:00:46.294000,417.7888081200342,1003
2024-09-16 12:00:46.388000,417.8055401563345,11
2024-09-16 12:00:46.433000,417.8116008852152,5
2024-09-16 12:00:46.475000,417.8040325664633,1005
2024-09-16 12:00:46.485000,417.7472165855802,101
2024-09-16 12:00:46.512000,417.7711160601307,5
2024-09-16 12:00:46.652000,417.7545050561826,12
2024-09-16 12:00:46.898000,417.7751567209663,1000
2024-09-16 12:00:46.904000,417.78416407015607,98
2024-09-16 12:00:47.004000,417.79927745598513,10
2024-09-16 12:00:47.152000,417.7998422769724,95
2024-09-16 12:00:47.208000,417.8018628930999,14
2024-09-16 12:00:47.248000,417.7979019273912,96
2024-09-16 12:00:47.388000,417.7837872774687,1001
2024-09-16 12:00:47.413000,417.790186322658,999
2024-09-16 12:00:47.420000,417.79698892349774,998
2024-09-16 12:00:47.449000,417.8096986908248,999
2024-09-16 12:00:47.518000,417.7921383000265,100
2024-09-16 12:00:47.558000,417.7837371359557,102
2024-09-16 12:00:47.570000,417.78986573143976,8
2024-09-16 12:00:47.625000,417.7805854045016,1005
2024-09-16 12:00:47.678000,417.80432606461824,13
2024-09-16 12:00:47.679000,417.8127507532176,9
2024-09-16 12:00:47.768000,417.7807745951592,1001
2024-09-16 12:00:47.833000,417.78235682690655,9
2024-09-16 12:00:47.998000,417.7956498381398,103
2024-09-16 12:00:48.080000,417.7963417910306,7
2024-09-16 12:00:48.086000,417.79881525023336,95
2024-09-16 12:00:48.188000,417.7894723179255,1004
2024-09-16 12:00:48.196000,417.8189476685549,5
2024-09-16 12:00:48.298000,417.79292807136153,7
2024-09-16 12:00:48.314000,417.7819384281724,995
2024-09-16 12:00:48.321000,417.8134632574168,1002
2024-09-16 12:00:48.428000,417.8265285956537,103
2024-09-16 12:00:48.446000,417.8325024133649,103
2024-09-16 12:00:48.504000,417.80837479399474,8
2024-09-16 12:00:48.551000,417.7940683665647,100
2024-09-16 12:00:48.565000,417.8287392733613,996
2024-09-16 12:00:48.617000,417.7933253965505,13
2024-09-16 12:00:48.656000,417.7912731477631,14
2024-09-16 12:00:48.666000,417.8482954456102,996
2024-09-16 12:00:48.742000,417.7944997476565,998
2024-09-16 12:00:48.813000,417.8166985652642,998
2024-09-16 12:00:48.886000,417.8448278081352,13
2024-09-16 12:00:48.893000,417.8079502098804,95
2024-09-16 12:00:48.934000,417.84189534594617,998
2024-09-16 12:00:48.975000,417.825567764471,102
2024-09-16 12:00:49.138000,417.81245181784936,13
2024-09-16 12:00:49.222000,417.79400277961,1000
2024-09-16 12:00:49.240000,417.8097793426989,9
2024-09-16 12:00:49.256000,417.8011291202669,104
2024-09-16 12:00:49.288000,417.7982370240565,12
2024-09-16 12:00:49.380000,417.8218886537935,996
2024-09-16 12:00:49.449000,417.81229394125705,15
2024-09-16 12:00:49.463000,417.8104025874454,101
2024-09-16 12:00:49.644000,417.7865342994825,14
2024-09-16 12:00:49.657000,417.8066707144969,98
2024-09-16 12:00:49.762000,417.7804863177008,1005
2024-09-16 12:00:49.859000,417.8105127754586,99
2024-09-16 12:00:49.929000,417.804218148336,99
2024-09-16 12:00:50.014000,417.7479311599327,11
2024-09-16 12:00:50.018000,417.74669096612575,1000
2024-09-16 12:00:50.054000,417.7260493851501,97
2024-09-16 12:00:50.096000,417.74999116393104,999
2024-09-16 12:00:50.119000,417.7591128641536,1000
2024-09-16 12:00:50.161000,417.7424027585664,6
2024-09-16 12:00:50.330000,417.79101997966507,102
2024-09-16 12:00:50.451000,417.7239634395068,1004
2024-09-16 12:00:50.539000,417.7678196008952,103
2024-09-16 12:00:50.552000,417.7559673528991,995
2024-09-16 12:00:50.569000,417.7648661164266,99
2024-09-16 12:00:50.571000,417.7381844950871,999
2024-09-16 12:00:50.650000,417.7456857913561,1003
2024-09-16 12:00:50.662000,417.7790826048826,97
2024-09-16 12:00:50.751000,417.7841345991629,12
2024-09-16 12:00:50.753000,417.7477400793201,12
2024-09-16 12:00:50.795000,417.7701843097665,5
2024-09-16 12:00:51.009000,417.81718439144834,103
2024-09-16 12:00:51.070000,417.77874664426537,96
2024-09-16 12:00:51.143000,417.8330857014613,5
2024-09-16 12:00:51.283000,417.8205458315723,105
2024-09-16 12:00:51.300000,417.8298027236696,10
2024-09-16 12:00:51.337000,417.8025709377789,11
2024-09-16 12:00:51.651000,417.8162035986568,995
2024-09-16 12:00:51.743000,417.8254952925522,97
2024-09-16 12:00:51.782000,417.80099677380014,1001
2024-09-16 12:00:51.831000,417.8216854290056,1004
2024-09-16 12:00:51.849000,417.8168801684995,13
2024-09-16 12:00:51.884000,417.80832980455335,10
2024-09-16 12:00:51.884000,417.7921196087922,100
2024-09-16 12:00:52.014000,417.7451215833394,12
2024-09-16 12:00:52.064000,417.7610215721298,14
2024-09-16 12:00:52.135000,417.8104656156771,102
2024-09-16 12:00:52.321000,417.79273937776986,1000
2024-09-16 12:00:52.322000,417.8148408357592,96
2024-09-16 12:00:52.329000,417.75385336320505,1005
2024-09-16 12:00:52.419000,417.8223762634673,98
2024-09-16 12:00:52.522000,417.8207126217362,98
2024-09-16 12:00:52.553000,417.8122809514868,105
2024-09-16 12:00:52.657000,417.7938629377184,995
2024-09-16 12:00:52.674000,417.8097577219556,15
2024-09-16 12:00:52.720000,417.7702334674356,1002
2024-09-16 12:00:52.797000,417.8294983214377,1003
2024-09-16 12:00:52.834000,417.7953056055789,104
2024-09-16 12:00:53.592000,417.7546238188581,999
2024-09-16 12:00:53.603000,417.72054927061566,1003
2024-09-16 12:00:53.642000,417.7408379566562,7
2024-09-16 12:00:53.695000,417.7223635569902,104
2024-09-16 12:00:54.014000,417.7249824745397,9
2024-09-16 12:00:54.042000,417.80377505195855,14
2024-09-16 12:00:54.063000,417.7002693587981,12
2024-09-16 12:00:54.067000,417.7214928827045,5
2024-09-16 12:00:54.086000,417.7781969742584,13
2024-09-16 12:00:54.235000,417.7185856355337,105
2024-09-16 12:00:54.285000,417.746598423514,997
2024-09-16 12:00:54.332000,417.8042059311224,100
2024-09-16 12:00:54.333000,417.7984318351221,998
2024-09-16 12:00:54.336000,417.7277662056008,999
2024-09-16 12:00:54.353000,417.7122258181766,996
2024-09-16 12:00:54.530000,417.7316036991814,99
2024-09-16 12:00:54.558000,417.7703226257578,999
2024-09-16 12:00:54.570000,417.7768717945899,13
2024-09-16 12:00:54.591000,417.7311944524752,7
2024-09-16 12:00:54.600000,417.746085986016,1001
2024-09-16 12:00:54.615000,417.70908479236977,7
2024-09-16 12:00:54.689000,417.8067416730828,995
2024-09-16 12:00:54.765000,417.7274707703869,999
2024-09-16 12:00:54.785000,417.79522372441465,102
2024-09-16 12:00:54.791000,417.8075374240594,999
2024-09-16 12:00:54.792000,417.7908856375766,102
2024-09-16 12:00:54.831000,417.7824239422819,11
2024-09-16 12:00:54.860000,417.8083795553648,1005
2024-09-16 12:00:54.930000,417.75432399403655,998
2024-09-16 12:00:54.952000,417.8122699061199,8
2024-09-16 12:00:55.027000,417.77283479601937,102
2024-09-16 12:00:55.059000,417.77843276891946,14
2024-09-16 12:00:55.148000,417.7795466030549,95
2024-09-16 12:00:55.157000,417.7845020308259,999
2024-09-16 12:00:55.243000,417.7965522480479,8
2024-09-16 12:00:55.306000,417.7707621450682,98
2024-09-16 12:00:55.451000,417.8031425348062,95
2024-09-16 12:00:55.497000,417.8071427723527,1005
2024-09-16 12:00:55.537000,417.8090859276361,9
2024-09-16 12:00:55.699000,417.78037693035,103
2024-09-16 12:00:55.715000,417.7669430005048,104
2024-09-16 12:00:55.853000,417.7675586241836,996
2024-09-16 12:00:55.956000,417.79404260525496,11
2024-09-16 12:00:56.033000,417.7888479754744,104
2024-09-16 12:00:56.057000,417.7381920830712,105
2024-09-16 12:00:56.168000,417.765466589861,996
2024-09-16 12:00:56.191000,417.7513984913388,1001
2024-09-16 12:00:56.244000,417.77347282536186,8
2024-09-16 12:00:56.273000,417.7654041678142,7
2024-09-16 12:00:56.354000,417.80211632915615,12
2024-09-16 12:00:56.392000,417.7503128467889,999
2024-09-16 12:00:56.430000,417.7676404053801,95
2024-09-16 12:00:56.446000,417.7726441892928,14
2024-09-16 12:00:56.488000,417.79719969900674,999
2024-09-16 12:00:56.604000,417.7642310708055,1000
2024-09-16 12:00:56.676000,417.79330764461,9
2024-09-16 12:00:56.694000,417.8001721822986,105
2024-09-16 12:00:56.944000,417.7831817487807,101
2024-09-16 12:00:56.980000,417.7510378294538,15
2024-09-16 12:00:57.192000,417.7822971166792,1003
2024-09-16 12:00:57.223000,417.7803942258328,1002
2024-09-16 12:00:57.723000,417.81190714774414,104
2024-09-16 12:00:58.036000,417.74328013253256,95
2024-09-16 12:00:58.038000,417.80220501247663,103
2024-09-16 12:00:58.090000,417.7747661755225,1004
2024-09-16 12:00:58.160000,417.7432942934436,997
2024-09-16 12:00:58.248000,417.7361376665109,11
2024-09-16 12:00:58.267000,417.7943509186985,10
2024-09-16 12:00:58.283000,417.73697533709606,96
2024-09-16 12:00:58.319000,417.8129169544436,100
2024-09-16 12:00:58.345000,417.73664159060297,1000
2024-09-16 12:00:58.388000,417.8134899545393,1005
2024-09-16 12:00:58.477000,417.8035683230341,102
2024-09-16 12:00:58.479000,417.7896788514117,9
2024-09-16 12:00:58.544000,417.7803704333524,101
2024-09-16 12:00:58.551000,417.800358657523,104
2024-09-16 12:00:58.592000,417.7710968136358,97
2024-09-16 12:00:58.724000,417.75557073900166,1005
2024-09-16 12:00:58.765000,417.7416944041779,103
2024-09-16 12:00:58.781000,417.7537419264145,996
2024-09-16 12:00:58.858000,417.8057480116337,98
2024-09-16 12:00:58.891000,417.7469766483373,1000
2024-09-16 12:00:58.915000,417.8034543575512,95
2024-09-16 12:00:58.987000,417.7497377546073,1001
2024-09-16 12:00:59.389000,417.8176053146898,1004
2024-09-16 12:00:59.597000,417.82548760237967,99
2024-09-16 12:00:59.669000,417.8233651476634,12
2024-09-16 12:00:59.867000,417.8327205635019,9
2024-09-16 12:00:59.904000,417.8229530036807,100
2024-09-16 12:00:59.989000,417.8124398633884,998
