Timestamp,Price,Size
2024-09-17 10:58:00.024000,415.5266102792827,12
2024-09-17 10:58:00.056000,415.54315911090816,996
2024-09-17 10:58:00.067000,415.571647570314,99
2024-09-17 10:58:00.099000,415.5514068560095,102
2024-09-17 10:58:00.116000,415.53464308571904,96
2024-09-17 10:58:00.234000,415.5459181006287,96
2024-09-17 10:58:00.299000,415.561956871617,104
2024-09-17 10:58:00.365000,415.5484749878565,1004
2024-09-17 10:58:00.369000,415.5514128632606,97
2024-09-17 10:58:00.497000,415.5625984225945,1003
2024-09-17 10:58:00.538000,415.5356307505219,11
2024-09-17 10:58:00.549000,415.5395797411959,10
2024-09-17 10:58:00.568000,415.50894962094367,999
2024-09-17 10:58:00.579000,415.55037111506425,99
2024-09-17 10:58:00.585000,415.5235111183999,13
2024-09-17 10:58:00.643000,415.5651123573245,14
2024-09-17 10:58:00.653000,415.5646243875892,5
2024-09-17 10:58:00.660000,415.5515568828178,1005
2024-09-17 10:58:00.678000,415.52384947816927,96
2024-09-17 10:58:00.684000,415.5142135312875,7
2024-09-17 10:58:00.729000,415.5455266974282,96
2024-09-17 10:58:00.731000,415.5445954776528,103
2024-09-17 10:58:00.743000,415.5609999712241,8
2024-09-17 10:58:00.781000,415.50768630372414,997
2024-09-17 10:58:00.827000,415.4951494819199,12
2024-09-17 10:58:00.910000,415.5422918500209,1003
2024-09-17 10:58:00.985000,415.5454730373245,1005
2024-09-17 10:58:00.990000,415.53378431688776,996
2024-09-17 10:58:01.033000,415.48419339018005,998
2024-09-17 10:58:01.041000,415.485867451468,5
2024-09-17 10:58:01.091000,415.4990988793292,9
2024-09-17 10:58:01.255000,415.4979585954389,997
2024-09-17 10:58:01.379000,415.4930661136918,1003
2024-09-17 10:58:01.505000,415.48028308493815,103
2024-09-17 10:58:01.694000,415.4885654947876,8
2024-09-17 10:58:01.725000,415.486157622002,1005
2024-09-17 10:58:01.911000,415.49225235173583,996
2024-09-17 10:58:01.992000,415.4962221444233,12
2024-09-17 10:58:02.038000,415.4828257865216,9
2024-09-17 10:58:02.043000,415.4973487138985,1005
2024-09-17 10:58:02.091000,415.5006402332966,9
2024-09-17 10:58:02.094000,415.50511818564064,12
2024-09-17 10:58:02.133000,415.4844479022893,1004
2024-09-17 10:58:02.149000,415.5072294637878,13
2024-09-17 10:58:02.230000,415.5085404936023,5
2024-09-17 10:58:02.256000,415.50736903598926,5
2024-09-17 10:58:02.325000,415.4982682269178,9
2024-09-17 10:58:02.356000,415.4877067040832,104
2024-09-17 10:58:02.435000,415.47738490724174,102
2024-09-17 10:58:02.492000,415.5177674110332,7
2024-09-17 10:58:02.596000,415.5016087706084,1002
2024-09-17 10:58:02.626000,415.50198205194704,101
2024-09-17 10:58:02.828000,415.4985876241996,105
2024-09-17 10:58:02.892000,415.5100860448755,998
2024-09-17 10:58:02.913000,415.4916045418788,997
2024-09-17 10:58:02.920000,415.4969577457456,99
2024-09-17 10:58:02.929000,415.5025950883706,999
2024-09-17 10:58:02.956000,415.51558290160233,10
2024-09-17 10:58:02.979000,415.4952661234496,1001
2024-09-17 10:58:03.221000,415.5241043012367,1001
2024-09-17 10:58:03.408000,415.5090961052096,9
2024-09-17 10:58:03.784000,415.519955518292,1002
2024-09-17 10:58:04.144000,415.4976407985386,1005
2024-09-17 10:58:04.171000,415.5139034336818,997
2024-09-17 10:58:04.229000,415.5178854799325,97
2024-09-17 10:58:04.251000,415.49773921966346,103
2024-09-17 10:58:04.306000,415.5133240491085,5
2024-09-17 10:58:04.357000,415.5517729161852,100
2024-09-17 10:58:04.450000,415.498730841368,103
2024-09-17 10:58:04.519000,415.55394743571554,5
2024-09-17 10:58:04.559000,415.5613640037968,14
2024-09-17 10:58:04.571000,415.5098089624629,14
2024-09-17 10:58:04.584000,415.5352465220287,9
2024-09-17 10:58:04.665000,415.5226475254081,10
2024-09-17 10:58:04.677000,415.51339037634455,11
2024-09-17 10:58:04.706000,415.4890857474767,98
2024-09-17 10:58:04.720000,415.5288945410685,103
2024-09-17 10:58:04.786000,415.5277794054158,100
2024-09-17 10:58:04.878000,415.5218737076597,15
2024-09-17 10:58:04.880000,415.5663012816649,995
2024-09-17 10:58:04.945000,415.5381389993557,10
2024-09-17 10:58:04.954000,415.506855068874,1003
2024-09-17 10:58:05.062000,415.4405256476338,997
2024-09-17 10:58:05.118000,415.4523264405959,97
2024-09-17 10:58:05.223000,415.4903713577351,15
2024-09-17 10:58:05.278000,415.50959226317786,13
2024-09-17 10:58:05.404000,415.450845454989,15
2024-09-17 10:58:05.436000,415.4428074854125,98
2024-09-17 10:58:05.530000,415.465783949249,1004
2024-09-17 10:58:05.566000,415.4897305839179,102
2024-09-17 10:58:05.609000,415.4587750513557,104
2024-09-17 10:58:05.758000,415.4826962324199,104
2024-09-17 10:58:06.199000,415.440919509813,95
2024-09-17 10:58:06.226000,415.4202161203483,1001
2024-09-17 10:58:06.403000,415.43768726475855,1002
2024-09-17 10:58:06.462000,415.4287802643155,12
2024-09-17 10:58:06.623000,415.4524060947158,101
2024-09-17 10:58:06.750000,415.4160639823902,995
2024-09-17 10:58:06.767000,415.4113031492868,103
2024-09-17 10:58:06.900000,415.443132003398,13
2024-09-17 10:58:07.301000,415.40668921627935,100
2024-09-17 10:58:07.415000,415.4137090219281,5
2024-09-17 10:58:07.423000,415.4005034185273,105
2024-09-17 10:58:07.474000,415.4012129110648,8
2024-09-17 10:58:07.652000,415.4072794440021,95
2024-09-17 10:58:07.807000,415.40947467601103,1004
2024-09-17 10:58:08.107000,415.4036369049443,12
2024-09-17 10:58:08.140000,415.454833980752,1005
2024-09-17 10:58:08.143000,415.4291497845247,1002
2024-09-17 10:58:08.147000,415.40142948653016,95
2024-09-17 10:58:08.226000,415.4210558336304,1005
2024-09-17 10:58:08.298000,415.4255879168848,104
2024-09-17 10:58:08.351000,415.4249755256581,102
2024-09-17 10:58:08.456000,415.4153217607852,6
2024-09-17 10:58:08.630000,415.400543967644,97
2024-09-17 10:58:08.687000,415.4517829914721,8
2024-09-17 10:58:08.768000,415.4118999066366,997
2024-09-17 10:58:08.836000,415.4071321253291,997
2024-09-17 10:58:08.845000,415.4313007313832,96
2024-09-17 10:58:08.861000,415.4087192460181,5
2024-09-17 10:58:08.891000,415.43816976149424,1005
2024-09-17 10:58:09.039000,415.4643528404686,7
2024-09-17 10:58:09.114000,415.50417042715,1001
2024-09-17 10:58:09.159000,415.45691173343,100
2024-09-17 10:58:09.200000,415.47492232389504,1005
2024-09-17 10:58:09.202000,415.52400020373614,999
2024-09-17 10:58:09.262000,415.4546925046527,997
2024-09-17 10:58:09.305000,415.4745830713362,9
2024-09-17 10:58:09.336000,415.5008189698029,99
2024-09-17 10:58:09.353000,415.43630992440507,14
2024-09-17 10:58:09.373000,415.4551229472028,1002
2024-09-17 10:58:09.400000,415.53855550316416,8
2024-09-17 10:58:09.433000,415.4609029166812,1005
2024-09-17 10:58:09.439000,415.462354655287,1005
2024-09-17 10:58:09.471000,415.4622519566155,103
2024-09-17 10:58:09.520000,415.46378443320873,9
2024-09-17 10:58:09.634000,415.4566185454608,1004
2024-09-17 10:58:09.661000,415.42254878911655,6
2024-09-17 10:58:09.683000,415.45821702212334,95
2024-09-17 10:58:09.707000,415.5092233278166,98
2024-09-17 10:58:09.824000,415.46476635249104,15
2024-09-17 10:58:09.862000,415.43835956764815,996
2024-09-17 10:58:09.986000,415.4483413283878,104
2024-09-17 10:58:10.014000,415.5040172374832,996
2024-09-17 10:58:10.096000,415.5047494107675,997
2024-09-17 10:58:10.112000,415.5385159683116,98
2024-09-17 10:58:10.134000,415.5046196274124,7
2024-09-17 10:58:10.187000,415.5452851988152,996
2024-09-17 10:58:10.191000,415.5368704332084,1005
2024-09-17 10:58:10.267000,415.53694132047474,104
2024-09-17 10:58:10.288000,415.5302720505533,996
2024-09-17 10:58:10.319000,415.5625289618578,996
2024-09-17 10:58:10.369000,415.5528407814329,5
2024-09-17 10:58:10.385000,415.5292300132687,995
2024-09-17 10:58:10.389000,415.5546420335766,997
2024-09-17 10:58:10.398000,415.5610841623244,6
2024-09-17 10:58:10.436000,415.5378741982888,95
2024-09-17 10:58:10.453000,415.5591776052542,101
2024-09-17 10:58:10.476000,415.49174656010376,10
2024-09-17 10:58:10.664000,415.53034433934994,1005
2024-09-17 10:58:10.720000,415.500925514989,995
2024-09-17 10:58:10.765000,415.5000487711046,9
2024-09-17 10:58:10.846000,415.4876820367583,96
2024-09-17 10:58:10.853000,415.5467360426977,998
2024-09-17 10:58:10.903000,415.5635509950112,6
2024-09-17 10:58:10.945000,415.5011311740788,105
2024-09-17 10:58:11.055000,415.5357249449131,97
2024-09-17 10:58:11.073000,415.50906515405177,998
2024-09-17 10:58:11.116000,415.52131236338016,97
2024-09-17 10:58:11.146000,415.5152700307341,11
2024-09-17 10:58:11.175000,415.50973718603177,101
2024-09-17 10:58:11.222000,415.51870177618144,12
2024-09-17 10:58:11.239000,415.5169416374734,101
2024-09-17 10:58:11.305000,415.52488548287846,95
2024-09-17 10:58:11.387000,415.5067827650692,1003
2024-09-17 10:58:11.511000,415.50180925093775,98
2024-09-17 10:58:11.511000,415.4952908070085,997
2024-09-17 10:58:11.625000,415.53305978018767,96
2024-09-17 10:58:11.630000,415.5281146254152,95
2024-09-17 10:58:11.745000,415.5431226967902,998
2024-09-17 10:58:11.754000,415.53812208519656,13
2024-09-17 10:58:11.765000,415.53271829607576,98
2024-09-17 10:58:11.794000,415.5011316051461,96
2024-09-17 10:58:11.802000,415.52628295934,11
2024-09-17 10:58:11.850000,415.5103803390855,999
2024-09-17 10:58:11.856000,415.5197861921002,105
2024-09-17 10:58:11.927000,415.52558271796687,14
2024-09-17 10:58:12.061000,415.5097548415149,996
2024-09-17 10:58:12.095000,415.4773836143607,12
2024-09-17 10:58:12.115000,415.512371932073,11
2024-09-17 10:58:12.116000,415.50841409145113,13
2024-09-17 10:58:12.118000,415.5189292944578,105
2024-09-17 10:58:12.154000,415.46894472278177,8
2024-09-17 10:58:12.202000,415.5074717393402,12
2024-09-17 10:58:12.217000,415.5235943218243,99
2024-09-17 10:58:12.268000,415.4904463098021,95
2024-09-17 10:58:12.321000,415.4845090035973,1003
2024-09-17 10:58:12.343000,415.502454829612,105
2024-09-17 10:58:12.350000,415.4993311590831,98
2024-09-17 10:58:12.374000,415.5441992223948,1005
2024-09-17 10:58:12.459000,415.5052610750493,100
2024-09-17 10:58:12.511000,415.5154720972103,7
2024-09-17 10:58:12.565000,415.53265301937085,10
2024-09-17 10:58:12.603000,415.4853161472035,100
2024-09-17 10:58:12.637000,415.5055850016399,6
2024-09-17 10:58:12.659000,415.5102503509903,1000
2024-09-17 10:58:12.703000,415.4746300577101,5
2024-09-17 10:58:12.722000,415.5191932921388,996
2024-09-17 10:58:12.724000,415.5046438700808,998
2024-09-17 10:58:12.744000,415.5054812474172,5
2024-09-17 10:58:12.750000,415.5064129002197,13
2024-09-17 10:58:12.780000,415.5126235033707,10
2024-09-17 10:58:12.797000,415.50561412059335,96
2024-09-17 10:58:12.797000,415.548049119796,995
2024-09-17 10:58:12.839000,415.4982074581853,998
2024-09-17 10:58:12.928000,415.52599404281415,1005
2024-09-17 10:58:12.991000,415.54314420512645,96
2024-09-17 10:58:13.062000,415.5925435312263,102
2024-09-17 10:58:13.106000,415.51553020615415,98
2024-09-17 10:58:13.297000,415.5146679038464,9
2024-09-17 10:58:13.301000,415.4618330609386,104
2024-09-17 10:58:13.304000,415.6000385261816,98
2024-09-17 10:58:13.323000,415.5781095925939,7
2024-09-17 10:58:13.329000,415.5711828678381,7
2024-09-17 10:58:13.382000,415.5609352746195,6
2024-09-17 10:58:13.492000,415.5615118234064,996
2024-09-17 10:58:13.494000,415.5908185795736,7
2024-09-17 10:58:13.574000,415.5644110798133,996
2024-09-17 10:58:13.599000,415.5857809013808,99
2024-09-17 10:58:13.698000,415.483389528443,11
2024-09-17 10:58:13.739000,415.50727323346223,99
2024-09-17 10:58:13.759000,415.5169575928095,98
2024-09-17 10:58:13.804000,415.5741609888125,12
2024-09-17 10:58:13.814000,415.51826981352207,15
2024-09-17 10:58:13.825000,415.5328897786304,103
2024-09-17 10:58:13.875000,415.5797604809771,9
2024-09-17 10:58:13.893000,415.5757722584733,10
2024-09-17 10:58:13.905000,415.5735279011664,998
2024-09-17 10:58:13.914000,415.57391334684365,1005
2024-09-17 10:58:13.969000,415.51728929872695,99
2024-09-17 10:58:13.978000,415.477241345017,996
2024-09-17 10:58:14.279000,415.5783744074533,996
2024-09-17 10:58:14.814000,415.5813808194103,996
2024-09-17 10:58:14.967000,415.5784409886442,96
2024-09-17 10:58:14.969000,415.5714916408245,102
2024-09-17 10:58:15.039000,415.5865634319757,997
2024-09-17 10:58:15.231000,415.60147929380753,12
2024-09-17 10:58:15.276000,415.5807678647947,1003
2024-09-17 10:58:15.808000,415.5880436605473,998
2024-09-17 10:58:15.977000,415.5937097150082,11
2024-09-17 10:58:16.096000,415.6062823466177,15
2024-09-17 10:58:16.113000,415.6034110174838,999
2024-09-17 10:58:16.151000,415.6526538181409,12
2024-09-17 10:58:16.190000,415.63082619167074,10
2024-09-17 10:58:16.316000,415.6394508911039,7
2024-09-17 10:58:16.320000,415.6353020416694,103
2024-09-17 10:58:16.348000,415.6232727337707,9
2024-09-17 10:58:16.348000,415.62569973935217,10
2024-09-17 10:58:16.432000,415.644717942341,96
2024-09-17 10:58:16.549000,415.6533710758968,15
2024-09-17 10:58:16.632000,415.6049853572957,998
2024-09-17 10:58:16.669000,415.65045161166506,15
2024-09-17 10:58:16.734000,415.61432082890974,96
2024-09-17 10:58:16.785000,415.5921242660058,14
2024-09-17 10:58:16.791000,415.6074144038648,100
2024-09-17 10:58:16.955000,415.6578757379599,96
2024-09-17 10:58:16.964000,415.5937421765759,99
2024-09-17 10:58:16.983000,415.625331207666,6
2024-09-17 10:58:18.024000,415.708262076319,10
2024-09-17 10:58:18.120000,415.6273313322352,6
2024-09-17 10:58:18.122000,415.6652564346278,5
2024-09-17 10:58:18.152000,415.6416858686831,1002
2024-09-17 10:58:18.209000,415.6546555412816,15
2024-09-17 10:58:18.249000,415.67658102051126,10
2024-09-17 10:58:18.253000,415.7250587905391,97
2024-09-17 10:58:18.266000,415.7354567737172,96
2024-09-17 10:58:18.268000,415.68645577677154,995
2024-09-17 10:58:18.307000,415.64880850917496,998
2024-09-17 10:58:18.317000,415.6537449721424,95
2024-09-17 10:58:18.410000,415.7153413757762,97
2024-09-17 10:58:18.418000,415.7051779471224,997
2024-09-17 10:58:18.435000,415.6615881347309,102
2024-09-17 10:58:18.451000,415.7278153672419,7
2024-09-17 10:58:18.462000,415.7359941688886,9
2024-09-17 10:58:18.468000,415.6490829090974,11
2024-09-17 10:58:18.477000,415.6507698183538,102
2024-09-17 10:58:18.521000,415.7196252082215,102
2024-09-17 10:58:18.525000,415.7185019352274,9
2024-09-17 10:58:18.686000,415.6698768413516,1001
2024-09-17 10:58:18.800000,415.6846215698943,1005
2024-09-17 10:58:18.823000,415.6670202352575,102
2024-09-17 10:58:18.912000,415.6584972239375,10
2024-09-17 10:58:18.938000,415.6780741043244,98
2024-09-17 10:58:19.007000,415.6839620702919,9
2024-09-17 10:58:19.015000,415.7303412595994,8
2024-09-17 10:58:19.078000,415.7003529114912,8
2024-09-17 10:58:19.243000,415.7216501690573,996
2024-09-17 10:58:19.272000,415.7235605222261,1005
2024-09-17 10:58:19.660000,415.6735893412792,103
2024-09-17 10:58:19.670000,415.7118051572706,7
2024-09-17 10:58:19.696000,415.68527570091936,12
2024-09-17 10:58:19.752000,415.7015418906289,105
2024-09-17 10:58:19.942000,415.7003874236232,1000
2024-09-17 10:58:19.942000,415.68877116996674,99
2024-09-17 10:58:19.993000,415.7129451500721,996
2024-09-17 10:58:19.998000,415.6961011900644,103
2024-09-17 10:58:20.053000,415.7631969724854,1000
2024-09-17 10:58:20.081000,415.7690564701071,1001
2024-09-17 10:58:20.219000,415.779373931352,6
2024-09-17 10:58:20.227000,415.76757994070925,11
2024-09-17 10:58:20.293000,415.763078738639,13
2024-09-17 10:58:20.301000,415.7632376025629,97
2024-09-17 10:58:20.399000,415.7756653493802,99
2024-09-17 10:58:20.465000,415.7617879450687,13
2024-09-17 10:58:20.546000,415.7607922945564,98
2024-09-17 10:58:20.546000,415.7333914813256,15
2024-09-17 10:58:20.579000,415.7777710694029,5
2024-09-17 10:58:20.585000,415.7747413881727,6
2024-09-17 10:58:20.628000,415.7607744792912,11
2024-09-17 10:58:20.631000,415.7392641213258,1003
2024-09-17 10:58:20.665000,415.789573790835,999
2024-09-17 10:58:20.694000,415.7399741684658,7
2024-09-17 10:58:20.706000,415.76673714777183,999
2024-09-17 10:58:20.772000,415.7518980664828,103
2024-09-17 10:58:20.814000,415.7784663388429,998
2024-09-17 10:58:20.828000,415.7606685109291,12
2024-09-17 10:58:20.846000,415.7523189627475,101
2024-09-17 10:58:20.878000,415.76026425206095,98
2024-09-17 10:58:20.882000,415.7423182547671,98
2024-09-17 10:58:20.885000,415.7625519291911,101
2024-09-17 10:58:20.914000,415.7748020356909,999
2024-09-17 10:58:20.987000,415.7305916834173,1001
2024-09-17 10:58:21.012000,415.7815766351116,95
2024-09-17 10:58:21.033000,415.7486683604737,99
2024-09-17 10:58:21.064000,415.74723653651785,1002
2024-09-17 10:58:21.106000,415.8603433907136,1001
2024-09-17 10:58:21.127000,415.76635600822846,9
2024-09-17 10:58:21.171000,415.8432327462046,13
2024-09-17 10:58:21.590000,415.8549439073939,1001
2024-09-17 10:58:21.660000,415.8041937200641,8
2024-09-17 10:58:21.673000,415.7836605305778,999
2024-09-17 10:58:21.719000,415.7825338964941,14
2024-09-17 10:58:21.744000,415.8687143200399,10
2024-09-17 10:58:21.767000,415.838480251776,100
2024-09-17 10:58:21.777000,415.8239825217608,1005
2024-09-17 10:58:21.872000,415.7507205627356,999
2024-09-17 10:58:21.974000,415.8322312551633,15
2024-09-17 10:58:21.996000,415.75516719861207,996
2024-09-17 10:58:22.006000,415.80110203387744,102
2024-09-17 10:58:22.063000,415.80309537407686,996
2024-09-17 10:58:22.065000,415.8013676712311,1004
2024-09-17 10:58:22.067000,415.8620943686027,1002
2024-09-17 10:58:22.068000,415.8199243033197,104
2024-09-17 10:58:22.124000,415.8625106724562,101
2024-09-17 10:58:22.227000,415.8354262173957,101
2024-09-17 10:58:22.304000,415.826110027245,95
2024-09-17 10:58:22.331000,415.8537326196,95
2024-09-17 10:58:22.334000,415.8649473014344,997
2024-09-17 10:58:22.345000,415.8657451283309,1002
2024-09-17 10:58:22.362000,415.867934526891,6
2024-09-17 10:58:22.399000,415.8363305550506,995
2024-09-17 10:58:22.445000,415.8150307896887,997
2024-09-17 10:58:22.564000,415.8681742605943,7
2024-09-17 10:58:22.609000,415.8730952601728,996
2024-09-17 10:58:22.765000,415.852174203519,11
2024-09-17 10:58:22.854000,415.8008166932116,1003
2024-09-17 10:58:22.875000,415.8288964589981,104
2024-09-17 10:58:22.919000,415.8029740719724,95
2024-09-17 10:58:22.930000,415.87753459784494,12
2024-09-17 10:58:22.953000,415.8553524731407,1005
2024-09-17 10:58:22.962000,415.8501490246725,997
2024-09-17 10:58:23.115000,415.7483243692223,5
2024-09-17 10:58:23.141000,415.7456865868358,999
2024-09-17 10:58:23.186000,415.7317739904,8
2024-09-17 10:58:23.271000,415.724898882971,999
2024-09-17 10:58:23.310000,415.7671485575318,95
2024-09-17 10:58:23.420000,415.7267376481834,9
2024-09-17 10:58:23.424000,415.7895428089851,99
2024-09-17 10:58:23.476000,415.7577925481179,7
2024-09-17 10:58:23.557000,415.7562261948665,97
2024-09-17 10:58:23.676000,415.7351849350828,997
2024-09-17 10:58:23.781000,415.7423734391071,14
2024-09-17 10:58:25.048000,415.7666762375232,101
2024-09-17 10:58:25.325000,415.72938438519753,998
2024-09-17 10:58:25.336000,415.7325677656563,101
2024-09-17 10:58:25.765000,415.7730858312188,9
2024-09-17 10:58:25.808000,415.7515060464564,104
2024-09-17 10:58:25.831000,415.7452487517782,12
2024-09-17 10:58:25.857000,415.77245300916223,14
2024-09-17 10:58:25.864000,415.79491005131774,1001
2024-09-17 10:58:26.038000,415.7760581576032,96
2024-09-17 10:58:26.282000,415.8133917854916,1001
2024-09-17 10:58:26.337000,415.8072495841731,8
2024-09-17 10:58:26.628000,415.8058491687447,99
2024-09-17 10:58:26.956000,415.7778946714493,100
2024-09-17 10:58:27.511000,415.7842482358356,101
2024-09-17 10:58:27.648000,415.8163551018922,103
2024-09-17 10:58:27.758000,415.8120896443424,95
2024-09-17 10:58:27.897000,415.8156060878714,5
2024-09-17 10:58:28.068000,415.8520616778549,98
2024-09-17 10:58:28.082000,415.8131582463086,103
2024-09-17 10:58:28.096000,415.8351635075565,97
2024-09-17 10:58:28.365000,415.7798527759095,13
2024-09-17 10:58:28.591000,415.8224291601592,96
2024-09-17 10:58:28.628000,415.8339855478668,102
2024-09-17 10:58:28.767000,415.8026435004278,12
2024-09-17 10:58:28.854000,415.80993284832505,1003
2024-09-17 10:58:28.888000,415.78304882206135,15
2024-09-17 10:58:28.933000,415.79651728355816,95
2024-09-17 10:58:29.013000,415.8320271875279,998
2024-09-17 10:58:29.124000,415.8512364440384,998
2024-09-17 10:58:29.125000,415.8533269645214,1005
2024-09-17 10:58:29.142000,415.8142568746612,102
2024-09-17 10:58:29.151000,415.8171805230687,1000
2024-09-17 10:58:29.164000,415.7923000265414,99
2024-09-17 10:58:29.165000,415.8620287049568,1003
2024-09-17 10:58:29.227000,415.8111039254912,15
2024-09-17 10:58:29.235000,415.8179346434596,1004
2024-09-17 10:58:29.274000,415.787245411394,99
2024-09-17 10:58:29.316000,415.7918092177084,104
2024-09-17 10:58:29.321000,415.8266916512697,96
2024-09-17 10:58:29.368000,415.835986031596,14
2024-09-17 10:58:29.530000,415.7973415888692,998
2024-09-17 10:58:29.538000,415.81679397264776,1002
2024-09-17 10:58:29.642000,415.8315545564961,96
2024-09-17 10:58:29.758000,415.7846658103982,96
2024-09-17 10:58:29.776000,415.8431041188893,1001
2024-09-17 10:58:29.803000,415.86358986729726,997
2024-09-17 10:58:29.820000,415.8259931526309,12
2024-09-17 10:58:29.850000,415.8445183792283,104
2024-09-17 10:58:30.047000,415.7942622795196,7
2024-09-17 10:58:30.065000,415.7634791269093,1005
2024-09-17 10:58:30.076000,415.7885200576563,10
2024-09-17 10:58:30.120000,415.8015589793126,104
2024-09-17 10:58:30.191000,415.79600849303097,100
2024-09-17 10:58:30.268000,415.7423525550917,8
2024-09-17 10:58:30.294000,415.7337025526438,98
2024-09-17 10:58:30.405000,415.73446942753696,1000
2024-09-17 10:58:30.465000,415.78979047976856,10
2024-09-17 10:58:30.477000,415.7758037766511,5
2024-09-17 10:58:30.512000,415.7778515919265,14
2024-09-17 10:58:30.688000,415.7606673953693,1000
2024-09-17 10:58:30.710000,415.7695210151552,99
2024-09-17 10:58:30.790000,415.7959050415066,8
2024-09-17 10:58:30.876000,415.75745662419456,8
2024-09-17 10:58:31.019000,415.7221727193885,995
2024-09-17 10:58:31.039000,415.6921005021469,95
2024-09-17 10:58:31.049000,415.7027133195956,101
2024-09-17 10:58:31.089000,415.70513050768994,14
2024-09-17 10:58:31.119000,415.704068097072,105
2024-09-17 10:58:31.302000,415.7194394618732,998
2024-09-17 10:58:31.386000,415.71580603372325,95
2024-09-17 10:58:31.399000,415.7204578869034,13
2024-09-17 10:58:31.411000,415.7194082715146,997
2024-09-17 10:58:31.428000,415.7194547462647,98
2024-09-17 10:58:31.512000,415.732957433992,1002
2024-09-17 10:58:31.604000,415.727843138704,1002
2024-09-17 10:58:31.624000,415.7424229629744,995
2024-09-17 10:58:31.636000,415.7312272205185,1004
2024-09-17 10:58:31.687000,415.717830724214,99
2024-09-17 10:58:31.767000,415.7313701268179,996
2024-09-17 10:58:31.796000,415.748046283995,998
2024-09-17 10:58:31.881000,415.7381295821283,105
2024-09-17 10:58:31.934000,415.7158003561851,995
2024-09-17 10:58:31.948000,415.73342344799096,15
2024-09-17 10:58:31.985000,415.7166982763431,996
2024-09-17 10:58:31.988000,415.74132501778894,1001
2024-09-17 10:58:32.176000,415.7096438260228,1005
2024-09-17 10:58:32.206000,415.706211420597,1003
2024-09-17 10:58:32.268000,415.7441014598341,11
2024-09-17 10:58:32.317000,415.7156101123881,1003
2024-09-17 10:58:32.425000,415.7428680005082,8
2024-09-17 10:58:32.466000,415.6928571088322,103
2024-09-17 10:58:32.497000,415.6926656004182,96
2024-09-17 10:58:32.500000,415.67550402599136,7
2024-09-17 10:58:32.519000,415.6499669561928,9
2024-09-17 10:58:32.587000,415.6606444488469,105
2024-09-17 10:58:32.684000,415.6472985775537,7
2024-09-17 10:58:32.690000,415.65207161226,1005
2024-09-17 10:58:32.711000,415.72268263601086,98
2024-09-17 10:58:32.730000,415.6880725000475,99
2024-09-17 10:58:32.773000,415.6630717392167,1001
2024-09-17 10:58:32.873000,415.66252607072994,12
2024-09-17 10:58:32.912000,415.7000955692812,105
2024-09-17 10:58:32.964000,415.72261425183206,95
2024-09-17 10:58:32.985000,415.6488385120676,996
2024-09-17 10:58:33.079000,415.6159559593344,95
2024-09-17 10:58:33.130000,415.63258497359584,96
2024-09-17 10:58:33.152000,415.6129676525192,1001
2024-09-17 10:58:33.154000,415.6320793687873,95
2024-09-17 10:58:33.280000,415.6094188009376,9
2024-09-17 10:58:33.303000,415.61650749269313,11
2024-09-17 10:58:33.388000,415.63310001415823,100
2024-09-17 10:58:33.396000,415.6396115433676,15
2024-09-17 10:58:33.397000,415.6171374847979,14
2024-09-17 10:58:33.440000,415.6278911904181,98
2024-09-17 10:58:33.570000,415.6522872734791,11
2024-09-17 10:58:33.576000,415.6339459880384,105
2024-09-17 10:58:33.613000,415.630422801945,1003
2024-09-17 10:58:33.675000,415.6092061006729,104
2024-09-17 10:58:33.684000,415.608396257634,998
2024-09-17 10:58:33.714000,415.60905876948254,6
2024-09-17 10:58:33.758000,415.62522788125966,1002
2024-09-17 10:58:33.801000,415.64904914573134,14
2024-09-17 10:58:33.823000,415.6071420144042,105
2024-09-17 10:58:33.826000,415.63967140936296,995
2024-09-17 10:58:33.963000,415.6376586483812,103
2024-09-17 10:58:34.017000,415.6158656553978,14
2024-09-17 10:58:34.030000,415.6368179281846,99
2024-09-17 10:58:34.048000,415.5931036370081,995
2024-09-17 10:58:34.112000,415.6329640283253,104
2024-09-17 10:58:34.163000,415.6382635256091,14
2024-09-17 10:58:34.164000,415.6065198047755,1002
2024-09-17 10:58:34.334000,415.6338653343289,1004
2024-09-17 10:58:34.412000,415.6438634863302,95
2024-09-17 10:58:34.457000,415.606000817446,12
2024-09-17 10:58:34.604000,415.6101399606428,15
2024-09-17 10:58:34.841000,415.63028072678463,6
2024-09-17 10:58:34.921000,415.6110302340056,7
2024-09-17 10:58:34.964000,415.6046330837403,11
2024-09-17 10:58:35.050000,415.6025981548994,996
2024-09-17 10:58:35.172000,415.61473663738855,5
2024-09-17 10:58:35.319000,415.6076411639792,7
2024-09-17 10:58:35.385000,415.6094993484577,995
2024-09-17 10:58:35.391000,415.6474290126773,1005
2024-09-17 10:58:35.392000,415.6356063653317,104
2024-09-17 10:58:35.427000,415.63673250914536,102
2024-09-17 10:58:35.723000,415.6255092109263,999
2024-09-17 10:58:35.834000,415.627323965003,100
2024-09-17 10:58:36,415.5611614816115,996
2024-09-17 10:58:36.021000,415.601608478402,11
2024-09-17 10:58:36.109000,415.5695830887527,15
2024-09-17 10:58:36.173000,415.5806720846485,13
2024-09-17 10:58:36.247000,415.5858885660506,1003
2024-09-17 10:58:36.250000,415.53140132116266,100
2024-09-17 10:58:36.308000,415.5918714230788,6
2024-09-17 10:58:36.546000,415.5830841586919,104
2024-09-17 10:58:36.652000,415.5742518013282,95
2024-09-17 10:58:36.699000,415.5606945776544,999
2024-09-17 10:58:36.720000,415.6226000011482,997
2024-09-17 10:58:36.772000,415.5449016375493,99
2024-09-17 10:58:36.800000,415.5610568164839,103
2024-09-17 10:58:36.807000,415.62288362204544,9
2024-09-17 10:58:36.892000,415.54423528075085,95
2024-09-17 10:58:36.972000,415.5608487710299,95
2024-09-17 10:58:36.974000,415.6068168952777,97
2024-09-17 10:58:36.994000,415.5900604073444,104
2024-09-17 10:58:37.075000,415.6509525253339,998
2024-09-17 10:58:37.187000,415.6429871025601,11
2024-09-17 10:58:37.202000,415.57554283876345,14
2024-09-17 10:58:37.253000,415.6373646748574,5
2024-09-17 10:58:37.256000,415.6423545928748,7
2024-09-17 10:58:37.276000,415.6557765240413,999
2024-09-17 10:58:37.282000,415.59651036530687,13
2024-09-17 10:58:37.308000,415.6625808163479,995
2024-09-17 10:58:37.376000,415.6523778577137,101
2024-09-17 10:58:37.393000,415.6302953125862,11
2024-09-17 10:58:37.476000,415.61917309859285,8
2024-09-17 10:58:37.484000,415.6450739646256,14
2024-09-17 10:58:37.538000,415.5660683174622,105
2024-09-17 10:58:37.576000,415.5835364815887,7
2024-09-17 10:58:37.661000,415.5658956099576,101
2024-09-17 10:58:37.680000,415.6324331215597,100
2024-09-17 10:58:37.699000,415.6042141707907,12
2024-09-17 10:58:37.756000,415.6540820657345,104
2024-09-17 10:58:37.795000,415.6475898395792,1000
2024-09-17 10:58:37.817000,415.5966049837747,102
2024-09-17 10:58:37.821000,415.6263959024967,1004
2024-09-17 10:58:38.581000,415.6698843946958,14
2024-09-17 10:58:39.029000,415.7169252781101,14
2024-09-17 10:58:39.033000,415.7003715363599,96
2024-09-17 10:58:39.035000,415.68395023609577,997
2024-09-17 10:58:39.063000,415.68136704714857,995
2024-09-17 10:58:39.069000,415.67037606578975,995
2024-09-17 10:58:39.088000,415.7019476835139,96
2024-09-17 10:58:39.095000,415.7098037467029,1005
2024-09-17 10:58:39.105000,415.68670330550566,997
2024-09-17 10:58:39.144000,415.7144241564777,995
2024-09-17 10:58:39.154000,415.7057589313005,15
2024-09-17 10:58:39.186000,415.6921773544564,6
2024-09-17 10:58:39.198000,415.68691589614855,97
2024-09-17 10:58:39.215000,415.6899117068379,99
2024-09-17 10:58:39.291000,415.71887982626487,5
2024-09-17 10:58:39.304000,415.7037532485952,104
2024-09-17 10:58:39.421000,415.6979547081765,96
2024-09-17 10:58:39.444000,415.66763209058894,103
2024-09-17 10:58:39.559000,415.7048497168258,96
2024-09-17 10:58:39.599000,415.6649398908869,1001
2024-09-17 10:58:39.673000,415.6797807798716,5
2024-09-17 10:58:39.758000,415.68500297706265,998
2024-09-17 10:58:39.765000,415.6678756389964,995
2024-09-17 10:58:39.778000,415.7045874563336,995
2024-09-17 10:58:39.887000,415.70669086576805,5
2024-09-17 10:58:39.944000,415.72219952719183,13
2024-09-17 10:58:39.947000,415.6928723813625,100
2024-09-17 10:58:40.406000,415.7114183127894,997
2024-09-17 10:58:40.546000,415.72355992290295,996
2024-09-17 10:58:40.553000,415.7406477776543,11
2024-09-17 10:58:40.632000,415.72099212231547,1000
2024-09-17 10:58:40.855000,415.7007807827113,999
2024-09-17 10:58:40.913000,415.7112111509039,995
2024-09-17 10:58:40.956000,415.7305380128146,98
2024-09-17 10:58:41.083000,415.75036268321617,98
2024-09-17 10:58:41.280000,415.7226106176975,98
2024-09-17 10:58:41.342000,415.7279344505493,8
2024-09-17 10:58:41.409000,415.719091845384,8
2024-09-17 10:58:41.437000,415.7098461720472,95
2024-09-17 10:58:41.505000,415.72445748808366,13
2024-09-17 10:58:41.587000,415.7064834888286,102
2024-09-17 10:58:41.661000,415.744119990846,11
2024-09-17 10:58:41.718000,415.6989510621032,14
2024-09-17 10:58:41.889000,415.70823902801504,1001
2024-09-17 10:58:41.963000,415.7546140005803,1004
2024-09-17 10:58:41.972000,415.71432837419457,1003
2024-09-17 10:58:42.104000,415.7044384956157,101
2024-09-17 10:58:42.423000,415.67853595168543,995
2024-09-17 10:58:42.435000,415.6923487323493,104
2024-09-17 10:58:42.618000,415.6968108426529,15
2024-09-17 10:58:42.705000,415.7096571104073,997
2024-09-17 10:58:42.964000,415.69437183677456,1005
2024-09-17 10:58:43.026000,415.6104526728552,101
2024-09-17 10:58:43.162000,415.585634107516,7
2024-09-17 10:58:43.184000,415.5607955060783,5
2024-09-17 10:58:43.309000,415.5713221514667,6
2024-09-17 10:58:43.329000,415.5842173761972,11
2024-09-17 10:58:43.526000,415.6711182387508,102
2024-09-17 10:58:43.545000,415.53514987494304,1002
2024-09-17 10:58:43.741000,415.6200205346441,1005
2024-09-17 10:58:43.779000,415.6370612518331,999
2024-09-17 10:58:43.812000,415.5158191137627,996
2024-09-17 10:58:44.024000,415.566020465973,98
2024-09-17 10:58:44.100000,415.5345693483375,100
2024-09-17 10:58:44.163000,415.5044369111401,6
2024-09-17 10:58:44.171000,415.5381517413301,9
2024-09-17 10:58:44.188000,415.4645835057218,1005
2024-09-17 10:58:44.195000,415.5019069210198,1003
2024-09-17 10:58:44.207000,415.5364156598931,13
2024-09-17 10:58:44.248000,415.5627995858551,997
2024-09-17 10:58:44.288000,415.4787935673886,1000
2024-09-17 10:58:44.384000,415.4896640995824,102
2024-09-17 10:58:44.386000,415.54375143656927,103
2024-09-17 10:58:44.403000,415.5120036322193,12
2024-09-17 10:58:44.412000,415.5406471791021,97
2024-09-17 10:58:44.425000,415.5234961019136,1000
2024-09-17 10:58:44.433000,415.5587930074244,15
2024-09-17 10:58:44.452000,415.5634260397948,6
2024-09-17 10:58:44.477000,415.511361564177,13
2024-09-17 10:58:44.483000,415.4738745983957,1001
2024-09-17 10:58:44.527000,415.5370305919666,98
2024-09-17 10:58:44.541000,415.4771784059898,15
2024-09-17 10:58:44.657000,415.48534044631526,999
2024-09-17 10:58:44.708000,415.4549281380399,98
2024-09-17 10:58:44.711000,415.5583373225337,102
2024-09-17 10:58:44.794000,415.487535828917,11
2024-09-17 10:58:44.821000,415.4803356062823,15
2024-09-17 10:58:44.840000,415.4778033347175,9
2024-09-17 10:58:44.930000,415.5232351491686,97
2024-09-17 10:58:45.112000,415.51426652005085,97
2024-09-17 10:58:45.128000,415.54481938615504,15
2024-09-17 10:58:45.337000,415.53575222792153,10
2024-09-17 10:58:45.382000,415.5040955368989,103
2024-09-17 10:58:45.482000,415.4922280320038,11
2024-09-17 10:58:45.501000,415.5047043157586,1002
2024-09-17 10:58:45.784000,415.5253903432312,8
2024-09-17 10:58:46.183000,415.5280233362716,104
2024-09-17 10:58:46.203000,415.54153089208336,995
2024-09-17 10:58:46.214000,415.5588678713667,996
2024-09-17 10:58:46.331000,415.5428417927079,996
2024-09-17 10:58:46.409000,415.5571381565596,95
2024-09-17 10:58:46.494000,415.5357797569376,1003
2024-09-17 10:58:46.542000,415.5504768441808,96
2024-09-17 10:58:46.595000,415.543061424657,102
2024-09-17 10:58:46.670000,415.5257112155188,102
2024-09-17 10:58:46.732000,415.5525647161063,15
2024-09-17 10:58:46.739000,415.5429750032711,995
2024-09-17 10:58:46.779000,415.5390548492709,1004
2024-09-17 10:58:46.928000,415.5584811164352,1001
2024-09-17 10:58:46.945000,415.55228527041294,1002
2024-09-17 10:58:46.971000,415.54898159268674,102
2024-09-17 10:58:47.067000,415.5687355592897,999
2024-09-17 10:58:47.343000,415.5546192133724,104
2024-09-17 10:58:47.367000,415.54783786431307,1002
2024-09-17 10:58:47.424000,415.557509766261,1005
2024-09-17 10:58:47.607000,415.5656865159177,995
2024-09-17 10:58:47.619000,415.5493193441057,97
2024-09-17 10:58:47.623000,415.5402306596873,15
2024-09-17 10:58:47.650000,415.5509833457363,15
2024-09-17 10:58:47.663000,415.5307474800784,95
2024-09-17 10:58:47.680000,415.5508943804626,1004
2024-09-17 10:58:47.759000,415.51904568309016,1002
2024-09-17 10:58:47.781000,415.5315240229841,99
2024-09-17 10:58:47.797000,415.5525284502002,105
2024-09-17 10:58:47.823000,415.5337315023287,104
2024-09-17 10:58:47.830000,415.5479507485134,103
2024-09-17 10:58:47.870000,415.5482552032,12
2024-09-17 10:58:48.035000,415.6168277308822,102
2024-09-17 10:58:48.126000,415.5964715424904,104
2024-09-17 10:58:48.329000,415.5590260746594,13
2024-09-17 10:58:48.357000,415.56319190348233,1002
2024-09-17 10:58:48.369000,415.56652977371454,1005
2024-09-17 10:58:48.391000,415.5689692700553,100
2024-09-17 10:58:48.439000,415.5714727700521,8
2024-09-17 10:58:48.519000,415.5818643997325,10
2024-09-17 10:58:48.556000,415.5745253357601,6
2024-09-17 10:58:48.562000,415.5571154465094,1004
2024-09-17 10:58:48.606000,415.5670461572291,105
2024-09-17 10:58:48.636000,415.57229435306834,7
2024-09-17 10:58:48.693000,415.5722783332778,1000
2024-09-17 10:58:48.736000,415.59570718920537,100
2024-09-17 10:58:48.757000,415.5587206069412,7
2024-09-17 10:58:48.772000,415.57216614590914,97
2024-09-17 10:58:48.932000,415.5867922487094,96
2024-09-17 10:58:48.944000,415.6187311033794,101
2024-09-17 10:58:49.043000,415.6252614807751,996
2024-09-17 10:58:49.061000,415.5857714652673,97
2024-09-17 10:58:49.073000,415.59848528705936,13
2024-09-17 10:58:49.074000,415.6170954864764,1004
2024-09-17 10:58:49.086000,415.6047234047781,1002
2024-09-17 10:58:49.110000,415.5991820622922,13
2024-09-17 10:58:49.221000,415.5806291596797,98
2024-09-17 10:58:49.299000,415.6171960815117,15
2024-09-17 10:58:49.371000,415.6130887216419,102
2024-09-17 10:58:49.441000,415.6173522779699,1002
2024-09-17 10:58:49.477000,415.63010435693695,10
2024-09-17 10:58:49.500000,415.62204004952696,102
2024-09-17 10:58:49.567000,415.5726047599665,1000
2024-09-17 10:58:49.665000,415.5916711225251,9
2024-09-17 10:58:49.695000,415.6313574208076,9
2024-09-17 10:58:49.716000,415.5880255781116,98
2024-09-17 10:58:49.734000,415.63774263283824,6
2024-09-17 10:58:49.738000,415.5996078721086,8
2024-09-17 10:58:49.765000,415.6200194906901,12
2024-09-17 10:58:49.780000,415.6266854184435,1003
2024-09-17 10:58:49.810000,415.573315099464,5
2024-09-17 10:58:49.857000,415.58967488903096,9
2024-09-17 10:58:49.916000,415.6072837231425,10
2024-09-17 10:58:49.921000,415.62419425392704,10
2024-09-17 10:58:49.928000,415.5950463753632,101
2024-09-17 10:58:49.950000,415.5985589975631,100
2024-09-17 10:58:49.973000,415.5937904082179,8
2024-09-17 10:58:50.048000,415.6304258136105,996
2024-09-17 10:58:50.946000,415.60943501263097,96
2024-09-17 10:58:50.954000,415.6140119439743,10
2024-09-17 10:58:51.029000,415.6183279635068,95
2024-09-17 10:58:51.074000,415.6172222123564,12
2024-09-17 10:58:51.117000,415.6062222078468,8
2024-09-17 10:58:51.139000,415.6316596520076,997
2024-09-17 10:58:51.142000,415.62952317679,8
2024-09-17 10:58:51.144000,415.6150222471456,97
2024-09-17 10:58:51.151000,415.6138610023834,15
2024-09-17 10:58:51.154000,415.6272541087406,15
2024-09-17 10:58:51.160000,415.6330479906149,1001
2024-09-17 10:58:51.270000,415.6172766875749,98
2024-09-17 10:58:51.350000,415.62303576437296,996
2024-09-17 10:58:51.433000,415.6259235396967,104
2024-09-17 10:58:51.452000,415.6120708407498,1001
2024-09-17 10:58:51.479000,415.6186061296052,1000
2024-09-17 10:58:51.503000,415.54715740907983,1002
2024-09-17 10:58:51.506000,415.6230333545756,102
2024-09-17 10:58:51.524000,415.58193877364,1000
2024-09-17 10:58:51.528000,415.61318324490605,15
2024-09-17 10:58:51.546000,415.5736125489289,99
2024-09-17 10:58:51.569000,415.6261528085245,97
2024-09-17 10:58:51.585000,415.6163973462265,5
2024-09-17 10:58:51.616000,415.6363743077606,8
2024-09-17 10:58:51.717000,415.5946313148316,95
2024-09-17 10:58:51.738000,415.62189919805456,995
2024-09-17 10:58:51.847000,415.6508836573365,15
2024-09-17 10:58:51.931000,415.6332237442639,6
2024-09-17 10:58:51.951000,415.60712748700365,9
2024-09-17 10:58:52.013000,415.5194791852579,1000
2024-09-17 10:58:52.055000,415.4691989312741,103
2024-09-17 10:58:52.134000,415.51439768738777,10
2024-09-17 10:58:52.144000,415.51252056239207,104
2024-09-17 10:58:52.151000,415.5002171142984,11
2024-09-17 10:58:52.172000,415.5269673336345,10
2024-09-17 10:58:52.411000,415.5257525083744,996
2024-09-17 10:58:52.475000,415.4700704166886,1005
2024-09-17 10:58:52.491000,415.5319424609703,13
2024-09-17 10:58:52.529000,415.5382812170712,10
2024-09-17 10:58:52.557000,415.5004233588238,998
2024-09-17 10:58:52.599000,415.5219885905725,10
2024-09-17 10:58:52.641000,415.4609063343656,1001
2024-09-17 10:58:52.662000,415.5176123442154,1001
2024-09-17 10:58:52.713000,415.5197293363888,96
2024-09-17 10:58:52.735000,415.4625264157335,97
2024-09-17 10:58:52.737000,415.5307444149523,99
2024-09-17 10:58:52.793000,415.512587467481,12
2024-09-17 10:58:52.803000,415.52511921751375,998
2024-09-17 10:58:52.876000,415.4870726583635,102
2024-09-17 10:58:52.902000,415.4759180584721,103
2024-09-17 10:58:52.984000,415.4604333149752,999
2024-09-17 10:58:53.171000,415.3982345882152,995
2024-09-17 10:58:53.243000,415.396741378731,7
2024-09-17 10:58:53.246000,415.4100848774116,105
2024-09-17 10:58:53.269000,415.42074931322105,999
2024-09-17 10:58:53.270000,415.4053436906657,997
2024-09-17 10:58:53.271000,415.4146901014961,10
2024-09-17 10:58:53.290000,415.4255200650822,11
2024-09-17 10:58:53.315000,415.4594441822669,998
2024-09-17 10:58:53.317000,415.397027989155,9
2024-09-17 10:58:53.358000,415.42662236670833,998
2024-09-17 10:58:53.414000,415.4594483434609,104
2024-09-17 10:58:53.447000,415.45020375350526,997
2024-09-17 10:58:53.454000,415.40164009292494,6
2024-09-17 10:58:53.507000,415.426054086493,1004
2024-09-17 10:58:53.532000,415.43721404196873,97
2024-09-17 10:58:53.573000,415.4187806844505,5
2024-09-17 10:58:53.629000,415.408179444545,10
2024-09-17 10:58:53.663000,415.43526407679775,999
2024-09-17 10:58:53.679000,415.3990875797748,102
2024-09-17 10:58:53.702000,415.4539398616333,996
2024-09-17 10:58:53.738000,415.4563522521599,14
2024-09-17 10:58:53.742000,415.4432332907904,98
2024-09-17 10:58:53.901000,415.385407461579,995
2024-09-17 10:58:53.925000,415.4015705196829,1002
2024-09-17 10:58:53.929000,415.4336350471448,105
2024-09-17 10:58:53.964000,415.4066469492584,1004
2024-09-17 10:58:54.297000,415.4353270921351,103
2024-09-17 10:58:54.347000,415.458364610914,6
2024-09-17 10:58:54.372000,415.4292436655162,1002
2024-09-17 10:58:54.385000,415.4116993273467,14
2024-09-17 10:58:54.545000,415.4231720132426,105
2024-09-17 10:58:54.548000,415.47327540729606,102
2024-09-17 10:58:54.636000,415.4468529108886,8
2024-09-17 10:58:54.655000,415.4126836552996,97
2024-09-17 10:58:54.912000,415.4378883400279,12
2024-09-17 10:58:54.949000,415.4825723278539,999
2024-09-17 10:58:54.983000,415.4220245125825,1003
2024-09-17 10:58:55.204000,415.4396105005964,13
2024-09-17 10:58:55.250000,415.4495508207637,13
2024-09-17 10:58:55.375000,415.419962762292,11
2024-09-17 10:58:55.393000,415.4489694236696,7
2024-09-17 10:58:55.469000,415.4270397140148,13
2024-09-17 10:58:55.524000,415.4453536313935,97
2024-09-17 10:58:55.672000,415.4347374204248,105
2024-09-17 10:58:55.711000,415.4276848453699,1002
2024-09-17 10:58:55.794000,415.4301727352032,100
2024-09-17 10:58:55.837000,415.45922104309926,1005
2024-09-17 10:58:55.893000,415.43136108220233,1004
2024-09-17 10:58:55.893000,415.4265334412286,102
2024-09-17 10:58:55.946000,415.41238091349146,13
2024-09-17 10:58:55.960000,415.4171128691317,13
2024-09-17 10:58:55.970000,415.4576897736031,104
2024-09-17 10:58:56,415.4741942773404,997
2024-09-17 10:58:56.053000,415.4465148853795,9
2024-09-17 10:58:56.164000,415.4511791489408,996
2024-09-17 10:58:56.168000,415.4635742599452,1005
2024-09-17 10:58:56.206000,415.49347971165065,98
2024-09-17 10:58:56.265000,415.4440869788839,998
2024-09-17 10:58:56.281000,415.46061509669113,97
2024-09-17 10:58:56.292000,415.4886168217616,99
2024-09-17 10:58:56.430000,415.44377584893954,96
2024-09-17 10:58:56.540000,415.4527732365313,97
2024-09-17 10:58:56.606000,415.4638368908984,95
2024-09-17 10:58:56.611000,415.4709041862977,9
2024-09-17 10:58:56.661000,415.4757016682309,8
2024-09-17 10:58:56.691000,415.4300131066894,95
2024-09-17 10:58:56.817000,415.5037407165984,1000
2024-09-17 10:58:56.886000,415.46593306723247,1000
2024-09-17 10:58:56.924000,415.4381213228074,10
2024-09-17 10:58:57.115000,415.4592501927581,1001
2024-09-17 10:58:57.116000,415.5589032210273,8
2024-09-17 10:58:57.119000,415.5781173058693,999
2024-09-17 10:58:57.126000,415.5473444617464,1000
2024-09-17 10:58:57.209000,415.5756261435805,1003
2024-09-17 10:58:57.214000,415.51402036665775,1002
2024-09-17 10:58:57.447000,415.4734288619029,100
2024-09-17 10:58:57.453000,415.4929487216895,99
2024-09-17 10:58:57.462000,415.563030654627,12
2024-09-17 10:58:57.497000,415.4618242614515,105
2024-09-17 10:58:57.502000,415.44900652001184,95
2024-09-17 10:58:57.557000,415.5741906909778,1004
2024-09-17 10:58:57.562000,415.571055215278,12
2024-09-17 10:58:57.670000,415.4779096873356,1005
2024-09-17 10:58:57.688000,415.5662393100517,99
2024-09-17 10:58:57.728000,415.5829584470091,8
2024-09-17 10:58:57.744000,415.4945051877023,995
2024-09-17 10:58:57.768000,415.4827546428973,14
2024-09-17 10:58:57.804000,415.4603784723384,97
2024-09-17 10:58:57.842000,415.50769810123705,6
2024-09-17 10:58:57.931000,415.51964850577787,10
2024-09-17 10:58:58.011000,415.635944644658,98
2024-09-17 10:58:58.029000,415.5776390570396,99
2024-09-17 10:58:58.055000,415.6259775811103,1001
2024-09-17 10:58:58.147000,415.5818869238554,98
2024-09-17 10:58:58.150000,415.5733847321384,12
2024-09-17 10:58:58.270000,415.6411784825722,999
2024-09-17 10:58:58.314000,415.6232592015807,105
2024-09-17 10:58:58.401000,415.5934081422992,8
2024-09-17 10:58:58.451000,415.5540294796394,1003
2024-09-17 10:58:58.457000,415.6273465399679,7
2024-09-17 10:58:58.479000,415.5991104510151,1002
2024-09-17 10:58:58.501000,415.6120727136682,105
2024-09-17 10:58:58.553000,415.5794196942459,1000
2024-09-17 10:58:58.585000,415.5552138831254,8
2024-09-17 10:58:58.804000,415.6324458852668,1004
2024-09-17 10:58:58.945000,415.58311360845465,995
2024-09-17 10:58:59.208000,415.6342024834759,1002
2024-09-17 10:58:59.707000,415.6444893123209,97
2024-09-17 10:58:59.724000,415.6351066567415,10
