Timestamp,Price,Size
2024-09-17 15:53:00.110000,407.7746976983556,10
2024-09-17 15:53:00.146000,407.7701633275834,95
2024-09-17 15:53:00.231000,407.77626199733857,13
2024-09-17 15:53:00.283000,407.7792943071558,98
2024-09-17 15:53:00.449000,407.7831517156973,97
2024-09-17 15:53:00.718000,407.7685071224749,10
2024-09-17 15:53:00.792000,407.7828258529175,102
2024-09-17 15:53:00.911000,407.760467876221,101
2024-09-17 15:53:01.106000,407.7401518795072,6
2024-09-17 15:53:01.330000,407.75917744424544,99
2024-09-17 15:53:01.450000,407.7508486148839,1001
2024-09-17 15:53:01.597000,407.7723704169756,97
2024-09-17 15:53:01.932000,407.7562262338181,9
2024-09-17 15:53:01.986000,407.7701920330208,1002
2024-09-17 15:53:01.993000,407.74161187157097,10
2024-09-17 15:53:02.015000,407.7452073578061,7
2024-09-17 15:53:02.062000,407.6921804525983,14
2024-09-17 15:53:02.104000,407.6300258965439,1005
2024-09-17 15:53:02.158000,407.6642494088016,6
2024-09-17 15:53:02.230000,407.6030124458986,102
2024-09-17 15:53:02.250000,407.7584300011407,102
2024-09-17 15:53:02.272000,407.71761928071584,1000
2024-09-17 15:53:02.272000,407.6054278373289,997
2024-09-17 15:53:02.282000,407.7087543419999,103
2024-09-17 15:53:02.292000,407.6372644364087,99
2024-09-17 15:53:02.301000,407.6051690549159,96
2024-09-17 15:53:02.415000,407.6313588281947,1002
2024-09-17 15:53:02.421000,407.7447252304058,97
2024-09-17 15:53:02.422000,407.6690107952202,6
2024-09-17 15:53:02.521000,407.6428259867694,1001
2024-09-17 15:53:02.596000,407.75316883418094,103
2024-09-17 15:53:02.627000,407.65290278705663,7
2024-09-17 15:53:02.630000,407.62325300937766,13
2024-09-17 15:53:02.654000,407.6667235783063,1003
2024-09-17 15:53:02.705000,407.6545113186445,104
2024-09-17 15:53:02.723000,407.64688204395566,97
2024-09-17 15:53:02.732000,407.65554565450014,102
2024-09-17 15:53:02.765000,407.6406009415769,97
2024-09-17 15:53:02.817000,407.6541318986055,12
2024-09-17 15:53:02.843000,407.691924489697,1004
2024-09-17 15:53:02.855000,407.6498534381607,101
2024-09-17 15:53:02.882000,407.7328459096526,1003
2024-09-17 15:53:02.970000,407.7303834478827,15
2024-09-17 15:53:02.994000,407.711544947524,102
2024-09-17 15:53:03.145000,407.6069944562874,996
2024-09-17 15:53:03.298000,407.6340754301037,99
2024-09-17 15:53:03.345000,407.6082604880492,97
2024-09-17 15:53:03.348000,407.5852658438772,103
2024-09-17 15:53:03.370000,407.6255641250922,11
2024-09-17 15:53:03.432000,407.6192653049328,1000
2024-09-17 15:53:03.461000,407.6332207146059,102
2024-09-17 15:53:03.467000,407.6157836481205,13
2024-09-17 15:53:03.494000,407.62327003269314,1000
2024-09-17 15:53:03.523000,407.61634476220576,5
2024-09-17 15:53:03.573000,407.5774486027431,1000
2024-09-17 15:53:03.650000,407.6418667515417,1003
2024-09-17 15:53:03.723000,407.6372498699946,7
2024-09-17 15:53:03.846000,407.5906497701422,9
2024-09-17 15:53:04.027000,407.4528561278586,995
2024-09-17 15:53:04.107000,407.4928112991607,101
2024-09-17 15:53:04.192000,407.5347549958377,97
2024-09-17 15:53:04.230000,407.4427969486432,7
2024-09-17 15:53:04.230000,407.4907187196303,1001
2024-09-17 15:53:04.294000,407.5357982384447,8
2024-09-17 15:53:04.403000,407.5716513534404,15
2024-09-17 15:53:04.418000,407.50599521830935,8
2024-09-17 15:53:04.533000,407.4614982571875,101
2024-09-17 15:53:04.551000,407.46487208129656,997
2024-09-17 15:53:04.675000,407.54146620209656,7
2024-09-17 15:53:04.711000,407.5412610337109,996
2024-09-17 15:53:04.740000,407.4920172223459,13
2024-09-17 15:53:04.928000,407.4692854581804,103
2024-09-17 15:53:04.943000,407.4791466928867,1002
2024-09-17 15:53:04.968000,407.5224472324486,9
2024-09-17 15:53:04.978000,407.46257586214847,98
2024-09-17 15:53:05.408000,407.43729825747727,997
2024-09-17 15:53:06.117000,407.3798144267673,1002
2024-09-17 15:53:06.117000,407.4296861333272,1002
2024-09-17 15:53:06.152000,407.3664754432799,995
2024-09-17 15:53:06.241000,407.3847714501907,101
2024-09-17 15:53:06.275000,407.364602928238,11
2024-09-17 15:53:06.358000,407.37046043444354,999
2024-09-17 15:53:06.406000,407.382173331574,6
2024-09-17 15:53:06.463000,407.373008643477,7
2024-09-17 15:53:06.471000,407.41016097411017,100
2024-09-17 15:53:06.549000,407.346151039773,100
2024-09-17 15:53:06.559000,407.4136900452301,999
2024-09-17 15:53:06.603000,407.3293636853224,103
2024-09-17 15:53:06.664000,407.3891785801965,10
2024-09-17 15:53:06.677000,407.4450578094821,14
2024-09-17 15:53:06.688000,407.3758660562992,14
2024-09-17 15:53:06.710000,407.41079783704754,104
2024-09-17 15:53:06.715000,407.3590047484415,105
2024-09-17 15:53:06.876000,407.3939447375348,99
2024-09-17 15:53:06.933000,407.402622575965,100
2024-09-17 15:53:06.940000,407.3971020889538,14
2024-09-17 15:53:07.022000,407.3390697179751,99
2024-09-17 15:53:07.052000,407.3561193209453,1003
2024-09-17 15:53:07.060000,407.3559133071914,100
2024-09-17 15:53:07.081000,407.33878054266114,6
2024-09-17 15:53:07.129000,407.3183477164613,1004
2024-09-17 15:53:07.150000,407.35374115903545,13
2024-09-17 15:53:07.174000,407.335259374552,102
2024-09-17 15:53:07.231000,407.3459679881205,1005
2024-09-17 15:53:07.248000,407.35620171392605,1000
2024-09-17 15:53:07.257000,407.33652984347486,103
2024-09-17 15:53:07.277000,407.31985392692127,8
2024-09-17 15:53:07.290000,407.3194430711207,8
2024-09-17 15:53:07.314000,407.3305852143213,6
2024-09-17 15:53:07.357000,407.3230822132114,13
2024-09-17 15:53:07.363000,407.3548305191328,1001
2024-09-17 15:53:07.394000,407.3224114126737,12
2024-09-17 15:53:07.481000,407.373163528611,103
2024-09-17 15:53:07.508000,407.3681043441258,99
2024-09-17 15:53:07.548000,407.3440157672079,997
2024-09-17 15:53:07.557000,407.341006693584,997
2024-09-17 15:53:07.606000,407.37094648063567,5
2024-09-17 15:53:07.667000,407.3161014543172,105
2024-09-17 15:53:07.834000,407.32734661798094,999
2024-09-17 15:53:07.848000,407.3513584195837,14
2024-09-17 15:53:07.884000,407.3392518084824,102
2024-09-17 15:53:07.923000,407.3432518967573,98
2024-09-17 15:53:07.925000,407.37481426501466,105
2024-09-17 15:53:07.982000,407.3449780277441,999
2024-09-17 15:53:07.994000,407.3524283702546,12
2024-09-17 15:53:07.999000,407.3407214036461,100
2024-09-17 15:53:08.025000,407.40541655408936,100
2024-09-17 15:53:08.110000,407.41238427444495,8
2024-09-17 15:53:08.201000,407.3750521181465,1000
2024-09-17 15:53:08.265000,407.4197600459853,96
2024-09-17 15:53:08.281000,407.4344527203426,8
2024-09-17 15:53:08.304000,407.4066108861807,10
2024-09-17 15:53:08.328000,407.3953056301417,1002
2024-09-17 15:53:08.406000,407.4154484650196,1000
2024-09-17 15:53:08.413000,407.43799863666726,1001
2024-09-17 15:53:08.416000,407.4088363767586,997
2024-09-17 15:53:08.443000,407.4249847239874,98
2024-09-17 15:53:08.464000,407.4039247221776,8
2024-09-17 15:53:08.494000,407.43201023639926,11
2024-09-17 15:53:08.522000,407.4336477391276,11
2024-09-17 15:53:08.582000,407.4415985332506,104
2024-09-17 15:53:08.661000,407.3827307883604,14
2024-09-17 15:53:08.739000,407.4308009478401,99
2024-09-17 15:53:08.746000,407.41649404924914,100
2024-09-17 15:53:08.813000,407.4179509866532,102
2024-09-17 15:53:08.834000,407.4082242833583,97
2024-09-17 15:53:08.924000,407.3752406494349,997
2024-09-17 15:53:08.951000,407.4168528340469,995
2024-09-17 15:53:08.960000,407.42461475025794,7
2024-09-17 15:53:08.964000,407.42308835259263,97
2024-09-17 15:53:08.999000,407.4071339804319,12
2024-09-17 15:53:09.373000,407.4353578718115,15
2024-09-17 15:53:09.485000,414.9211071970481,1004
2024-09-17 15:53:10.119000,407.3988805028741,995
2024-09-17 15:53:10.270000,407.409722646902,101
2024-09-17 15:53:10.455000,407.3980069225158,6
2024-09-17 15:53:10.580000,407.39188981342375,998
2024-09-17 15:53:10.617000,407.4253265149673,996
2024-09-17 15:53:10.661000,407.384749488274,11
2024-09-17 15:53:10.683000,407.3708944674958,104
2024-09-17 15:53:10.711000,407.39253086138416,1000
2024-09-17 15:53:10.831000,407.4122255214722,10
2024-09-17 15:53:10.992000,407.3752913449244,8
2024-09-17 15:53:12.016000,407.3531922060413,8
2024-09-17 15:53:12.060000,407.3456793920949,99
2024-09-17 15:53:12.145000,407.35904052333774,12
2024-09-17 15:53:12.223000,407.3312861389872,9
2024-09-17 15:53:12.237000,407.3346071922115,105
2024-09-17 15:53:12.319000,407.33539842319095,8
2024-09-17 15:53:12.324000,407.3214360241765,10
2024-09-17 15:53:12.439000,407.3645444432767,7
2024-09-17 15:53:12.464000,407.3438125076333,997
2024-09-17 15:53:12.531000,407.3234231556107,996
2024-09-17 15:53:12.554000,407.3531922426632,1003
2024-09-17 15:53:12.645000,407.34331828297206,97
2024-09-17 15:53:12.777000,407.3322540019355,8
2024-09-17 15:53:12.910000,407.3640349867719,1001
2024-09-17 15:53:12.946000,407.353728559693,1000
2024-09-17 15:53:12.979000,407.33585885626127,105
2024-09-17 15:53:13.063000,407.362806957982,11
2024-09-17 15:53:13.103000,407.2938728109021,15
2024-09-17 15:53:13.141000,407.3375251189629,1004
2024-09-17 15:53:13.150000,407.3556749303293,997
2024-09-17 15:53:13.192000,407.2821135539811,995
2024-09-17 15:53:13.206000,407.35307635222495,5
2024-09-17 15:53:13.219000,407.2826865773702,10
2024-09-17 15:53:13.388000,407.36091019572416,7
2024-09-17 15:53:13.398000,407.3692038347586,996
2024-09-17 15:53:13.574000,407.2826234378337,7
2024-09-17 15:53:13.655000,407.34962689444217,998
2024-09-17 15:53:13.707000,407.3362051191953,103
2024-09-17 15:53:13.707000,407.3176320826372,1002
2024-09-17 15:53:13.734000,407.3601135888815,1004
2024-09-17 15:53:13.770000,407.3534119918964,1001
2024-09-17 15:53:13.799000,407.3622562367261,11
2024-09-17 15:53:13.811000,407.3600172287029,96
2024-09-17 15:53:13.833000,407.2922833926816,998
2024-09-17 15:53:13.992000,407.3458249437587,1004
2024-09-17 15:53:14.064000,407.30424644963097,15
2024-09-17 15:53:14.086000,407.29709614236594,100
2024-09-17 15:53:14.117000,407.3515639363652,104
2024-09-17 15:53:14.141000,407.29679472217015,1001
2024-09-17 15:53:14.142000,407.3257780091869,103
2024-09-17 15:53:14.248000,407.31990659724136,9
2024-09-17 15:53:14.257000,407.3137513824836,996
2024-09-17 15:53:14.286000,407.3480823362087,998
2024-09-17 15:53:14.295000,407.3116817926857,96
2024-09-17 15:53:14.361000,407.33147978904856,7
2024-09-17 15:53:14.436000,407.3076575648691,6
2024-09-17 15:53:14.464000,407.3239833063606,97
2024-09-17 15:53:14.470000,407.3601125142434,14
2024-09-17 15:53:14.472000,407.27082494083226,1003
2024-09-17 15:53:14.497000,414.97906136271433,8
2024-09-17 15:53:14.541000,407.3321280136024,995
2024-09-17 15:53:14.541000,407.3253261331985,995
2024-09-17 15:53:14.584000,407.3447312536612,96
2024-09-17 15:53:14.608000,407.3292002014957,14
2024-09-17 15:53:14.676000,407.29568734238575,11
2024-09-17 15:53:14.676000,407.2938855492248,7
2024-09-17 15:53:14.687000,407.2969692826388,103
2024-09-17 15:53:14.705000,407.3167539384496,1002
2024-09-17 15:53:14.713000,407.3416666759716,15
2024-09-17 15:53:14.893000,407.31643142617554,7
2024-09-17 15:53:14.930000,407.32465700359353,1004
2024-09-17 15:53:14.973000,407.3069701377452,9
2024-09-17 15:53:15.018000,407.31780099003424,102
2024-09-17 15:53:15.036000,407.3035300885751,103
2024-09-17 15:53:15.058000,407.3522040580499,97
2024-09-17 15:53:15.083000,407.3100251902061,6
2024-09-17 15:53:15.124000,407.319822931603,99
2024-09-17 15:53:15.154000,407.3716417965517,998
2024-09-17 15:53:15.178000,407.3846576508825,13
2024-09-17 15:53:15.285000,407.3112162904992,996
2024-09-17 15:53:15.350000,407.4071382693047,15
2024-09-17 15:53:15.451000,407.33721284968414,5
2024-09-17 15:53:15.455000,407.3784804000538,6
2024-09-17 15:53:15.461000,407.3623051586487,1004
2024-09-17 15:53:15.464000,407.3059522682568,1001
2024-09-17 15:53:15.464000,407.3675468632634,98
2024-09-17 15:53:15.483000,407.3858750935145,10
2024-09-17 15:53:15.486000,407.39775567615214,97
2024-09-17 15:53:15.539000,407.3051887844852,999
2024-09-17 15:53:15.569000,407.3460782285829,1003
2024-09-17 15:53:15.601000,407.3300495321608,996
2024-09-17 15:53:15.614000,407.38217818593455,1000
2024-09-17 15:53:15.634000,407.41060670158896,103
2024-09-17 15:53:15.674000,407.361133835916,102
2024-09-17 15:53:15.730000,407.38082891954576,998
2024-09-17 15:53:15.831000,407.38132734345766,12
2024-09-17 15:53:15.849000,407.3940501989688,1002
2024-09-17 15:53:15.864000,407.33291334393806,1005
2024-09-17 15:53:15.914000,407.3515522049327,6
2024-09-17 15:53:15.933000,407.3103947262574,95
2024-09-17 15:53:15.946000,407.32251494266666,1002
2024-09-17 15:53:16.003000,407.4272043781672,8
2024-09-17 15:53:16.026000,407.4206958540995,5
2024-09-17 15:53:16.075000,407.4271415684016,999
2024-09-17 15:53:16.083000,407.4167398334597,1003
2024-09-17 15:53:16.127000,407.43735659725934,103
2024-09-17 15:53:16.191000,407.449155323272,9
2024-09-17 15:53:16.208000,407.4336652998329,1002
2024-09-17 15:53:16.218000,407.44632606477774,97
2024-09-17 15:53:16.223000,407.40830134137343,7
2024-09-17 15:53:16.300000,407.4155191396246,10
2024-09-17 15:53:16.390000,407.3701180588524,1000
2024-09-17 15:53:16.446000,407.4017220678373,102
2024-09-17 15:53:16.526000,407.4227346581526,1004
2024-09-17 15:53:16.526000,407.42848940579904,101
2024-09-17 15:53:16.693000,407.4231548380429,96
2024-09-17 15:53:16.708000,407.45702889654336,9
2024-09-17 15:53:16.715000,407.41657606661806,101
2024-09-17 15:53:16.769000,407.45560193276174,6
2024-09-17 15:53:16.788000,407.4094806494429,997
2024-09-17 15:53:16.798000,407.4095517482651,96
2024-09-17 15:53:16.806000,407.4021838469077,8
2024-09-17 15:53:16.822000,407.47231511650057,1004
2024-09-17 15:53:16.826000,407.3886253832518,1000
2024-09-17 15:53:16.916000,407.420553920026,100
2024-09-17 15:53:16.999000,407.4098372139009,1005
2024-09-17 15:53:17.118000,407.3922123975599,1000
2024-09-17 15:53:17.162000,407.4655927088086,1001
2024-09-17 15:53:17.165000,407.4897399532499,995
2024-09-17 15:53:17.174000,407.3957955648692,999
2024-09-17 15:53:17.202000,407.43794550451577,8
2024-09-17 15:53:17.224000,407.46181764530576,98
2024-09-17 15:53:17.254000,407.4398479969814,96
2024-09-17 15:53:17.272000,407.4487203582597,999
2024-09-17 15:53:17.282000,407.47487500094513,98
2024-09-17 15:53:17.284000,407.4915845359973,105
2024-09-17 15:53:17.289000,407.4647042650637,996
2024-09-17 15:53:17.317000,407.4540992670268,99
2024-09-17 15:53:17.317000,407.48160697518864,97
2024-09-17 15:53:17.368000,407.49454121180895,1004
2024-09-17 15:53:17.379000,407.476206598384,5
2024-09-17 15:53:17.464000,407.4699635669523,12
2024-09-17 15:53:17.629000,407.45360499501976,995
2024-09-17 15:53:17.635000,407.4856568072108,104
2024-09-17 15:53:17.636000,407.3996013611677,14
2024-09-17 15:53:17.671000,407.42134259686526,5
2024-09-17 15:53:17.682000,407.47504803788246,1003
2024-09-17 15:53:17.739000,407.419327563259,13
2024-09-17 15:53:17.830000,407.4339340715088,5
2024-09-17 15:53:17.842000,407.43953953052494,7
2024-09-17 15:53:17.916000,407.37732292643,11
2024-09-17 15:53:17.923000,407.413490874973,12
2024-09-17 15:53:17.966000,407.4487543752245,997
2024-09-17 15:53:17.969000,407.4314958977538,996
2024-09-17 15:53:18.023000,407.4115236401722,101
2024-09-17 15:53:18.234000,407.4475082453018,996
2024-09-17 15:53:18.656000,407.4373867451472,97
2024-09-17 15:53:18.800000,407.4044683857634,11
2024-09-17 15:53:18.816000,407.41384400416064,98
2024-09-17 15:53:19.176000,407.52374218214993,8
2024-09-17 15:53:19.224000,407.48504484815567,10
2024-09-17 15:53:19.247000,407.52813963501967,102
2024-09-17 15:53:19.269000,407.4440213854065,13
2024-09-17 15:53:19.286000,407.4846584923733,98
2024-09-17 15:53:19.290000,407.47200114087553,14
2024-09-17 15:53:19.295000,407.49361612131753,103
2024-09-17 15:53:19.374000,407.5045607170616,999
2024-09-17 15:53:19.394000,407.5071551674652,998
2024-09-17 15:53:19.459000,407.4345157836852,1000
2024-09-17 15:53:19.666000,407.51032502437374,1000
2024-09-17 15:53:19.698000,407.5209639995521,6
2024-09-17 15:53:19.750000,407.4807008472279,998
2024-09-17 15:53:19.769000,407.51296404413887,15
2024-09-17 15:53:19.774000,407.4998734245173,10
2024-09-17 15:53:19.792000,407.5047286784748,13
2024-09-17 15:53:19.972000,407.5107398171497,1000
2024-09-17 15:53:19.979000,407.4071541536275,999
2024-09-17 15:53:19.983000,407.5180752492926,97
2024-09-17 15:53:19.984000,407.4207100549218,14
2024-09-17 15:53:20.002000,407.53622090481446,9
2024-09-17 15:53:20.084000,407.5020876247102,1003
2024-09-17 15:53:20.101000,407.5430636710779,995
2024-09-17 15:53:20.140000,407.5195226942971,12
2024-09-17 15:53:20.165000,407.5100625607538,998
2024-09-17 15:53:20.204000,407.4857445298149,9
2024-09-17 15:53:20.210000,407.50569012277685,15
2024-09-17 15:53:20.300000,407.51021383306863,97
2024-09-17 15:53:20.327000,407.5085235837603,103
2024-09-17 15:53:20.340000,407.48847675695714,1003
2024-09-17 15:53:20.443000,407.5049961060176,96
2024-09-17 15:53:20.673000,407.4962246944359,11
2024-09-17 15:53:20.678000,407.4896868764566,105
2024-09-17 15:53:20.793000,407.50297626213,999
2024-09-17 15:53:20.935000,407.52691642531903,10
2024-09-17 15:53:20.994000,407.53027759509786,998
2024-09-17 15:53:21.171000,407.5828140634096,12
2024-09-17 15:53:21.179000,407.54423605942605,101
2024-09-17 15:53:21.185000,407.5680103067111,11
2024-09-17 15:53:21.205000,407.5417296942781,5
2024-09-17 15:53:21.222000,407.5273974563994,7
2024-09-17 15:53:21.256000,407.51640399477895,15
2024-09-17 15:53:21.395000,407.5605053918078,103
2024-09-17 15:53:21.421000,407.5173640595062,6
2024-09-17 15:53:21.442000,407.5749026990688,8
2024-09-17 15:53:21.458000,407.57796627530126,12
2024-09-17 15:53:21.635000,407.54741174056807,14
2024-09-17 15:53:21.655000,407.5323196851804,14
2024-09-17 15:53:21.788000,407.5930787961868,105
2024-09-17 15:53:21.803000,407.5309559179144,13
2024-09-17 15:53:22.012000,407.5338685491889,997
2024-09-17 15:53:22.192000,407.5509086148288,102
2024-09-17 15:53:22.469000,407.5778504107192,1002
2024-09-17 15:53:22.620000,407.57272032290143,996
2024-09-17 15:53:22.704000,407.57749376135945,12
2024-09-17 15:53:22.705000,407.58012399600216,104
2024-09-17 15:53:23.027000,407.5154901085643,14
2024-09-17 15:53:23.029000,407.54084556259335,10
2024-09-17 15:53:23.063000,407.5680643411143,996
2024-09-17 15:53:23.086000,407.570093825366,999
2024-09-17 15:53:23.128000,407.5666348701138,1000
2024-09-17 15:53:23.143000,407.548416389095,7
2024-09-17 15:53:23.162000,407.5542477705879,96
2024-09-17 15:53:23.179000,407.5274170786328,104
2024-09-17 15:53:23.187000,407.5558606427792,995
2024-09-17 15:53:23.237000,407.5741619408398,7
2024-09-17 15:53:23.274000,407.51974841809744,101
2024-09-17 15:53:23.278000,407.54385718154913,95
2024-09-17 15:53:23.279000,407.5273134030296,1000
2024-09-17 15:53:23.398000,407.5559333193274,105
2024-09-17 15:53:23.596000,407.5505303835721,999
2024-09-17 15:53:23.686000,407.5403900717395,98
2024-09-17 15:53:23.808000,407.5560340553875,102
2024-09-17 15:53:23.870000,407.56548017104,105
2024-09-17 15:53:23.882000,407.5409197238881,101
2024-09-17 15:53:23.934000,407.5596368778676,1002
2024-09-17 15:53:23.948000,407.5420183861706,999
2024-09-17 15:53:24.164000,414.729091421794,998
2024-09-17 15:53:24.431000,407.5451021406035,96
2024-09-17 15:53:24.465000,407.54387624753895,1001
2024-09-17 15:53:24.571000,407.5313290371567,1002
2024-09-17 15:53:24.613000,407.545015783693,5
2024-09-17 15:53:24.674000,407.5448558880583,1004
2024-09-17 15:53:24.848000,407.55055355716354,104
2024-09-17 15:53:25.694000,414.7198727368062,12
2024-09-17 15:53:25.705000,407.5283363625717,1005
2024-09-17 15:53:26.196000,407.51775878705166,996
2024-09-17 15:53:26.771000,407.52259264447287,98
2024-09-17 15:53:26.885000,407.5265056274784,103
2024-09-17 15:53:27.092000,407.4727819629718,996
2024-09-17 15:53:27.151000,407.519894564286,999
2024-09-17 15:53:27.255000,407.48895683519135,99
2024-09-17 15:53:27.260000,407.47346808758914,1003
2024-09-17 15:53:27.271000,407.48453382664536,101
2024-09-17 15:53:27.303000,407.4724134922431,1002
2024-09-17 15:53:27.325000,407.4925362193965,104
2024-09-17 15:53:27.430000,407.4889536329771,1005
2024-09-17 15:53:27.494000,407.4776971463658,1001
2024-09-17 15:53:27.498000,407.4820191656664,12
2024-09-17 15:53:27.662000,407.50744333443976,101
2024-09-17 15:53:27.714000,407.5108305684045,97
2024-09-17 15:53:28.214000,407.491632386376,7
2024-09-17 15:53:28.220000,414.5982210552023,14
2024-09-17 15:53:28.283000,407.4753066209343,100
2024-09-17 15:53:28.366000,407.4700037770372,103
2024-09-17 15:53:28.445000,407.4656949549173,15
2024-09-17 15:53:28.562000,407.4668353866038,996
2024-09-17 15:53:28.781000,407.4721534285502,1002
2024-09-17 15:53:28.789000,407.4581801427456,9
2024-09-17 15:53:29.035000,407.459072018385,6
2024-09-17 15:53:29.063000,407.444142372855,7
2024-09-17 15:53:29.098000,407.52797779761767,98
2024-09-17 15:53:29.138000,407.5386390348231,997
2024-09-17 15:53:29.156000,407.46453361385176,99
2024-09-17 15:53:29.203000,407.5218081015605,99
2024-09-17 15:53:29.286000,407.552881112075,103
2024-09-17 15:53:29.298000,407.5436065515775,999
2024-09-17 15:53:29.320000,407.5169081407623,996
2024-09-17 15:53:29.339000,407.5196339299356,99
2024-09-17 15:53:29.348000,407.5303484598566,8
2024-09-17 15:53:29.351000,407.5333907578284,100
2024-09-17 15:53:29.442000,407.5182766729279,1002
2024-09-17 15:53:29.527000,407.5272188024189,995
2024-09-17 15:53:29.528000,407.5341463474424,1001
2024-09-17 15:53:29.529000,407.5292657019469,996
2024-09-17 15:53:29.559000,407.4355550305033,105
2024-09-17 15:53:29.590000,407.4347438037415,8
2024-09-17 15:53:29.597000,407.5128871604068,5
2024-09-17 15:53:29.632000,407.5370001769989,10
2024-09-17 15:53:29.633000,407.5228969633193,102
2024-09-17 15:53:29.708000,407.5311588874832,995
2024-09-17 15:53:29.709000,407.5188771903713,1000
2024-09-17 15:53:29.725000,407.5280290993939,1002
2024-09-17 15:53:29.805000,407.50400600570106,7
2024-09-17 15:53:29.814000,407.4535522451511,15
2024-09-17 15:53:29.819000,407.4761120587425,999
2024-09-17 15:53:29.927000,407.4976284034718,105
2024-09-17 15:53:30.033000,407.4903166999436,1003
2024-09-17 15:53:30.144000,407.48088952734577,11
2024-09-17 15:53:30.152000,407.4600208115266,11
2024-09-17 15:53:30.337000,407.4665929013395,15
2024-09-17 15:53:30.382000,407.4937558044447,105
2024-09-17 15:53:30.554000,407.4586620334168,5
2024-09-17 15:53:30.737000,407.49169783136233,103
2024-09-17 15:53:30.857000,407.4847474726306,10
2024-09-17 15:53:30.920000,407.4615709397369,6
2024-09-17 15:53:30.924000,407.4583277158922,96
2024-09-17 15:53:31.089000,407.4470523154651,102
2024-09-17 15:53:31.145000,407.4621978440805,8
2024-09-17 15:53:31.387000,407.4468656870821,8
2024-09-17 15:53:31.684000,407.4733659204551,96
2024-09-17 15:53:31.915000,407.4702091840495,96
2024-09-17 15:53:31.945000,407.4526887276695,96
2024-09-17 15:53:32.136000,407.4442216751165,1005
2024-09-17 15:53:32.335000,407.4392936412386,99
2024-09-17 15:53:32.611000,407.4627062994943,1001
2024-09-17 15:53:32.838000,407.4559881161343,12
2024-09-17 15:53:33.006000,407.4009066356329,995
2024-09-17 15:53:33.099000,407.3694017865628,997
2024-09-17 15:53:33.210000,407.3533454996419,12
2024-09-17 15:53:33.303000,407.355764476091,11
2024-09-17 15:53:33.304000,407.3737913483604,1004
2024-09-17 15:53:33.496000,407.4147077728495,5
2024-09-17 15:53:33.625000,407.35335101147024,998
2024-09-17 15:53:33.655000,407.34871489982805,997
2024-09-17 15:53:33.676000,407.35526977250254,96
2024-09-17 15:53:33.827000,407.3554222095229,8
2024-09-17 15:53:33.972000,407.361169745473,9
2024-09-17 15:53:33.983000,407.4290215708672,1004
2024-09-17 15:53:34.090000,414.668533992375,99
2024-09-17 15:53:34.183000,407.3764369565629,104
2024-09-17 15:53:34.205000,407.3766376604784,10
2024-09-17 15:53:34.237000,407.3787936928611,104
2024-09-17 15:53:34.257000,407.3594343714801,15
2024-09-17 15:53:34.268000,407.36941464491446,999
2024-09-17 15:53:34.316000,407.3641109349628,9
2024-09-17 15:53:34.378000,407.3615134249615,1001
2024-09-17 15:53:34.448000,407.3801592217488,100
2024-09-17 15:53:34.479000,407.3591083437762,101
2024-09-17 15:53:34.483000,407.3742834259992,995
2024-09-17 15:53:34.492000,407.3546632770252,1002
2024-09-17 15:53:34.538000,407.34930113489946,8
2024-09-17 15:53:34.543000,407.3669144527132,103
2024-09-17 15:53:34.552000,407.3600631279227,8
2024-09-17 15:53:34.622000,407.3982546851983,11
2024-09-17 15:53:34.673000,407.360391431104,995
2024-09-17 15:53:34.680000,407.3780542047044,1004
2024-09-17 15:53:34.787000,407.3839777107419,15
2024-09-17 15:53:34.930000,407.3801287789788,12
2024-09-17 15:53:34.966000,407.37138456776063,1001
2024-09-17 15:53:34.991000,407.3594634881517,1004
2024-09-17 15:53:35.076000,407.368882428514,10
2024-09-17 15:53:35.096000,407.3339537903688,7
2024-09-17 15:53:35.125000,407.36030257461294,8
2024-09-17 15:53:35.150000,407.3916964019639,1002
2024-09-17 15:53:35.322000,407.3966753990687,8
2024-09-17 15:53:35.457000,407.3920091867069,98
2024-09-17 15:53:35.526000,407.391394207633,997
2024-09-17 15:53:35.540000,407.3705665586777,12
2024-09-17 15:53:35.744000,407.38460147547806,7
2024-09-17 15:53:35.841000,407.3457327550524,1002
2024-09-17 15:53:35.908000,407.3480399419267,8
2024-09-17 15:53:36.030000,407.38772880671377,15
2024-09-17 15:53:36.034000,407.3361024899101,14
2024-09-17 15:53:36.091000,407.365386505522,1004
2024-09-17 15:53:36.283000,407.4018874971899,8
2024-09-17 15:53:36.382000,407.3987427473353,12
2024-09-17 15:53:36.447000,407.39433176586607,997
2024-09-17 15:53:36.469000,407.3900026731816,5
2024-09-17 15:53:36.477000,407.4029463145652,999
2024-09-17 15:53:36.504000,407.3681439438855,9
2024-09-17 15:53:36.606000,407.3957810594654,997
2024-09-17 15:53:36.621000,407.4003783131141,98
2024-09-17 15:53:36.849000,407.3440136628718,101
2024-09-17 15:53:36.888000,407.3534330014082,14
2024-09-17 15:53:36.924000,407.37473900125536,104
2024-09-17 15:53:36.969000,407.3856295324301,100
2024-09-17 15:53:37.030000,407.3608468438592,1002
2024-09-17 15:53:37.072000,407.39401211339776,1003
2024-09-17 15:53:37.110000,407.3823644472838,96
2024-09-17 15:53:37.142000,407.388442870026,101
2024-09-17 15:53:37.194000,407.3652029174981,1001
2024-09-17 15:53:37.203000,407.3758404089061,997
2024-09-17 15:53:37.268000,407.4038772388624,95
2024-09-17 15:53:37.298000,407.4137787649578,1005
2024-09-17 15:53:37.474000,407.3859417645608,104
2024-09-17 15:53:37.578000,407.3779461076543,98
2024-09-17 15:53:37.581000,407.4112253417219,13
2024-09-17 15:53:37.633000,407.4008610834245,7
2024-09-17 15:53:37.730000,407.38145585239823,100
2024-09-17 15:53:37.772000,407.3881973688672,8
2024-09-17 15:53:37.885000,407.3685713437378,996
2024-09-17 15:53:39.098000,407.4334293103036,101
2024-09-17 15:53:39.104000,407.4248754431756,12
2024-09-17 15:53:39.176000,407.4157320533604,6
2024-09-17 15:53:39.482000,407.3916000244734,5
2024-09-17 15:53:39.740000,407.4053926052191,997
2024-09-17 15:53:39.855000,407.404196226745,14
2024-09-17 15:53:40.215000,407.3940852629557,95
2024-09-17 15:53:40.669000,407.37670168900456,98
2024-09-17 15:53:41.025000,407.3730463574826,102
2024-09-17 15:53:41.153000,407.371809592887,104
2024-09-17 15:53:41.273000,407.3854987143886,7
2024-09-17 15:53:41.299000,407.3947914476716,96
2024-09-17 15:53:41.759000,407.384666208363,11
2024-09-17 15:53:42.007000,407.4141591395848,6
2024-09-17 15:53:42.008000,407.4170293889704,9
2024-09-17 15:53:42.033000,407.43608948472576,7
2024-09-17 15:53:42.033000,407.3744443845067,13
2024-09-17 15:53:42.097000,407.3739292714419,9
2024-09-17 15:53:42.113000,407.4077620149105,1000
2024-09-17 15:53:42.148000,407.4200435957999,97
2024-09-17 15:53:42.167000,407.3965571936968,100
2024-09-17 15:53:42.203000,407.4160018455166,10
2024-09-17 15:53:42.224000,407.41782842161575,999
2024-09-17 15:53:42.403000,407.40251515207154,100
2024-09-17 15:53:42.475000,407.4055970946968,103
2024-09-17 15:53:42.582000,407.42292370426736,13
2024-09-17 15:53:42.598000,407.37432261731146,5
2024-09-17 15:53:42.614000,407.4284251959654,104
2024-09-17 15:53:42.634000,407.400289246143,15
2024-09-17 15:53:42.671000,407.3953894428186,8
2024-09-17 15:53:42.684000,407.3727824346566,1004
2024-09-17 15:53:42.694000,407.400986965454,12
2024-09-17 15:53:42.755000,407.3717897529917,997
2024-09-17 15:53:42.825000,407.4298714529922,105
2024-09-17 15:53:42.835000,407.41575251551166,97
2024-09-17 15:53:42.838000,407.3767171582061,8
2024-09-17 15:53:42.850000,407.40323534369264,6
2024-09-17 15:53:42.868000,407.4109006149373,1000
2024-09-17 15:53:42.874000,407.3956210034714,97
2024-09-17 15:53:42.941000,407.38831572517546,13
2024-09-17 15:53:43.029000,407.3908148532984,1003
2024-09-17 15:53:43.127000,407.37343304880005,98
2024-09-17 15:53:43.197000,407.3892636535414,15
2024-09-17 15:53:43.287000,407.36147066326265,1000
2024-09-17 15:53:43.298000,407.38629822362446,103
2024-09-17 15:53:43.368000,407.3669711279635,96
2024-09-17 15:53:43.369000,407.3794489886606,996
2024-09-17 15:53:43.399000,407.36891917268,102
2024-09-17 15:53:43.417000,407.3776140134989,1004
2024-09-17 15:53:43.613000,407.3667858129143,9
2024-09-17 15:53:43.681000,407.3982092710119,100
2024-09-17 15:53:43.738000,407.3982706612924,10
2024-09-17 15:53:43.773000,407.3951403596286,1003
2024-09-17 15:53:43.806000,407.36999891212486,1002
2024-09-17 15:53:43.827000,407.394137592616,10
2024-09-17 15:53:43.833000,407.3738652760893,13
2024-09-17 15:53:43.856000,407.3708120023525,998
2024-09-17 15:53:43.864000,414.759788127054,101
2024-09-17 15:53:43.866000,407.37646194193087,96
2024-09-17 15:53:43.935000,407.3758984919533,995
2024-09-17 15:53:43.937000,407.3650573291165,1003
2024-09-17 15:53:44.149000,407.38871088200034,1004
2024-09-17 15:53:44.268000,407.3635273202162,104
2024-09-17 15:53:44.673000,414.81096241973177,8
2024-09-17 15:53:45.010000,407.4630610045589,102
2024-09-17 15:53:45.057000,407.3996038843407,10
2024-09-17 15:53:45.067000,407.4046178414287,7
2024-09-17 15:53:45.099000,407.4117376568118,100
2024-09-17 15:53:45.117000,407.4026993580183,1003
2024-09-17 15:53:45.283000,407.4475287471571,10
2024-09-17 15:53:45.290000,407.4425278605264,101
2024-09-17 15:53:45.313000,407.388746743314,1005
2024-09-17 15:53:45.357000,407.4337453964682,96
2024-09-17 15:53:45.451000,407.4207618069835,1005
2024-09-17 15:53:45.461000,407.3956554135698,9
2024-09-17 15:53:45.510000,407.385413069788,104
2024-09-17 15:53:45.584000,407.4526668640901,1005
2024-09-17 15:53:45.590000,407.4359272817829,10
2024-09-17 15:53:45.592000,407.39490487794046,8
2024-09-17 15:53:45.605000,407.39613209613503,11
2024-09-17 15:53:45.782000,407.3999073105296,9
2024-09-17 15:53:45.885000,407.40692415948325,1004
2024-09-17 15:53:45.911000,407.4284047185996,101
2024-09-17 15:53:45.946000,407.4044999159005,101
2024-09-17 15:53:45.950000,407.41878169530696,13
2024-09-17 15:53:46.488000,414.794751748227,1005
2024-09-17 15:53:46.806000,407.40132290816126,6
2024-09-17 15:53:46.816000,407.4099465898954,14
2024-09-17 15:53:47.102000,407.41688486064913,95
2024-09-17 15:53:47.148000,407.4170475063439,103
2024-09-17 15:53:47.242000,407.3722761769696,10
2024-09-17 15:53:47.297000,407.4029328096832,12
2024-09-17 15:53:47.388000,407.386110444719,99
2024-09-17 15:53:47.930000,407.39392502612696,7
2024-09-17 15:53:47.985000,407.37275994444747,1001
2024-09-17 15:53:48.067000,407.4015300952443,5
2024-09-17 15:53:48.143000,407.4099062503,998
2024-09-17 15:53:48.322000,407.4003185336081,101
2024-09-17 15:53:48.334000,407.4150965515839,1004
2024-09-17 15:53:48.341000,407.3937747954674,101
2024-09-17 15:53:48.402000,407.39071938219206,8
2024-09-17 15:53:48.552000,407.3987603849111,999
2024-09-17 15:53:48.586000,407.40487457971113,996
2024-09-17 15:53:48.646000,407.4162496573116,7
2024-09-17 15:53:48.665000,407.3977173207787,104
2024-09-17 15:53:48.959000,407.4031045536859,6
2024-09-17 15:53:48.974000,407.40224464229607,6
2024-09-17 15:53:48.995000,407.42704606387343,1000
2024-09-17 15:53:49.026000,407.3667596334136,1004
2024-09-17 15:53:49.076000,407.3764409724616,7
2024-09-17 15:53:49.090000,407.3707633857297,102
2024-09-17 15:53:49.137000,407.3732732965675,96
2024-09-17 15:53:49.146000,407.3798521871592,8
2024-09-17 15:53:49.153000,407.4016159263122,7
2024-09-17 15:53:49.175000,407.3768479978152,1002
2024-09-17 15:53:49.181000,407.38512826750815,14
2024-09-17 15:53:49.261000,407.3898850302678,8
2024-09-17 15:53:49.274000,407.3801174829068,995
2024-09-17 15:53:49.278000,407.4224992319789,8
2024-09-17 15:53:49.284000,407.39346284645393,105
2024-09-17 15:53:49.304000,407.38707367109487,11
2024-09-17 15:53:49.343000,407.4125966404659,12
2024-09-17 15:53:49.361000,407.3731287499357,105
2024-09-17 15:53:49.385000,407.3831253099349,102
2024-09-17 15:53:49.421000,407.4067729471261,1004
2024-09-17 15:53:49.584000,407.4018401420505,1004
2024-09-17 15:53:49.654000,407.371499529299,98
2024-09-17 15:53:49.693000,407.3724881182143,98
2024-09-17 15:53:49.753000,407.3873245129923,7
2024-09-17 15:53:49.763000,407.4028075798406,995
2024-09-17 15:53:49.779000,407.37821230270026,103
2024-09-17 15:53:49.840000,407.39293040938674,995
2024-09-17 15:53:49.888000,407.37789631625856,8
2024-09-17 15:53:49.952000,407.3689518323311,1004
2024-09-17 15:53:49.969000,407.3810307619203,14
2024-09-17 15:53:50.014000,407.38341559654026,97
2024-09-17 15:53:50.036000,407.39979617123294,99
2024-09-17 15:53:50.106000,407.3725067368949,7
2024-09-17 15:53:50.154000,407.3739887728637,101
2024-09-17 15:53:50.155000,407.39714048995984,1003
2024-09-17 15:53:50.192000,407.4025205788472,97
2024-09-17 15:53:50.244000,407.40694734003154,104
2024-09-17 15:53:50.271000,407.3829147975038,998
2024-09-17 15:53:50.289000,407.3842458882067,15
2024-09-17 15:53:50.290000,407.3959398549316,8
2024-09-17 15:53:50.302000,407.3905038706536,997
2024-09-17 15:53:50.393000,407.4233050711064,12
2024-09-17 15:53:50.475000,407.40571143742505,9
2024-09-17 15:53:50.503000,407.3980755596862,7
2024-09-17 15:53:50.567000,407.4100885565618,6
2024-09-17 15:53:50.734000,407.4122671923479,97
2024-09-17 15:53:50.853000,407.4086913334995,999
2024-09-17 15:53:50.897000,407.39681567980807,104
2024-09-17 15:53:50.915000,407.3968070918425,102
2024-09-17 15:53:50.929000,407.3787466492911,1005
2024-09-17 15:53:51.353000,407.3867994814297,11
2024-09-17 15:53:51.462000,407.371394662207,998
2024-09-17 15:53:51.551000,407.3747994913731,95
2024-09-17 15:53:51.609000,407.40008731576,8
2024-09-17 15:53:51.681000,407.36534633919655,101
2024-09-17 15:53:51.725000,407.36430851306096,14
2024-09-17 15:53:51.975000,407.4032232866347,99
2024-09-17 15:53:52.094000,407.3636999947782,9
2024-09-17 15:53:52.599000,407.3779991059131,1004
2024-09-17 15:53:52.645000,407.360548377386,96
2024-09-17 15:53:52.861000,407.3515029199642,1002
2024-09-17 15:53:53.007000,407.42580514817314,996
2024-09-17 15:53:53.069000,407.35408023965823,14
2024-09-17 15:53:53.118000,407.4590870386639,6
2024-09-17 15:53:53.237000,407.4322080983575,6
2024-09-17 15:53:53.238000,407.4981709770354,1005
2024-09-17 15:53:53.302000,407.4545866601887,11
2024-09-17 15:53:53.319000,407.4517354280224,996
2024-09-17 15:53:53.321000,407.4429360825628,9
2024-09-17 15:53:53.400000,407.4588490353028,96
2024-09-17 15:53:53.429000,407.4040861174539,13
2024-09-17 15:53:53.438000,407.405996424654,999
2024-09-17 15:53:53.452000,407.40053022675374,996
2024-09-17 15:53:53.454000,407.43559720689353,99
2024-09-17 15:53:53.472000,407.3616252705455,14
2024-09-17 15:53:53.546000,407.4287489428872,1005
2024-09-17 15:53:53.548000,407.4618962554161,103
2024-09-17 15:53:53.580000,407.4505571371845,1000
2024-09-17 15:53:53.687000,407.51984767793607,95
2024-09-17 15:53:53.789000,407.4876177818293,95
2024-09-17 15:53:53.863000,407.505397016899,104
2024-09-17 15:53:53.875000,407.37978369748487,1000
2024-09-17 15:53:53.939000,407.44688248258205,1005
2024-09-17 15:53:53.971000,407.42743707739055,6
2024-09-17 15:53:53.983000,407.4751077828116,98
2024-09-17 15:53:54.105000,407.4276007028121,103
2024-09-17 15:53:54.111000,407.43138084420514,9
2024-09-17 15:53:54.258000,407.43666918044784,13
2024-09-17 15:53:54.365000,407.43543124024126,6
2024-09-17 15:53:54.387000,407.44501040807177,102
2024-09-17 15:53:54.424000,407.4219040910743,15
2024-09-17 15:53:54.548000,407.45382908030376,5
2024-09-17 15:53:54.597000,407.4518573943899,7
2024-09-17 15:53:54.623000,407.489872141788,997
2024-09-17 15:53:54.723000,407.4454412871652,15
2024-09-17 15:53:54.753000,407.50217550994427,97
2024-09-17 15:53:54.798000,407.4706849715661,97
2024-09-17 15:53:54.852000,407.4685656600821,9
2024-09-17 15:53:54.903000,407.4325791079309,95
2024-09-17 15:53:55.038000,407.4195984345402,101
2024-09-17 15:53:55.044000,407.43943923913946,100
2024-09-17 15:53:55.074000,407.45541405791,8
2024-09-17 15:53:55.085000,407.4460188353178,1003
2024-09-17 15:53:55.187000,407.4243837676344,6
2024-09-17 15:53:55.228000,407.4550578147801,1004
2024-09-17 15:53:55.298000,407.422933485475,102
2024-09-17 15:53:55.327000,407.4569034548206,98
2024-09-17 15:53:55.431000,407.4672325790458,97
2024-09-17 15:53:55.536000,407.4149759728064,98
2024-09-17 15:53:55.666000,407.4645652244377,997
2024-09-17 15:53:55.726000,407.4459062200115,998
2024-09-17 15:53:55.728000,407.4548599041384,101
2024-09-17 15:53:55.905000,407.4368882897553,14
2024-09-17 15:53:55.959000,407.4463543838841,998
2024-09-17 15:53:55.967000,407.4217604453456,13
2024-09-17 15:53:56.018000,407.4307133673117,8
2024-09-17 15:53:56.057000,407.4218044004996,13
2024-09-17 15:53:56.076000,407.43736348819857,15
2024-09-17 15:53:56.091000,407.5211452465461,14
2024-09-17 15:53:56.095000,407.4988003043632,95
2024-09-17 15:53:56.121000,407.5229520600103,101
2024-09-17 15:53:56.140000,407.4321903122177,997
2024-09-17 15:53:56.141000,407.41606617688666,995
2024-09-17 15:53:56.143000,407.4400790906767,104
2024-09-17 15:53:56.227000,407.42970623860447,7
2024-09-17 15:53:56.372000,407.4787108554148,104
2024-09-17 15:53:56.390000,407.4026219253676,5
2024-09-17 15:53:56.432000,407.4590414462357,1004
2024-09-17 15:53:56.493000,407.4885297721343,1000
2024-09-17 15:53:56.523000,407.4371495123493,98
2024-09-17 15:53:56.629000,407.4336678944101,101
2024-09-17 15:53:56.645000,407.5086464193084,7
2024-09-17 15:53:56.655000,407.5238648327901,10
2024-09-17 15:53:56.736000,407.46769856880326,104
2024-09-17 15:53:56.804000,407.5130699589354,97
2024-09-17 15:53:56.820000,407.4411348518676,1000
2024-09-17 15:53:56.844000,407.4682658855508,11
2024-09-17 15:53:56.897000,407.4560017425924,105
2024-09-17 15:53:56.914000,407.4049161866543,96
2024-09-17 15:53:56.979000,407.5182457121044,103
2024-09-17 15:53:56.990000,407.47531186597615,998
2024-09-17 15:53:57.046000,407.5340952724632,1005
2024-09-17 15:53:57.148000,407.5386000688686,1002
2024-09-17 15:53:57.276000,414.7068761159754,103
2024-09-17 15:53:57.331000,407.54440920326994,97
2024-09-17 15:53:57.401000,407.5346403462977,104
2024-09-17 15:53:57.528000,407.5335245244264,996
2024-09-17 15:53:57.532000,407.532063424989,10
2024-09-17 15:53:57.601000,407.5696648179835,99
2024-09-17 15:53:57.636000,407.53076658231765,8
2024-09-17 15:53:57.798000,407.5271254902469,96
2024-09-17 15:53:58.030000,407.5255466148092,11
2024-09-17 15:53:58.044000,407.5448359121687,14
2024-09-17 15:53:58.088000,407.5238977842115,1005
2024-09-17 15:53:58.134000,407.5422878391808,996
2024-09-17 15:53:58.152000,407.53660116006375,1000
2024-09-17 15:53:58.193000,407.52614435111127,9
2024-09-17 15:53:58.198000,407.56670306973706,7
2024-09-17 15:53:58.288000,407.5101979695067,5
2024-09-17 15:53:58.289000,407.5383493821506,6
2024-09-17 15:53:58.295000,407.5586988804329,995
2024-09-17 15:53:58.304000,407.5358561162267,999
2024-09-17 15:53:58.375000,407.5887851548756,12
2024-09-17 15:53:58.389000,407.5198217467745,998
2024-09-17 15:53:58.395000,407.5407027546124,99
2024-09-17 15:53:58.481000,407.50327602035054,996
2024-09-17 15:53:58.485000,407.5739701578594,7
2024-09-17 15:53:58.496000,407.5746706248068,9
2024-09-17 15:53:58.552000,407.5163707104247,6
2024-09-17 15:53:58.563000,407.531601966195,104
2024-09-17 15:53:58.631000,407.5386319893684,996
2024-09-17 15:53:58.633000,407.5318535690243,104
2024-09-17 15:53:58.713000,407.53860517370254,996
2024-09-17 15:53:58.765000,407.5427483665039,5
2024-09-17 15:53:58.818000,407.517406537723,7
2024-09-17 15:53:58.871000,407.5743508296102,97
2024-09-17 15:53:58.887000,407.50991359612897,105
2024-09-17 15:53:58.957000,407.5285744602023,9
2024-09-17 15:53:58.977000,407.5315370362919,96
2024-09-17 15:53:59.057000,407.52479462139576,96
2024-09-17 15:53:59.180000,407.5331937599912,1003
2024-09-17 15:53:59.191000,407.5050622086412,996
2024-09-17 15:53:59.258000,407.5009186764848,7
2024-09-17 15:53:59.336000,407.4915233218796,13
2024-09-17 15:53:59.377000,407.5575349391773,1005
2024-09-17 15:53:59.395000,407.50085823315504,101
2024-09-17 15:53:59.423000,407.5409356065563,98
2024-09-17 15:53:59.439000,407.5401636327436,996
2024-09-17 15:53:59.523000,407.5530913653325,104
2024-09-17 15:53:59.548000,407.5374575966274,1003
2024-09-17 15:53:59.573000,407.5327041366561,97
2024-09-17 15:53:59.575000,407.5378087294757,10
2024-09-17 15:53:59.609000,407.5511812586994,995
2024-09-17 15:53:59.648000,407.5104462391735,995
2024-09-17 15:53:59.666000,407.5375510980965,997
2024-09-17 15:53:59.692000,407.5403332408426,14
2024-09-17 15:53:59.715000,407.5292727955999,6
2024-09-17 15:53:59.734000,407.5304997548112,97
2024-09-17 15:53:59.814000,407.55853271903146,100
2024-09-17 15:53:59.878000,407.5361778503319,101
2024-09-17 15:53:59.949000,407.5501816023519,7
2024-09-17 15:53:59.988000,407.5372026192573,13
2024-09-17 15:53:59.996000,407.5165044834933,8
