Timestamp,Price,Size
2024-09-20 12:31:00.074000,428.392353687579,98
2024-09-20 12:31:00.389000,428.3760291013986,12
2024-09-20 12:31:00.405000,428.3899094627996,11
2024-09-20 12:31:00.662000,428.3975362758586,15
2024-09-20 12:31:00.808000,428.3922796797147,96
2024-09-20 12:31:00.841000,428.3732567861501,997
2024-09-20 12:31:00.884000,428.36952728435097,97
2024-09-20 12:31:01.135000,428.4079608753792,95
2024-09-20 12:31:01.573000,428.3965911644651,1004
2024-09-20 12:31:01.618000,428.4355219313486,15
2024-09-20 12:31:01.839000,428.4045535962327,100
2024-09-20 12:31:02.270000,428.435572394904,7
2024-09-20 12:31:02.586000,428.4269914465578,97
2024-09-20 12:31:03.082000,428.4479971793302,103
2024-09-20 12:31:03.101000,428.4479936146812,996
2024-09-20 12:31:03.246000,428.43568248488384,103
2024-09-20 12:31:03.262000,428.3900982749432,10
2024-09-20 12:31:03.280000,428.3958619506947,13
2024-09-20 12:31:03.294000,428.3949400060621,1005
2024-09-20 12:31:03.308000,428.4320803856782,99
2024-09-20 12:31:03.365000,428.427309337486,1004
2024-09-20 12:31:03.393000,428.3680877329074,1003
2024-09-20 12:31:03.395000,428.40814969503015,12
2024-09-20 12:31:03.403000,428.4343355702951,1003
2024-09-20 12:31:03.418000,428.4022007785456,1000
2024-09-20 12:31:03.430000,428.40793719008406,8
2024-09-20 12:31:03.480000,428.4052374136681,102
2024-09-20 12:31:03.513000,428.4323829218181,95
2024-09-20 12:31:03.571000,428.4238917599527,11
2024-09-20 12:31:03.613000,428.38499097394094,996
2024-09-20 12:31:03.643000,428.4231260404064,1004
2024-09-20 12:31:03.656000,428.445785828819,996
2024-09-20 12:31:03.744000,428.3951664066646,100
2024-09-20 12:31:03.769000,428.43561704170594,105
2024-09-20 12:31:03.775000,428.43829831016353,1001
2024-09-20 12:31:03.806000,428.43612764527927,100
2024-09-20 12:31:03.854000,428.427346921636,999
2024-09-20 12:31:03.866000,428.4019126320259,14
2024-09-20 12:31:03.888000,428.4371049101977,98
2024-09-20 12:31:03.942000,428.4053790965436,97
2024-09-20 12:31:03.984000,428.4441590286684,1001
2024-09-20 12:31:04.038000,428.4082828685257,102
2024-09-20 12:31:04.055000,428.4037655795872,105
2024-09-20 12:31:04.175000,428.3937344245404,996
2024-09-20 12:31:04.197000,428.4193479529183,1000
2024-09-20 12:31:04.204000,428.3796906057727,95
2024-09-20 12:31:04.213000,428.4063620573448,103
2024-09-20 12:31:04.217000,428.3835071881823,99
2024-09-20 12:31:04.222000,428.3931064705412,14
2024-09-20 12:31:04.222000,428.3787877254211,1002
2024-09-20 12:31:04.232000,428.4062928558977,13
2024-09-20 12:31:04.355000,428.3738607516043,1003
2024-09-20 12:31:04.458000,428.3790736662538,6
2024-09-20 12:31:04.550000,428.4137396964309,98
2024-09-20 12:31:04.721000,428.38606939822864,9
2024-09-20 12:31:04.754000,428.4107542442071,103
2024-09-20 12:31:04.757000,428.4039309475735,9
2024-09-20 12:31:04.760000,428.4095050592063,8
2024-09-20 12:31:04.857000,428.37901818298496,98
2024-09-20 12:31:04.899000,428.3844305288561,1001
2024-09-20 12:31:04.917000,428.3878682142704,9
2024-09-20 12:31:04.969000,428.3975970633527,100
2024-09-20 12:31:05.457000,428.4129078011525,1005
2024-09-20 12:31:05.764000,428.4104866006674,6
2024-09-20 12:31:05.782000,428.4125748375851,15
2024-09-20 12:31:06.004000,428.45192182775713,8
2024-09-20 12:31:06.012000,428.4441112470757,7
2024-09-20 12:31:06.026000,428.4781751472024,102
2024-09-20 12:31:06.084000,428.4875810725511,999
2024-09-20 12:31:06.148000,428.4509019911904,103
2024-09-20 12:31:06.180000,428.4345469067986,1005
2024-09-20 12:31:06.257000,428.4423518971456,1003
2024-09-20 12:31:06.294000,428.4750769161116,99
2024-09-20 12:31:06.319000,428.43533255910165,98
2024-09-20 12:31:06.342000,428.4243633249413,5
2024-09-20 12:31:06.404000,428.47349978209553,15
2024-09-20 12:31:06.427000,428.47279986441794,14
2024-09-20 12:31:06.460000,428.4298075176882,96
2024-09-20 12:31:06.468000,428.4637468542071,97
2024-09-20 12:31:06.491000,428.4596645670005,7
2024-09-20 12:31:06.570000,428.49688887569965,100
2024-09-20 12:31:06.588000,428.450835089856,1003
2024-09-20 12:31:06.640000,428.4931295614639,11
2024-09-20 12:31:06.679000,428.4594155647047,8
2024-09-20 12:31:06.682000,428.4735373422603,102
2024-09-20 12:31:06.697000,428.435460230692,998
2024-09-20 12:31:06.744000,428.4540132314566,104
2024-09-20 12:31:06.769000,428.4166251344432,11
2024-09-20 12:31:06.770000,428.4800422082977,5
2024-09-20 12:31:06.897000,428.4443495861631,99
2024-09-20 12:31:06.986000,428.49024583079887,13
2024-09-20 12:31:07.005000,428.3641734220215,98
2024-09-20 12:31:07.047000,428.414882384673,11
2024-09-20 12:31:07.060000,428.4120936524748,1002
2024-09-20 12:31:07.133000,428.3676883039198,100
2024-09-20 12:31:07.251000,428.3726765440457,6
2024-09-20 12:31:07.601000,428.353609665066,104
2024-09-20 12:31:07.611000,428.38557234442015,995
2024-09-20 12:31:07.650000,428.3954978532354,997
2024-09-20 12:31:07.680000,428.4137688067245,102
2024-09-20 12:31:07.749000,428.40188536592734,1004
2024-09-20 12:31:07.753000,428.3514778453562,12
2024-09-20 12:31:07.854000,428.3643179084556,101
2024-09-20 12:31:07.869000,428.4101624320713,11
2024-09-20 12:31:07.929000,428.4186958794766,997
2024-09-20 12:31:07.939000,428.3665751725295,97
2024-09-20 12:31:08.103000,428.3929492638243,103
2024-09-20 12:31:08.161000,428.3593012510291,13
2024-09-20 12:31:08.182000,428.381166895197,7
2024-09-20 12:31:08.222000,428.3962879736847,10
2024-09-20 12:31:08.355000,428.3713723937081,1001
2024-09-20 12:31:08.417000,428.3746214374391,104
2024-09-20 12:31:08.668000,428.3756052258132,14
2024-09-20 12:31:08.787000,428.3785907964718,995
2024-09-20 12:31:08.840000,428.3597034403616,102
2024-09-20 12:31:08.866000,428.3864934473581,996
2024-09-20 12:31:08.940000,428.37864435681496,15
2024-09-20 12:31:09.391000,428.3989775747736,1001
2024-09-20 12:31:09.838000,428.38867985771975,97
2024-09-20 12:31:10.415000,428.3953909915392,95
2024-09-20 12:31:10.700000,428.3982529798326,101
2024-09-20 12:31:10.809000,428.40279635939504,1003
2024-09-20 12:31:11.020000,428.44283683806486,1001
2024-09-20 12:31:11.074000,428.415578520152,98
2024-09-20 12:31:11.110000,428.4534702527884,99
2024-09-20 12:31:11.154000,428.4473523584357,998
2024-09-20 12:31:11.156000,428.4816147075791,11
2024-09-20 12:31:11.180000,428.3900425336297,6
2024-09-20 12:31:11.190000,428.3927865308375,99
2024-09-20 12:31:11.225000,428.3989755224663,1002
2024-09-20 12:31:11.286000,428.4937448847983,1003
2024-09-20 12:31:11.293000,428.45985792455895,999
2024-09-20 12:31:11.326000,428.41415369856014,102
2024-09-20 12:31:11.358000,428.4080688389434,100
2024-09-20 12:31:11.432000,428.4694080717418,999
2024-09-20 12:31:11.474000,428.4662828825271,996
2024-09-20 12:31:11.478000,428.42578664246577,98
2024-09-20 12:31:11.535000,428.42407841711713,97
2024-09-20 12:31:11.585000,428.4805501791888,997
2024-09-20 12:31:11.602000,428.4506475191318,9
2024-09-20 12:31:11.622000,428.41747335423344,100
2024-09-20 12:31:11.673000,428.4783084106447,11
2024-09-20 12:31:11.764000,428.39498442131753,995
2024-09-20 12:31:11.794000,428.4208328223464,996
2024-09-20 12:31:11.860000,428.3960077011149,1003
2024-09-20 12:31:11.892000,428.42170430254725,97
2024-09-20 12:31:11.896000,428.38098238786,97
2024-09-20 12:31:11.968000,428.4357421204467,1005
2024-09-20 12:31:11.968000,428.48180438711705,997
2024-09-20 12:31:11.982000,428.4746570184645,11
2024-09-20 12:31:13.121000,428.4611179618482,97
2024-09-20 12:31:13.125000,428.4282546597813,105
2024-09-20 12:31:13.126000,428.477174477654,104
2024-09-20 12:31:13.158000,428.4426846779367,1002
2024-09-20 12:31:13.178000,428.4750596319976,10
2024-09-20 12:31:13.211000,428.4491921637902,14
2024-09-20 12:31:13.223000,428.4634361605016,999
2024-09-20 12:31:13.300000,428.45100862770033,1002
2024-09-20 12:31:13.379000,428.47689810318496,1001
2024-09-20 12:31:13.409000,428.4277983329491,12
2024-09-20 12:31:13.506000,428.4723304815626,11
2024-09-20 12:31:13.521000,428.4680173041527,99
2024-09-20 12:31:13.606000,428.4543368691819,1002
2024-09-20 12:31:13.614000,428.43450314971744,95
2024-09-20 12:31:13.716000,428.4505084252218,105
2024-09-20 12:31:13.729000,428.48835911806674,998
2024-09-20 12:31:13.740000,428.4620735318327,97
2024-09-20 12:31:13.775000,428.4388764279926,105
2024-09-20 12:31:13.823000,428.4157983803216,5
2024-09-20 12:31:13.880000,428.42008458022696,13
2024-09-20 12:31:13.884000,428.45444383232825,101
2024-09-20 12:31:13.898000,428.47076808430313,105
2024-09-20 12:31:13.907000,428.4711035121164,10
2024-09-20 12:31:13.911000,428.4185514480668,1001
2024-09-20 12:31:13.920000,428.45666963917193,1005
2024-09-20 12:31:14.028000,428.4375643895389,998
2024-09-20 12:31:14.418000,428.4351928303931,99
2024-09-20 12:31:14.502000,428.4540045594503,15
2024-09-20 12:31:14.519000,428.4459309716156,101
2024-09-20 12:31:14.641000,428.43320699952994,105
2024-09-20 12:31:14.702000,428.4282643537014,1000
2024-09-20 12:31:14.809000,428.4274849346741,1004
2024-09-20 12:31:15.200000,428.41337565616254,96
2024-09-20 12:31:15.448000,428.4355083714009,5
2024-09-20 12:31:15.573000,428.4197434156685,104
2024-09-20 12:31:15.675000,428.4382192963896,103
2024-09-20 12:31:15.748000,428.4361502083201,999
2024-09-20 12:31:15.790000,428.4379648029458,15
2024-09-20 12:31:15.846000,428.42028534985513,5
2024-09-20 12:31:15.916000,428.4423489202909,1000
2024-09-20 12:31:16.010000,428.4285293070507,999
2024-09-20 12:31:16.100000,428.4470573507157,7
2024-09-20 12:31:16.133000,428.422357290078,14
2024-09-20 12:31:16.143000,428.4641014113429,999
2024-09-20 12:31:16.153000,428.420068298968,1003
2024-09-20 12:31:16.166000,428.4316356331203,1003
2024-09-20 12:31:16.203000,428.4460891949423,996
2024-09-20 12:31:16.294000,428.4407144536745,997
2024-09-20 12:31:16.302000,428.44041789387546,105
2024-09-20 12:31:16.351000,428.423584119746,11
2024-09-20 12:31:16.360000,428.4511545516129,100
2024-09-20 12:31:16.437000,428.4379099738505,1004
2024-09-20 12:31:16.470000,428.4148965609697,996
2024-09-20 12:31:16.502000,428.4501073402967,102
2024-09-20 12:31:16.522000,428.4514911208493,11
2024-09-20 12:31:16.541000,428.4558984688992,7
2024-09-20 12:31:16.780000,428.4284866492936,8
2024-09-20 12:31:16.789000,428.4493086041073,10
2024-09-20 12:31:16.826000,428.44372294923824,15
2024-09-20 12:31:16.890000,428.4337625406023,104
2024-09-20 12:31:16.899000,428.4569219257424,98
2024-09-20 12:31:17.458000,428.4724575426076,1004
2024-09-20 12:31:17.609000,428.47428650591934,13
2024-09-20 12:31:17.623000,428.47528761870456,13
2024-09-20 12:31:17.693000,428.4680318565019,100
2024-09-20 12:31:18.007000,428.46811950941606,13
2024-09-20 12:31:18.062000,428.4617549679821,97
2024-09-20 12:31:18.084000,428.4768835039748,13
2024-09-20 12:31:18.138000,428.5369111811561,101
2024-09-20 12:31:18.471000,428.5339436846076,6
2024-09-20 12:31:18.633000,428.519769438454,105
2024-09-20 12:31:18.682000,428.5243056492836,98
2024-09-20 12:31:18.701000,428.55110448498976,7
2024-09-20 12:31:18.755000,428.4999010324863,11
2024-09-20 12:31:18.900000,428.5034840669791,104
2024-09-20 12:31:18.941000,428.489955209957,101
2024-09-20 12:31:19.092000,428.5325170641487,13
2024-09-20 12:31:19.145000,428.52033478672575,1005
2024-09-20 12:31:19.189000,428.5141216948165,1000
2024-09-20 12:31:19.382000,428.52209542647535,97
2024-09-20 12:31:19.393000,428.5330589039877,11
2024-09-20 12:31:19.723000,428.5313582259745,10
2024-09-20 12:31:19.866000,428.5169246635355,1003
2024-09-20 12:31:19.884000,428.5322996190369,1004
2024-09-20 12:31:20.066000,428.5266871777942,8
2024-09-20 12:31:20.511000,428.4958600447641,105
2024-09-20 12:31:20.795000,428.5100768530564,97
2024-09-20 12:31:21.009000,428.4566132270877,9
2024-09-20 12:31:21.011000,428.4796407213992,6
2024-09-20 12:31:21.016000,428.4232897754868,9
2024-09-20 12:31:21.020000,428.4352044872351,10
2024-09-20 12:31:21.025000,428.4440615386149,998
2024-09-20 12:31:21.027000,428.40158545310027,98
2024-09-20 12:31:21.082000,428.510948456527,103
2024-09-20 12:31:21.108000,428.4856613943492,12
2024-09-20 12:31:21.146000,428.4214802659071,995
2024-09-20 12:31:21.165000,428.4967821903855,6
2024-09-20 12:31:21.175000,428.4929184109498,14
2024-09-20 12:31:21.182000,428.4122144530689,98
2024-09-20 12:31:21.192000,428.4260952299322,10
2024-09-20 12:31:21.235000,428.4670532030242,12
2024-09-20 12:31:21.388000,428.4520317257426,7
2024-09-20 12:31:21.562000,428.4708319472885,995
2024-09-20 12:31:21.571000,428.4179112907529,1003
2024-09-20 12:31:21.578000,428.4455552865504,7
2024-09-20 12:31:21.610000,428.51309097097584,6
2024-09-20 12:31:21.613000,428.5231850108896,104
2024-09-20 12:31:21.671000,428.4452401245061,5
2024-09-20 12:31:21.698000,428.5125453648191,8
2024-09-20 12:31:21.812000,428.4288870984941,1000
2024-09-20 12:31:21.829000,428.4994219362411,7
2024-09-20 12:31:21.865000,428.5006734390551,10
2024-09-20 12:31:21.886000,428.4070319315087,1004
2024-09-20 12:31:22.017000,428.412904173241,15
2024-09-20 12:31:22.099000,428.41575177893225,13
2024-09-20 12:31:22.167000,428.4176675716001,1000
2024-09-20 12:31:22.252000,428.44666040574486,1005
2024-09-20 12:31:22.294000,428.43194946415775,105
2024-09-20 12:31:22.442000,428.4358431621957,8
2024-09-20 12:31:22.460000,428.4357751945978,1000
2024-09-20 12:31:22.586000,428.4393023117411,1004
2024-09-20 12:31:22.606000,428.43523771874976,996
2024-09-20 12:31:22.704000,428.4260751079444,13
2024-09-20 12:31:22.717000,428.44028025957255,1005
2024-09-20 12:31:22.808000,428.43510851308633,1001
2024-09-20 12:31:22.854000,428.4267498073695,1000
2024-09-20 12:31:22.864000,428.4461071011412,96
2024-09-20 12:31:22.940000,428.42473364052654,998
2024-09-20 12:31:22.992000,428.45490444052194,1000
2024-09-20 12:31:23.461000,428.423652087996,1004
2024-09-20 12:31:23.504000,428.39636871500176,6
2024-09-20 12:31:23.508000,428.400271109766,8
2024-09-20 12:31:23.600000,428.33552843743576,95
2024-09-20 12:31:23.719000,428.3325490899013,1004
2024-09-20 12:31:23.862000,428.40924822365633,11
2024-09-20 12:31:23.910000,428.3944240486066,1000
2024-09-20 12:31:23.930000,428.379689783088,7
2024-09-20 12:31:23.936000,428.4170583669671,12
2024-09-20 12:31:23.971000,428.42356861603486,14
2024-09-20 12:31:24.060000,428.3758114393957,996
2024-09-20 12:31:24.095000,428.3690334753436,102
2024-09-20 12:31:24.166000,428.33653980220777,1000
2024-09-20 12:31:24.184000,428.3368044659928,101
2024-09-20 12:31:24.228000,428.3388398943085,1004
2024-09-20 12:31:24.307000,428.325452593777,7
2024-09-20 12:31:24.333000,428.3515148509504,1003
2024-09-20 12:31:24.375000,428.3245070256668,12
2024-09-20 12:31:24.391000,428.3383943305777,8
2024-09-20 12:31:24.638000,428.3067750968655,103
2024-09-20 12:31:24.680000,428.3453413944347,10
2024-09-20 12:31:24.686000,428.34744646338993,13
2024-09-20 12:31:25.248000,428.34372082082587,95
2024-09-20 12:31:25.418000,428.3711183587337,6
2024-09-20 12:31:25.528000,428.3526179299112,7
2024-09-20 12:31:25.582000,428.3625322642449,10
2024-09-20 12:31:25.583000,428.33438511268815,97
2024-09-20 12:31:25.742000,428.3752325928292,999
2024-09-20 12:31:25.843000,428.3301143600247,7
2024-09-20 12:31:25.860000,428.35641036285296,96
2024-09-20 12:31:25.912000,428.3664767456954,5
2024-09-20 12:31:25.917000,428.34010273603707,995
2024-09-20 12:31:26,428.3153598777687,95
2024-09-20 12:31:26.021000,428.3740939688869,12
2024-09-20 12:31:26.023000,428.3348878165976,1005
2024-09-20 12:31:26.069000,428.3124374551487,10
2024-09-20 12:31:26.129000,428.375602444817,105
2024-09-20 12:31:26.206000,428.31206040128,101
2024-09-20 12:31:26.318000,428.32959728664383,1002
2024-09-20 12:31:26.343000,428.3783778139872,96
2024-09-20 12:31:26.349000,428.321720955423,1005
2024-09-20 12:31:26.353000,428.3142867325504,8
2024-09-20 12:31:26.475000,428.33160114115856,10
2024-09-20 12:31:26.516000,428.3102251215551,105
2024-09-20 12:31:26.554000,428.3107224466208,10
2024-09-20 12:31:26.583000,428.3587769227009,1003
2024-09-20 12:31:26.593000,428.3649701667673,9
2024-09-20 12:31:26.595000,428.3198205595244,995
2024-09-20 12:31:26.618000,428.2915132623196,8
2024-09-20 12:31:26.682000,428.31949041776096,101
2024-09-20 12:31:26.767000,428.336808065922,96
2024-09-20 12:31:26.780000,428.31068057233153,11
2024-09-20 12:31:26.823000,428.32812722623225,8
2024-09-20 12:31:26.844000,428.3111360095649,98
2024-09-20 12:31:27.105000,428.3949490341424,10
2024-09-20 12:31:27.159000,428.3952113704747,105
2024-09-20 12:31:27.226000,428.3585603564711,96
2024-09-20 12:31:27.370000,428.3589820007651,102
2024-09-20 12:31:27.388000,428.4209238781799,10
2024-09-20 12:31:27.401000,428.4124159542949,12
2024-09-20 12:31:27.443000,428.3662855423349,102
2024-09-20 12:31:27.465000,428.3710920094684,9
2024-09-20 12:31:27.490000,428.4313562828904,102
2024-09-20 12:31:27.518000,428.39903734945386,997
2024-09-20 12:31:27.553000,428.3533805647365,13
2024-09-20 12:31:27.601000,428.353672773135,99
2024-09-20 12:31:27.785000,428.3751900246074,105
2024-09-20 12:31:27.842000,428.36250009935225,998
2024-09-20 12:31:27.866000,428.3943023193818,103
2024-09-20 12:31:27.921000,428.3672856266029,14
2024-09-20 12:31:28.012000,428.3080995793479,14
2024-09-20 12:31:28.022000,428.3645458110848,995
2024-09-20 12:31:28.074000,428.33504141065566,1001
2024-09-20 12:31:28.166000,428.323511422029,99
2024-09-20 12:31:28.181000,428.33710553868826,101
2024-09-20 12:31:28.200000,428.3151308977424,8
2024-09-20 12:31:28.201000,428.3504799486421,997
2024-09-20 12:31:28.211000,428.33117361260565,1001
2024-09-20 12:31:28.212000,428.3349111485417,1002
2024-09-20 12:31:28.216000,428.3251528355033,1004
2024-09-20 12:31:28.246000,428.3159604675172,996
2024-09-20 12:31:28.250000,428.3430808991148,1000
2024-09-20 12:31:28.252000,428.3269527207596,13
2024-09-20 12:31:28.337000,428.3053692275531,1005
2024-09-20 12:31:28.353000,428.3257862042369,98
2024-09-20 12:31:28.366000,428.3489803500108,99
2024-09-20 12:31:28.494000,428.322691655435,997
2024-09-20 12:31:28.548000,428.3326422096711,103
2024-09-20 12:31:28.563000,428.3566326911537,103
2024-09-20 12:31:28.753000,428.3559685594704,101
2024-09-20 12:31:28.758000,428.3107992840791,104
2024-09-20 12:31:28.793000,428.32766213950606,1005
2024-09-20 12:31:28.821000,428.3522937720413,5
2024-09-20 12:31:28.826000,428.3056333231935,97
2024-09-20 12:31:28.881000,428.314236658035,995
2024-09-20 12:31:28.900000,428.3038140191995,1003
2024-09-20 12:31:28.933000,428.324818281418,14
2024-09-20 12:31:28.968000,428.3380662398104,105
2024-09-20 12:31:28.982000,428.34923060604,98
2024-09-20 12:31:29.314000,428.33824179891536,999
2024-09-20 12:31:29.322000,428.3414436181636,102
2024-09-20 12:31:29.374000,428.3897226447996,1002
2024-09-20 12:31:29.562000,428.3430270174706,1000
2024-09-20 12:31:29.564000,428.3391535556118,1003
2024-09-20 12:31:29.574000,428.3463961098511,998
2024-09-20 12:31:29.588000,428.3543808539501,96
2024-09-20 12:31:29.626000,428.3295626314777,102
2024-09-20 12:31:29.690000,428.3436755905148,8
2024-09-20 12:31:29.726000,428.3116876617912,15
2024-09-20 12:31:29.751000,428.3348934415644,5
2024-09-20 12:31:29.936000,428.3669733916317,102
2024-09-20 12:31:29.940000,428.32225107145393,13
2024-09-20 12:31:29.955000,428.3897648133622,14
2024-09-20 12:31:30.075000,428.339758295697,105
2024-09-20 12:31:30.098000,428.3333870860144,15
2024-09-20 12:31:30.161000,428.3293252784592,96
2024-09-20 12:31:30.188000,428.3383484402687,1000
2024-09-20 12:31:30.278000,428.2916155760251,96
2024-09-20 12:31:30.285000,428.3237904521876,10
2024-09-20 12:31:30.335000,428.3399888370896,15
2024-09-20 12:31:30.352000,428.3418547163211,101
2024-09-20 12:31:30.390000,428.3623063441236,1001
2024-09-20 12:31:30.456000,428.3054013300491,5
2024-09-20 12:31:30.457000,428.3380620606967,13
2024-09-20 12:31:30.459000,428.337908534006,105
2024-09-20 12:31:30.485000,428.31495996489326,5
2024-09-20 12:31:30.509000,428.3336515093629,105
2024-09-20 12:31:30.529000,428.3325849852497,1005
2024-09-20 12:31:30.537000,428.3329692116509,1005
2024-09-20 12:31:30.582000,428.3277622405511,101
2024-09-20 12:31:30.619000,428.3216209495975,13
2024-09-20 12:31:30.669000,428.3567956653315,1002
2024-09-20 12:31:30.753000,428.3368095039049,1002
2024-09-20 12:31:30.793000,428.33153279587873,11
2024-09-20 12:31:30.796000,428.3438135510957,10
2024-09-20 12:31:30.821000,428.3479419263692,102
2024-09-20 12:31:30.904000,428.3355420682316,96
2024-09-20 12:31:30.907000,428.3282112738533,1004
2024-09-20 12:31:30.910000,428.3756925113432,104
2024-09-20 12:31:30.969000,428.32216664856736,10
2024-09-20 12:31:31.019000,428.314468295266,1005
2024-09-20 12:31:31.025000,428.32514961836006,998
2024-09-20 12:31:31.255000,428.3330592880301,1004
2024-09-20 12:31:31.269000,428.3009248855013,101
2024-09-20 12:31:31.380000,428.3356775709121,100
2024-09-20 12:31:31.563000,428.3059772865403,1005
2024-09-20 12:31:31.746000,428.3287809827231,8
2024-09-20 12:31:31.821000,428.32907146116327,1001
2024-09-20 12:31:32.544000,428.27568969314177,10
2024-09-20 12:31:32.714000,428.2655052765116,1002
2024-09-20 12:31:32.884000,428.279496344948,1003
2024-09-20 12:31:33.039000,428.20842599411054,6
2024-09-20 12:31:33.151000,428.2761664818962,997
2024-09-20 12:31:33.207000,428.2536086914472,10
2024-09-20 12:31:33.473000,428.2456007474946,998
2024-09-20 12:31:33.573000,428.2558406240121,102
2024-09-20 12:31:33.582000,428.2603873818557,103
2024-09-20 12:31:33.595000,428.2655047412847,104
2024-09-20 12:31:33.746000,428.2448250193481,10
2024-09-20 12:31:33.944000,428.2289044046264,15
2024-09-20 12:31:33.981000,428.26155410461234,14
2024-09-20 12:31:34.479000,428.2701589836224,95
2024-09-20 12:31:34.717000,428.24358392633167,11
2024-09-20 12:31:35.181000,428.2716992392748,1003
2024-09-20 12:31:35.214000,428.340006131841,99
2024-09-20 12:31:35.226000,428.30102104412254,998
2024-09-20 12:31:35.481000,428.29934802883946,997
2024-09-20 12:31:35.497000,428.3041375466212,11
2024-09-20 12:31:35.596000,428.3363503549416,96
2024-09-20 12:31:35.619000,428.31146447122126,8
2024-09-20 12:31:35.633000,428.2938136868245,105
2024-09-20 12:31:35.647000,428.2754807302495,102
2024-09-20 12:31:35.667000,428.2914628819703,997
2024-09-20 12:31:35.668000,428.2933503567954,5
2024-09-20 12:31:35.761000,428.2748353777674,1000
2024-09-20 12:31:35.846000,428.3319122719354,1001
2024-09-20 12:31:35.917000,428.27833515352745,999
2024-09-20 12:31:35.931000,428.29299049007255,1001
2024-09-20 12:31:35.978000,428.2935069221571,998
2024-09-20 12:31:35.980000,428.3120088230869,995
2024-09-20 12:31:35.998000,428.27943445458186,101
2024-09-20 12:31:36.155000,428.24919160092713,104
2024-09-20 12:31:36.189000,428.2932244723054,997
2024-09-20 12:31:36.205000,428.2749147152702,97
2024-09-20 12:31:36.231000,428.28577947436486,6
2024-09-20 12:31:36.289000,428.2413974948225,9
2024-09-20 12:31:36.328000,428.2949396908245,15
2024-09-20 12:31:36.353000,428.2764712135613,1001
2024-09-20 12:31:36.353000,428.2830612684244,10
2024-09-20 12:31:36.358000,428.305907459086,105
2024-09-20 12:31:36.371000,428.2905455337236,5
2024-09-20 12:31:36.532000,428.2692410382321,9
2024-09-20 12:31:36.554000,428.2525835023934,99
2024-09-20 12:31:36.630000,428.3113629323341,999
2024-09-20 12:31:36.756000,428.26112497913664,9
2024-09-20 12:31:36.945000,428.27948685407785,997
2024-09-20 12:31:36.985000,428.2931577181769,14
2024-09-20 12:31:37.105000,428.2372324788765,96
2024-09-20 12:31:37.204000,428.21836170402526,9
2024-09-20 12:31:37.208000,428.2557766720849,12
2024-09-20 12:31:37.235000,428.2362199579025,1005
2024-09-20 12:31:37.254000,428.2346899657828,99
2024-09-20 12:31:37.255000,428.2228412970821,1005
2024-09-20 12:31:37.260000,428.1715155333448,5
2024-09-20 12:31:37.268000,428.2425203015929,1005
2024-09-20 12:31:37.269000,428.23840291862416,95
2024-09-20 12:31:37.273000,428.19922603951466,101
2024-09-20 12:31:37.308000,428.2471472930441,998
2024-09-20 12:31:37.463000,428.2317661252103,11
2024-09-20 12:31:37.470000,428.20218772160376,95
2024-09-20 12:31:37.559000,428.19015653407183,100
2024-09-20 12:31:37.595000,428.2268789767134,10
2024-09-20 12:31:37.603000,428.21839518147095,998
2024-09-20 12:31:37.616000,428.22676513333016,998
2024-09-20 12:31:37.645000,428.183963776129,95
2024-09-20 12:31:37.739000,428.2466700144588,15
2024-09-20 12:31:37.883000,428.2100051780831,99
2024-09-20 12:31:38.028000,428.1816590878342,103
2024-09-20 12:31:38.086000,428.1736085130869,996
2024-09-20 12:31:38.275000,428.1778833984634,10
2024-09-20 12:31:38.365000,428.18701663580623,1002
2024-09-20 12:31:38.443000,428.1917215991152,101
2024-09-20 12:31:38.791000,428.1907817707551,999
2024-09-20 12:31:39.017000,428.1799863716159,7
2024-09-20 12:31:39.035000,428.16899695726886,1003
2024-09-20 12:31:39.205000,428.1792408501301,102
2024-09-20 12:31:39.537000,428.1862287599504,10
2024-09-20 12:31:39.538000,428.1673207269721,995
2024-09-20 12:31:39.635000,428.1799508059996,9
2024-09-20 12:31:40.002000,428.1913761717048,995
2024-09-20 12:31:40.069000,428.1720001980117,1003
2024-09-20 12:31:40.132000,428.1710963154754,1002
2024-09-20 12:31:40.172000,428.1889995999345,100
2024-09-20 12:31:40.189000,428.1993024638293,997
2024-09-20 12:31:40.200000,428.1907206508792,97
2024-09-20 12:31:40.258000,428.1939212758661,1003
2024-09-20 12:31:40.268000,428.1752283496225,101
2024-09-20 12:31:40.273000,428.1738386989596,12
2024-09-20 12:31:40.281000,428.2005739526929,997
2024-09-20 12:31:40.353000,428.1571061662092,101
2024-09-20 12:31:40.359000,428.1676865706754,9
2024-09-20 12:31:40.456000,428.21037416886463,95
2024-09-20 12:31:40.580000,428.1949524125744,1005
2024-09-20 12:31:40.738000,428.2171450592804,96
2024-09-20 12:31:40.860000,428.2184370455645,11
2024-09-20 12:31:40.895000,428.2068868173975,99
2024-09-20 12:31:40.895000,428.1869902936319,999
2024-09-20 12:31:40.924000,428.1887049876935,12
2024-09-20 12:31:41.045000,428.207258768865,10
2024-09-20 12:31:41.096000,428.13793922039736,8
2024-09-20 12:31:41.151000,428.1922455147411,6
2024-09-20 12:31:41.158000,428.14883597569445,995
2024-09-20 12:31:41.177000,428.16996482807417,15
2024-09-20 12:31:41.196000,428.1781595181101,7
2024-09-20 12:31:41.203000,428.1699597658585,100
2024-09-20 12:31:41.213000,428.1682917676511,14
2024-09-20 12:31:41.245000,428.1868308751624,1001
2024-09-20 12:31:41.259000,428.14723064567687,1004
2024-09-20 12:31:41.428000,428.18859327874617,6
2024-09-20 12:31:41.436000,428.1646513910755,104
2024-09-20 12:31:41.526000,428.1796020008655,96
2024-09-20 12:31:41.558000,428.1431183700464,9
2024-09-20 12:31:41.569000,428.146715421449,999
2024-09-20 12:31:41.652000,428.1756560527214,995
2024-09-20 12:31:41.657000,428.2022082261372,6
2024-09-20 12:31:41.694000,428.1501443724854,98
2024-09-20 12:31:41.712000,428.1766703647009,96
2024-09-20 12:31:41.749000,428.2274313466328,100
2024-09-20 12:31:41.778000,428.1835685278581,1005
2024-09-20 12:31:41.794000,428.1257883369325,997
2024-09-20 12:31:41.834000,428.18995013010016,6
2024-09-20 12:31:41.880000,428.1643036913331,104
2024-09-20 12:31:41.947000,428.1595024374792,1002
2024-09-20 12:31:41.997000,428.1805185335805,96
2024-09-20 12:31:42.071000,428.15666416496936,998
2024-09-20 12:31:42.174000,428.1896459623831,10
2024-09-20 12:31:42.333000,428.1887263949585,97
2024-09-20 12:31:42.336000,428.1972343394116,10
2024-09-20 12:31:42.382000,428.1555657262288,15
2024-09-20 12:31:42.484000,428.20935995079054,100
2024-09-20 12:31:42.489000,428.1772247101469,995
2024-09-20 12:31:42.512000,428.15815307856,996
2024-09-20 12:31:42.539000,428.1604801914464,999
2024-09-20 12:31:42.544000,428.1921014740302,95
2024-09-20 12:31:42.546000,428.199706443458,999
2024-09-20 12:31:42.664000,428.20008573593583,6
2024-09-20 12:31:42.672000,428.1614953474497,15
2024-09-20 12:31:42.689000,428.1567144299419,101
2024-09-20 12:31:42.690000,428.1462359219039,102
2024-09-20 12:31:42.704000,428.1699710349133,102
2024-09-20 12:31:42.731000,428.1991976310931,9
2024-09-20 12:31:42.807000,428.22163859646525,14
2024-09-20 12:31:42.833000,428.2093917021412,996
2024-09-20 12:31:42.855000,428.168412765784,5
2024-09-20 12:31:42.886000,428.1964025764433,9
2024-09-20 12:31:42.918000,428.1754801057383,105
2024-09-20 12:31:42.928000,428.15217903752136,95
2024-09-20 12:31:42.941000,428.200262498471,105
2024-09-20 12:31:42.973000,428.1605957625757,998
2024-09-20 12:31:43.010000,428.15783408128914,10
2024-09-20 12:31:43.051000,428.2040215387919,1003
2024-09-20 12:31:43.102000,428.2033262775199,100
2024-09-20 12:31:43.207000,428.1586392149642,14
2024-09-20 12:31:43.382000,428.2055770441621,5
2024-09-20 12:31:43.512000,428.18950708775606,1005
2024-09-20 12:31:43.538000,428.1778485652303,100
2024-09-20 12:31:43.742000,428.1675147007608,998
2024-09-20 12:31:43.810000,428.2083974290113,995
2024-09-20 12:31:43.840000,428.1913755227531,103
2024-09-20 12:31:43.895000,428.1707249201359,14
2024-09-20 12:31:44.006000,428.2319695844639,99
2024-09-20 12:31:44.087000,428.2199413052251,997
2024-09-20 12:31:44.152000,428.1956788326859,997
2024-09-20 12:31:44.176000,428.18106844846415,6
2024-09-20 12:31:44.210000,428.2066833673395,103
2024-09-20 12:31:44.253000,428.18257767422494,1001
2024-09-20 12:31:44.284000,428.16665187882967,9
2024-09-20 12:31:44.285000,428.223466825139,98
2024-09-20 12:31:44.323000,428.1661731744443,102
2024-09-20 12:31:44.337000,428.18330732323017,10
2024-09-20 12:31:44.349000,428.22771696578906,103
2024-09-20 12:31:44.368000,428.20902435740567,7
2024-09-20 12:31:44.381000,428.17099665596095,14
2024-09-20 12:31:44.402000,428.2103760774465,7
2024-09-20 12:31:44.420000,428.20942302656937,100
2024-09-20 12:31:44.449000,428.2195127842768,105
2024-09-20 12:31:44.513000,428.1654140333577,100
2024-09-20 12:31:44.516000,428.1748033548706,13
2024-09-20 12:31:44.564000,428.2082798404853,1001
2024-09-20 12:31:44.597000,428.1978268602601,8
2024-09-20 12:31:44.648000,428.2128797659405,13
2024-09-20 12:31:44.682000,428.1788387503176,104
2024-09-20 12:31:44.862000,428.1921593767238,97
2024-09-20 12:31:44.936000,428.2132341192463,1002
2024-09-20 12:31:45.008000,428.1775299738848,98
2024-09-20 12:31:45.023000,428.20351318387,12
2024-09-20 12:31:45.068000,428.2028187326866,97
2024-09-20 12:31:45.118000,428.1990574678001,7
2024-09-20 12:31:45.121000,428.1887366581847,15
2024-09-20 12:31:45.139000,428.1787654099141,104
2024-09-20 12:31:45.166000,428.202314448526,101
2024-09-20 12:31:45.241000,428.2135588728999,103
2024-09-20 12:31:45.308000,428.1764921029266,99
2024-09-20 12:31:45.335000,428.180516194294,999
2024-09-20 12:31:45.378000,428.2022496111269,11
2024-09-20 12:31:45.502000,428.17999209981815,999
2024-09-20 12:31:45.527000,428.1910075873835,15
2024-09-20 12:31:45.614000,428.1864647768455,996
2024-09-20 12:31:45.676000,428.2076627851691,1001
2024-09-20 12:31:45.750000,428.217237595972,1000
2024-09-20 12:31:45.791000,428.2101442311523,9
2024-09-20 12:31:45.796000,428.1707102671609,998
2024-09-20 12:31:45.854000,428.1980675233186,11
2024-09-20 12:31:45.861000,428.2129461161304,996
2024-09-20 12:31:46.032000,428.1983995552157,104
2024-09-20 12:31:46.051000,428.21070874284646,103
2024-09-20 12:31:46.142000,428.19885752336336,998
2024-09-20 12:31:46.321000,428.2314427398096,105
2024-09-20 12:31:46.355000,428.20449064349214,104
2024-09-20 12:31:46.374000,428.2041334387045,104
2024-09-20 12:31:46.411000,428.174457694764,1000
2024-09-20 12:31:46.415000,428.208117304612,13
2024-09-20 12:31:46.562000,428.2258920690223,6
2024-09-20 12:31:46.636000,428.17664430382985,998
2024-09-20 12:31:46.691000,428.2073891136096,12
2024-09-20 12:31:46.741000,428.1816129428729,7
2024-09-20 12:31:46.741000,428.2076427033888,997
2024-09-20 12:31:46.774000,428.2147095699344,100
2024-09-20 12:31:46.801000,428.2303070588084,101
2024-09-20 12:31:46.891000,428.1906617889368,995
2024-09-20 12:31:46.896000,428.1883611497695,100
2024-09-20 12:31:46.902000,428.19032960771705,1004
2024-09-20 12:31:46.930000,428.2037737689579,100
2024-09-20 12:31:46.964000,428.195279000056,105
2024-09-20 12:31:47.059000,428.20616600080393,98
2024-09-20 12:31:47.178000,428.2073503660443,14
2024-09-20 12:31:47.196000,428.20910540254897,15
2024-09-20 12:31:47.303000,428.2303078969821,104
2024-09-20 12:31:47.414000,428.2323580989017,15
2024-09-20 12:31:47.468000,428.2039841070082,5
2024-09-20 12:31:47.563000,428.1773897667092,1004
2024-09-20 12:31:47.808000,428.19778942851536,96
2024-09-20 12:31:48.001000,428.0835188069033,999
2024-09-20 12:31:48.093000,428.1834065585557,95
2024-09-20 12:31:48.146000,428.2199088474133,995
2024-09-20 12:31:48.148000,428.2211504895513,998
2024-09-20 12:31:48.220000,428.2162292828708,5
2024-09-20 12:31:48.264000,428.1218286726594,14
2024-09-20 12:31:48.362000,428.1116382784673,5
2024-09-20 12:31:48.397000,428.19226633985534,995
2024-09-20 12:31:48.413000,428.0964620336243,6
2024-09-20 12:31:48.441000,428.08570512171497,101
2024-09-20 12:31:48.464000,428.1595560706396,6
2024-09-20 12:31:48.483000,428.2254616959661,12
2024-09-20 12:31:48.541000,428.1141854897262,9
2024-09-20 12:31:48.632000,428.1224705216055,96
2024-09-20 12:31:48.661000,428.1998432541103,96
2024-09-20 12:31:48.662000,428.21499555611007,11
2024-09-20 12:31:48.698000,428.2096976613572,1003
2024-09-20 12:31:48.712000,428.1955337750079,12
2024-09-20 12:31:48.754000,428.19630728042455,1001
2024-09-20 12:31:48.797000,428.1005070912124,1004
2024-09-20 12:31:48.843000,428.22311118699344,11
2024-09-20 12:31:48.894000,428.2268120641864,6
2024-09-20 12:31:48.944000,428.1276510115675,1002
2024-09-20 12:31:48.949000,428.1216459617848,98
2024-09-20 12:31:48.951000,428.1175960616107,12
2024-09-20 12:31:48.995000,428.1899957496439,11
2024-09-20 12:31:48.997000,428.2189986030208,103
2024-09-20 12:31:49.296000,428.092817593082,1002
2024-09-20 12:31:49.506000,428.0869904620016,101
2024-09-20 12:31:49.605000,428.08567736653066,13
2024-09-20 12:31:49.941000,428.0719256187237,1000
2024-09-20 12:31:49.964000,428.101849366794,7
2024-09-20 12:31:49.969000,428.090547126676,9
2024-09-20 12:31:49.989000,428.0945915323003,997
2024-09-20 12:31:50.291000,428.0934908612596,6
2024-09-20 12:31:50.413000,428.1342695257147,96
2024-09-20 12:31:50.441000,428.105042768064,101
2024-09-20 12:31:50.484000,428.1115901099638,15
2024-09-20 12:31:50.731000,428.11464485938114,9
2024-09-20 12:31:50.768000,428.12087004022567,998
2024-09-20 12:31:50.770000,428.1070910051998,12
2024-09-20 12:31:50.833000,428.1098355621407,101
2024-09-20 12:31:51.102000,428.10652997353446,997
2024-09-20 12:31:51.246000,428.0719543746155,98
2024-09-20 12:31:51.291000,428.0990312823613,8
2024-09-20 12:31:51.299000,428.128361060604,96
2024-09-20 12:31:51.329000,428.1146484049215,104
2024-09-20 12:31:51.445000,428.0876266830732,98
2024-09-20 12:31:51.706000,428.1043245817652,1002
2024-09-20 12:31:51.741000,428.1042695557699,101
2024-09-20 12:31:51.777000,428.0841062326419,102
2024-09-20 12:31:51.816000,428.1011943881488,102
2024-09-20 12:31:51.818000,428.0998937934633,6
2024-09-20 12:31:51.854000,428.11745972365424,1003
2024-09-20 12:31:51.915000,428.09243233073903,1004
2024-09-20 12:31:52.030000,428.042236257032,14
2024-09-20 12:31:52.086000,428.0762626164919,1004
2024-09-20 12:31:52.330000,428.0687125769536,105
2024-09-20 12:31:52.360000,428.0773934513247,1003
2024-09-20 12:31:52.598000,428.054554317119,1003
2024-09-20 12:31:53.008000,428.0437235962024,104
2024-09-20 12:31:53.102000,428.03782779204766,995
2024-09-20 12:31:53.161000,428.0756624342092,999
2024-09-20 12:31:53.190000,428.02523815203926,95
2024-09-20 12:31:53.193000,428.0444664290005,9
2024-09-20 12:31:53.248000,428.060749059082,1005
2024-09-20 12:31:53.252000,428.0455410792234,101
2024-09-20 12:31:53.282000,428.0466801011884,15
2024-09-20 12:31:53.289000,428.0711418592372,998
2024-09-20 12:31:53.322000,428.06494857143264,1001
2024-09-20 12:31:53.345000,428.03475942186463,6
2024-09-20 12:31:53.490000,428.06518346816017,14
2024-09-20 12:31:53.588000,428.02528637856665,999
2024-09-20 12:31:53.601000,428.0690148487282,12
2024-09-20 12:31:53.659000,428.07400089145233,97
2024-09-20 12:31:53.694000,428.0891232472459,996
2024-09-20 12:31:53.753000,428.0441122142336,7
2024-09-20 12:31:53.779000,428.0519334404239,996
2024-09-20 12:31:54.002000,428.0743947295298,105
2024-09-20 12:31:54.092000,428.0723075092657,96
2024-09-20 12:31:54.139000,428.0775438672585,997
2024-09-20 12:31:54.175000,428.0293094064441,5
2024-09-20 12:31:54.360000,428.066418309485,995
2024-09-20 12:31:54.389000,428.0726338899633,98
2024-09-20 12:31:54.429000,428.0734064646216,997
2024-09-20 12:31:54.448000,428.0916898399743,1004
2024-09-20 12:31:54.470000,428.0774060590888,1005
2024-09-20 12:31:54.508000,428.0706410922743,103
2024-09-20 12:31:54.535000,428.0865483398874,99
2024-09-20 12:31:54.536000,428.0880449707245,1003
2024-09-20 12:31:54.678000,428.0279356466796,97
2024-09-20 12:31:54.690000,428.0572197854892,13
2024-09-20 12:31:54.725000,428.0809172561137,1005
2024-09-20 12:31:54.735000,428.0359641276568,105
2024-09-20 12:31:54.799000,428.0612118258123,105
2024-09-20 12:31:54.807000,428.0667042303732,97
2024-09-20 12:31:54.855000,428.04331521307415,998
2024-09-20 12:31:54.935000,428.066445735409,1002
2024-09-20 12:31:55.007000,428.0839109159524,105
2024-09-20 12:31:55.020000,428.06835793600857,96
2024-09-20 12:31:55.055000,428.0697242797887,14
2024-09-20 12:31:55.176000,428.0612086725271,1003
2024-09-20 12:31:55.230000,428.0771635105417,1004
2024-09-20 12:31:55.233000,428.078981221462,12
2024-09-20 12:31:55.277000,428.08178024252993,1002
2024-09-20 12:31:55.334000,428.0573594472117,15
2024-09-20 12:31:55.524000,428.0738072585692,96
2024-09-20 12:31:55.733000,428.0491151901836,97
2024-09-20 12:31:55.806000,428.06916084113385,101
2024-09-20 12:31:55.862000,428.0584585088206,1005
2024-09-20 12:31:55.947000,428.0683394295994,1005
2024-09-20 12:31:56.126000,428.0183280068401,97
2024-09-20 12:31:56.128000,428.0125955457501,1004
2024-09-20 12:31:56.147000,428.03961069986144,98
2024-09-20 12:31:56.185000,428.0231119775117,1002
2024-09-20 12:31:56.209000,428.0300332251367,1002
2024-09-20 12:31:56.218000,428.0277805351107,1003
2024-09-20 12:31:56.234000,428.020227495874,996
2024-09-20 12:31:56.270000,428.0405744706107,6
2024-09-20 12:31:56.336000,428.0339770875043,996
2024-09-20 12:31:56.345000,428.0090499407476,97
2024-09-20 12:31:56.358000,428.0784003097893,995
2024-09-20 12:31:56.438000,428.0791909903276,14
2024-09-20 12:31:56.540000,428.0765955390371,10
2024-09-20 12:31:56.547000,428.04349334348814,13
2024-09-20 12:31:56.625000,428.0543093111656,1002
2024-09-20 12:31:56.771000,428.0660124033514,997
2024-09-20 12:31:56.831000,428.05148229895656,1001
2024-09-20 12:31:56.878000,428.0461535112029,6
2024-09-20 12:31:56.898000,428.0314151765772,98
2024-09-20 12:31:57.024000,428.05874493763946,7
2024-09-20 12:31:57.088000,428.0389280941276,6
2024-09-20 12:31:57.144000,428.0554613222409,102
2024-09-20 12:31:57.158000,428.055436934922,1004
2024-09-20 12:31:57.250000,428.06697451156856,95
2024-09-20 12:31:57.375000,428.0687296734599,5
2024-09-20 12:31:57.436000,428.053797931036,11
2024-09-20 12:31:57.453000,428.0461841014701,101
2024-09-20 12:31:57.554000,428.0732920837988,1001
2024-09-20 12:31:57.590000,428.08608482346295,101
2024-09-20 12:31:57.685000,428.04876879520174,7
2024-09-20 12:31:57.724000,428.0605183249983,6
2024-09-20 12:31:57.749000,428.05137522229455,15
2024-09-20 12:31:57.832000,428.0753261213681,13
2024-09-20 12:31:57.855000,428.0699669420223,102
2024-09-20 12:31:57.899000,428.0444046989583,1001
2024-09-20 12:31:57.979000,428.0667002502889,995
2024-09-20 12:31:58.050000,428.0580268684726,6
2024-09-20 12:31:58.142000,428.0537795929798,95
2024-09-20 12:31:58.145000,428.0846156188729,1002
2024-09-20 12:31:58.145000,428.08263692269736,11
2024-09-20 12:31:58.243000,427.986237551927,98
2024-09-20 12:31:58.273000,428.08766922906034,15
2024-09-20 12:31:58.395000,428.0319280271039,997
2024-09-20 12:31:58.418000,428.0884470154498,1000
2024-09-20 12:31:58.461000,428.01846226689617,8
2024-09-20 12:31:58.469000,427.9822158595129,102
2024-09-20 12:31:58.493000,427.9951343954763,12
2024-09-20 12:31:58.525000,428.0475950769612,1004
2024-09-20 12:31:58.528000,428.0791322187199,13
2024-09-20 12:31:58.557000,427.9688979403544,998
2024-09-20 12:31:58.618000,427.9968946375476,104
2024-09-20 12:31:58.679000,428.0290750820969,997
2024-09-20 12:31:58.687000,427.9687594533207,997
2024-09-20 12:31:58.699000,428.0140025200216,14
2024-09-20 12:31:58.765000,428.0373899123974,13
2024-09-20 12:31:58.806000,428.0379455070213,1001
2024-09-20 12:31:58.823000,428.0275344940485,995
2024-09-20 12:31:58.830000,428.0471247804703,1000
2024-09-20 12:31:58.871000,427.9981730774388,997
2024-09-20 12:31:58.876000,428.0081746057443,97
2024-09-20 12:31:58.919000,428.07391054125,997
2024-09-20 12:31:58.953000,427.9867902694258,1000
2024-09-20 12:31:59.028000,427.89872159875233,998
2024-09-20 12:31:59.035000,427.93390042502057,12
2024-09-20 12:31:59.094000,427.90588636323656,103
2024-09-20 12:31:59.112000,427.9314049942509,100
2024-09-20 12:31:59.115000,427.9575836941503,995
2024-09-20 12:31:59.216000,427.9413341980698,996
2024-09-20 12:31:59.267000,427.8942747685907,997
2024-09-20 12:31:59.276000,427.94975012771465,100
2024-09-20 12:31:59.294000,427.9578684970128,10
2024-09-20 12:31:59.320000,427.93478452462193,7
2024-09-20 12:31:59.335000,427.9604562230994,98
2024-09-20 12:31:59.348000,427.9013223261518,11
2024-09-20 12:31:59.373000,427.92196026493167,97
2024-09-20 12:31:59.562000,427.9581192509142,9
2024-09-20 12:31:59.570000,427.9057846276744,103
2024-09-20 12:31:59.680000,427.93879199055135,104
2024-09-20 12:31:59.687000,427.9161393611809,95
2024-09-20 12:31:59.703000,427.9512925764653,103
2024-09-20 12:31:59.742000,427.8937540604998,96
2024-09-20 12:31:59.887000,427.9502574125085,998
2024-09-20 12:31:59.911000,427.9222743674798,10
2024-09-20 12:31:59.940000,427.9433911697188,98
2024-09-20 12:31:59.949000,427.926367218026,14
2024-09-20 12:31:59.972000,427.9013513456008,101
