Timestamp,Price,Size
2024-09-18 10:11:01.006000,409.36907593949417,11
2024-09-18 10:11:01.223000,409.403161474087,1004
2024-09-18 10:11:01.259000,409.3965369058516,1002
2024-09-18 10:11:01.274000,409.39383105616366,9
2024-09-18 10:11:01.489000,409.3974884196464,996
2024-09-18 10:11:01.516000,409.3670812779652,9
2024-09-18 10:11:01.536000,409.309177554557,1005
2024-09-18 10:11:01.582000,409.3503233198773,1000
2024-09-18 10:11:01.629000,409.3961323526249,12
2024-09-18 10:11:01.719000,409.3116826749925,12
2024-09-18 10:11:01.743000,409.3217102839597,95
2024-09-18 10:11:01.861000,409.3768681941252,6
2024-09-18 10:11:01.864000,409.3664887357074,1002
2024-09-18 10:11:01.887000,409.3817782928496,1002
2024-09-18 10:11:01.971000,409.3675530839007,1005
2024-09-18 10:11:01.979000,409.392438993448,1000
2024-09-18 10:11:02.132000,409.34156434131705,1002
2024-09-18 10:11:02.162000,409.363237013696,5
2024-09-18 10:11:02.210000,409.3299336620656,104
2024-09-18 10:11:02.272000,409.3281086800724,11
2024-09-18 10:11:02.324000,409.3786266827644,1002
2024-09-18 10:11:02.410000,409.375241411417,14
2024-09-18 10:11:02.460000,409.3603277287792,8
2024-09-18 10:11:02.490000,409.33483816504895,1002
2024-09-18 10:11:02.518000,409.370086158161,996
2024-09-18 10:11:02.611000,409.3673141685178,998
2024-09-18 10:11:02.635000,409.364544573321,15
2024-09-18 10:11:02.680000,409.35322951482726,6
2024-09-18 10:11:02.855000,409.3625410765413,101
2024-09-18 10:11:02.857000,409.32770543934686,100
2024-09-18 10:11:02.874000,409.3714342456107,996
2024-09-18 10:11:02.880000,409.3456823528768,105
2024-09-18 10:11:02.995000,409.3281047445148,997
2024-09-18 10:11:03.003000,409.35101192304734,101
2024-09-18 10:11:03.061000,409.3436895696005,15
2024-09-18 10:11:03.076000,409.3490505704244,100
2024-09-18 10:11:03.087000,409.3508704894236,101
2024-09-18 10:11:03.116000,409.3587332060597,15
2024-09-18 10:11:03.148000,409.3489723779675,102
2024-09-18 10:11:03.203000,409.36349959856807,1004
2024-09-18 10:11:03.219000,409.3618652355524,96
2024-09-18 10:11:03.287000,409.35406713714985,997
2024-09-18 10:11:03.301000,409.36007771102726,1004
2024-09-18 10:11:03.372000,409.3491261316171,97
2024-09-18 10:11:03.397000,409.33667895527606,998
2024-09-18 10:11:03.512000,409.349588501248,10
2024-09-18 10:11:03.611000,409.3536494919789,997
2024-09-18 10:11:03.645000,409.3365612725893,1000
2024-09-18 10:11:03.658000,409.3564726641857,96
2024-09-18 10:11:03.684000,409.3438824915721,7
2024-09-18 10:11:03.725000,409.355250661642,11
2024-09-18 10:11:03.806000,409.3665047473828,999
2024-09-18 10:11:03.826000,409.33663661117646,95
2024-09-18 10:11:03.834000,409.35435345401714,100
2024-09-18 10:11:03.847000,409.373174912388,1004
2024-09-18 10:11:03.860000,409.3625666528741,995
2024-09-18 10:11:03.871000,409.38414274653786,997
2024-09-18 10:11:03.891000,409.3405105087933,103
2024-09-18 10:11:03.893000,409.3791235159581,999
2024-09-18 10:11:03.936000,409.386114386736,101
2024-09-18 10:11:03.949000,409.355705046804,99
2024-09-18 10:11:04.113000,409.2853874438422,1004
2024-09-18 10:11:04.287000,409.3270782826663,101
2024-09-18 10:11:04.289000,409.3143502419658,95
2024-09-18 10:11:04.304000,409.30742430186285,96
2024-09-18 10:11:04.437000,409.3046214894153,96
2024-09-18 10:11:04.444000,409.30397394441945,6
2024-09-18 10:11:04.460000,409.3039976240587,14
2024-09-18 10:11:04.549000,409.3448989640371,998
2024-09-18 10:11:04.559000,409.323108881793,96
2024-09-18 10:11:04.591000,409.30882059186814,102
2024-09-18 10:11:04.737000,409.3099097958637,8
2024-09-18 10:11:04.779000,409.2845712102247,5
2024-09-18 10:11:04.921000,409.3367102438274,95
2024-09-18 10:11:04.946000,409.30960307790855,13
2024-09-18 10:11:04.947000,409.3041827417014,8
2024-09-18 10:11:04.982000,409.3003912053964,6
2024-09-18 10:11:05.144000,409.332757221556,101
2024-09-18 10:11:05.243000,409.3101040623956,97
2024-09-18 10:11:05.339000,409.319454571831,995
2024-09-18 10:11:05.382000,409.32447583207824,1003
2024-09-18 10:11:05.390000,409.2981203428333,995
2024-09-18 10:11:05.828000,409.3104739797528,9
2024-09-18 10:11:05.868000,409.30309348852745,996
2024-09-18 10:11:06.011000,409.3395343626563,103
2024-09-18 10:11:06.196000,409.3238400579053,15
2024-09-18 10:11:06.283000,409.389150973136,997
2024-09-18 10:11:06.383000,409.378342230062,95
2024-09-18 10:11:06.433000,409.369882634372,7
2024-09-18 10:11:06.530000,409.3836927645661,97
2024-09-18 10:11:06.625000,409.3228444362121,995
2024-09-18 10:11:06.729000,409.3802797491126,996
2024-09-18 10:11:06.771000,409.30802782991407,103
2024-09-18 10:11:06.857000,409.360767190459,96
2024-09-18 10:11:06.925000,409.3878433083491,1000
2024-09-18 10:11:07.452000,409.392166094825,10
2024-09-18 10:11:07.574000,409.3825606752673,8
2024-09-18 10:11:07.757000,409.3880939995869,8
2024-09-18 10:11:08.048000,409.3973912296389,998
2024-09-18 10:11:08.089000,409.4165026982577,98
2024-09-18 10:11:08.257000,409.39896160549023,1004
2024-09-18 10:11:08.409000,409.425059992765,12
2024-09-18 10:11:08.431000,409.4084291466272,95
2024-09-18 10:11:08.574000,409.4048488818054,98
2024-09-18 10:11:08.580000,409.386336448197,5
2024-09-18 10:11:08.582000,409.4163019446052,8
2024-09-18 10:11:08.595000,409.3895041879328,1004
2024-09-18 10:11:08.701000,409.39499692384544,1003
2024-09-18 10:11:08.845000,409.3823342390155,12
2024-09-18 10:11:08.892000,409.415219192694,15
2024-09-18 10:11:08.922000,409.3861111712769,1002
2024-09-18 10:11:08.934000,409.3682273193162,105
2024-09-18 10:11:08.976000,409.37222670110015,997
2024-09-18 10:11:08.978000,409.4084360570094,11
2024-09-18 10:11:09.124000,409.3606591173241,11
2024-09-18 10:11:09.764000,409.3506377430684,8
2024-09-18 10:11:10.047000,409.3639064615372,7
2024-09-18 10:11:10.572000,409.3650110438791,995
2024-09-18 10:11:10.584000,409.3668549038212,103
2024-09-18 10:11:10.704000,409.3506673162798,97
2024-09-18 10:11:10.777000,409.3626141280213,105
2024-09-18 10:11:11.018000,409.3982184622745,995
2024-09-18 10:11:11.179000,409.3788228678375,102
2024-09-18 10:11:11.191000,409.3452308249376,996
2024-09-18 10:11:11.192000,409.3549808629613,101
2024-09-18 10:11:11.195000,409.3517025058475,1002
2024-09-18 10:11:11.233000,409.3259188132399,10
2024-09-18 10:11:11.400000,409.3482883816496,997
2024-09-18 10:11:11.405000,409.3441994225088,13
2024-09-18 10:11:11.491000,409.3965801011128,101
2024-09-18 10:11:11.494000,409.4010489104975,995
2024-09-18 10:11:11.498000,409.3508807276872,14
2024-09-18 10:11:11.507000,409.32222880033953,5
2024-09-18 10:11:11.518000,409.3555313144258,104
2024-09-18 10:11:11.554000,409.36805329859817,103
2024-09-18 10:11:11.650000,409.390393168489,105
2024-09-18 10:11:11.730000,409.3391827382137,11
2024-09-18 10:11:11.766000,409.3381317474176,8
2024-09-18 10:11:11.767000,409.351981528592,9
2024-09-18 10:11:11.829000,409.3383407349659,96
2024-09-18 10:11:11.837000,409.3458768414458,998
2024-09-18 10:11:11.885000,409.3513524052416,6
2024-09-18 10:11:11.901000,409.3620730594755,997
2024-09-18 10:11:11.909000,409.3560665721576,6
2024-09-18 10:11:11.952000,409.3245582200716,13
2024-09-18 10:11:11.955000,409.3411413306213,14
2024-09-18 10:11:12.021000,409.3440653028829,102
2024-09-18 10:11:12.023000,409.3515147955343,999
2024-09-18 10:11:12.042000,409.3319658993094,997
2024-09-18 10:11:12.054000,409.32382801936336,995
2024-09-18 10:11:12.136000,409.3506393184682,98
2024-09-18 10:11:12.148000,409.42925342769473,104
2024-09-18 10:11:12.149000,409.3530298715932,12
2024-09-18 10:11:12.156000,409.3515525411387,15
2024-09-18 10:11:12.176000,409.3354309559061,6
2024-09-18 10:11:12.208000,409.4097398955104,104
2024-09-18 10:11:12.227000,409.3656360770044,13
2024-09-18 10:11:12.267000,409.32977548451214,5
2024-09-18 10:11:12.350000,409.3664875147404,97
2024-09-18 10:11:12.371000,409.37466066151046,10
2024-09-18 10:11:12.383000,409.349555994344,14
2024-09-18 10:11:12.403000,409.342724056805,1004
2024-09-18 10:11:12.409000,409.34088738607375,97
2024-09-18 10:11:12.453000,409.3713201727346,1004
2024-09-18 10:11:12.497000,409.40798836816873,13
2024-09-18 10:11:12.598000,409.3960681438453,999
2024-09-18 10:11:12.620000,409.41418186327184,98
2024-09-18 10:11:12.679000,409.42727178689125,12
2024-09-18 10:11:12.719000,409.33620416867353,104
2024-09-18 10:11:12.790000,409.4274703101229,7
2024-09-18 10:11:12.870000,409.434070580328,100
2024-09-18 10:11:12.952000,409.3469869999554,1001
2024-09-18 10:11:12.964000,409.4137754401304,1001
2024-09-18 10:11:12.987000,409.4110870076926,1000
2024-09-18 10:11:13.006000,409.3212987741056,11
2024-09-18 10:11:13.136000,409.28954746411273,13
2024-09-18 10:11:13.199000,409.2774559498191,13
2024-09-18 10:11:13.717000,409.2778820159009,12
2024-09-18 10:11:13.729000,409.3059610656196,100
2024-09-18 10:11:14.061000,409.2461717519669,996
2024-09-18 10:11:14.122000,409.2750736757506,1000
2024-09-18 10:11:14.125000,409.2379805554218,13
2024-09-18 10:11:14.212000,409.2226783900601,995
2024-09-18 10:11:14.212000,409.2867894372288,105
2024-09-18 10:11:14.229000,409.2961946820959,5
2024-09-18 10:11:14.529000,409.30870047425714,14
2024-09-18 10:11:14.578000,409.267963827863,101
2024-09-18 10:11:14.586000,409.2790295946127,9
2024-09-18 10:11:14.605000,409.29084375086006,95
2024-09-18 10:11:14.716000,409.267329570262,104
2024-09-18 10:11:14.733000,409.2221814437608,100
2024-09-18 10:11:14.744000,409.2476505174545,95
2024-09-18 10:11:14.751000,409.26435794619147,100
2024-09-18 10:11:14.779000,409.2376700582686,14
2024-09-18 10:11:14.780000,409.2663165245148,6
2024-09-18 10:11:14.867000,409.2998719832286,15
2024-09-18 10:11:14.875000,409.2269359564778,5
2024-09-18 10:11:14.885000,409.2479777326873,7
2024-09-18 10:11:14.972000,409.2755494407072,14
2024-09-18 10:11:15.309000,409.27729123209855,103
2024-09-18 10:11:15.630000,409.2789721670568,96
2024-09-18 10:11:15.632000,409.29404380698185,998
2024-09-18 10:11:15.741000,409.2833596762261,105
2024-09-18 10:11:16.013000,409.2439698918664,7
2024-09-18 10:11:16.092000,409.26508513820033,997
2024-09-18 10:11:16.228000,409.2660479818683,15
2024-09-18 10:11:16.390000,409.2543955324607,13
2024-09-18 10:11:16.418000,409.245547478163,13
2024-09-18 10:11:16.425000,409.2457313667537,1003
2024-09-18 10:11:16.485000,409.2486651592076,13
2024-09-18 10:11:16.495000,409.2480642276536,13
2024-09-18 10:11:16.542000,409.2771031793784,100
2024-09-18 10:11:16.543000,409.2561309439333,103
2024-09-18 10:11:16.545000,409.2584673736859,999
2024-09-18 10:11:16.620000,409.2412484491621,9
2024-09-18 10:11:16.650000,409.2704717579144,9
2024-09-18 10:11:16.693000,409.25297270581245,104
2024-09-18 10:11:16.731000,409.244320778796,14
2024-09-18 10:11:16.744000,409.2476618316493,1001
2024-09-18 10:11:16.753000,409.2540332063063,104
2024-09-18 10:11:16.822000,409.2599607489788,1002
2024-09-18 10:11:16.856000,409.26164369532097,103
2024-09-18 10:11:16.920000,409.2659214779521,999
2024-09-18 10:11:16.973000,409.2501183982711,14
2024-09-18 10:11:16.977000,409.255084944732,12
2024-09-18 10:11:17.177000,409.28345870313177,105
2024-09-18 10:11:17.518000,409.2921773025215,103
2024-09-18 10:11:17.525000,409.2657604676223,1004
2024-09-18 10:11:17.798000,409.2906863881236,99
2024-09-18 10:11:17.801000,409.2875622056288,104
2024-09-18 10:11:17.850000,409.2711260171793,999
2024-09-18 10:11:17.913000,409.2727982103849,14
2024-09-18 10:11:18.046000,409.241977515945,1005
2024-09-18 10:11:18.102000,409.2455580655362,997
2024-09-18 10:11:18.129000,409.2244479678815,5
2024-09-18 10:11:18.135000,409.2389881115133,95
2024-09-18 10:11:18.222000,409.2189619552296,12
2024-09-18 10:11:18.302000,409.2736767072626,103
2024-09-18 10:11:18.371000,409.2291151319775,1000
2024-09-18 10:11:18.397000,409.2629888538285,1002
2024-09-18 10:11:18.402000,409.235101944496,14
2024-09-18 10:11:18.417000,409.21169174268687,95
2024-09-18 10:11:18.418000,409.2539020311804,5
2024-09-18 10:11:18.422000,409.2362785982074,995
2024-09-18 10:11:18.511000,409.20454932085823,105
2024-09-18 10:11:18.536000,409.24539094650623,11
2024-09-18 10:11:18.541000,409.2427594854025,10
2024-09-18 10:11:18.593000,409.26050088791607,5
2024-09-18 10:11:18.604000,409.2498764275192,8
2024-09-18 10:11:18.643000,409.2674699213392,13
2024-09-18 10:11:18.673000,409.2245503399314,5
2024-09-18 10:11:18.696000,409.2114903458132,100
2024-09-18 10:11:18.733000,409.2338404740339,103
2024-09-18 10:11:18.924000,409.24647393595393,998
2024-09-18 10:11:18.965000,409.2355437088135,1003
2024-09-18 10:11:18.981000,409.2418029353799,103
2024-09-18 10:11:19.216000,409.219890395788,1004
2024-09-18 10:11:19.361000,409.21812801129846,100
2024-09-18 10:11:19.399000,409.2205379522745,1005
2024-09-18 10:11:19.450000,409.2248109957932,1004
2024-09-18 10:11:19.520000,409.2153534828006,15
2024-09-18 10:11:19.544000,409.21013801050987,1004
2024-09-18 10:11:19.548000,409.2368745573839,9
2024-09-18 10:11:19.601000,409.2017591124469,9
2024-09-18 10:11:19.648000,409.2380750477141,1004
2024-09-18 10:11:19.726000,409.2347806680978,14
2024-09-18 10:11:19.780000,409.2335636621416,102
2024-09-18 10:11:19.791000,409.237557063197,104
2024-09-18 10:11:19.905000,409.2436215803296,101
2024-09-18 10:11:19.931000,409.22734190472966,9
2024-09-18 10:11:19.946000,409.2141215559258,96
2024-09-18 10:11:19.996000,409.2198329851082,97
2024-09-18 10:11:20.085000,409.2340990072936,15
2024-09-18 10:11:20.281000,409.2557049770929,1003
2024-09-18 10:11:20.305000,409.2418875920426,8
2024-09-18 10:11:20.332000,409.2465935048802,997
2024-09-18 10:11:20.417000,409.2368968570572,9
2024-09-18 10:11:20.478000,409.2507625095113,1005
2024-09-18 10:11:20.894000,409.2344039967671,12
2024-09-18 10:11:20.914000,409.23420892845513,13
2024-09-18 10:11:20.940000,409.24430355623485,998
2024-09-18 10:11:21.087000,409.24018350911217,1001
2024-09-18 10:11:21.098000,409.2429708597921,996
2024-09-18 10:11:21.123000,409.2468377529306,102
2024-09-18 10:11:21.250000,409.2316816882304,99
2024-09-18 10:11:21.267000,409.23903303846737,101
2024-09-18 10:11:21.283000,409.2295162099557,11
2024-09-18 10:11:21.341000,409.22855640644224,101
2024-09-18 10:11:21.371000,409.2383026386052,15
2024-09-18 10:11:21.389000,409.2609836395135,10
2024-09-18 10:11:21.425000,409.2426874833196,104
2024-09-18 10:11:21.495000,409.2345970886267,1002
2024-09-18 10:11:21.552000,409.2430402861558,103
2024-09-18 10:11:21.589000,409.221662273682,999
2024-09-18 10:11:21.610000,409.2396329787852,1005
2024-09-18 10:11:21.653000,409.2463486216524,995
2024-09-18 10:11:21.717000,409.2350522721831,105
2024-09-18 10:11:21.770000,409.2406245327703,101
2024-09-18 10:11:21.841000,409.2338821685515,13
2024-09-18 10:11:21.879000,409.24341811508873,105
2024-09-18 10:11:21.910000,409.2652098873185,7
2024-09-18 10:11:21.916000,409.2359438707351,15
2024-09-18 10:11:21.957000,409.2673846620125,102
2024-09-18 10:11:21.996000,409.2445022348528,105
2024-09-18 10:11:22.345000,409.2081845326492,996
2024-09-18 10:11:22.655000,409.2078632387663,7
2024-09-18 10:11:22.811000,409.2076433686199,103
2024-09-18 10:11:22.821000,409.2192356655725,1000
2024-09-18 10:11:23.025000,409.20867166277833,96
2024-09-18 10:11:23.192000,409.1749551487577,1003
2024-09-18 10:11:23.242000,409.185470779503,1001
2024-09-18 10:11:23.286000,409.2157707809598,7
2024-09-18 10:11:23.329000,409.2088058349141,102
2024-09-18 10:11:23.402000,409.1948053343429,98
2024-09-18 10:11:23.491000,409.19019377493714,105
2024-09-18 10:11:23.517000,409.1795105152436,10
2024-09-18 10:11:23.552000,409.1548061406775,99
2024-09-18 10:11:23.614000,409.2425808788024,15
2024-09-18 10:11:23.675000,409.1981158534717,101
2024-09-18 10:11:23.729000,409.1768092970012,995
2024-09-18 10:11:23.806000,409.2123627012493,103
2024-09-18 10:11:23.807000,409.2147353356296,102
2024-09-18 10:11:23.820000,409.17448237966624,996
2024-09-18 10:11:23.857000,409.1923551135868,14
2024-09-18 10:11:23.859000,409.1563861908349,1001
2024-09-18 10:11:24.109000,409.2256211569292,100
2024-09-18 10:11:24.172000,409.2252149948218,1001
2024-09-18 10:11:24.204000,409.2458630356306,100
2024-09-18 10:11:24.271000,409.2433685000058,101
2024-09-18 10:11:24.297000,409.2366350095925,10
2024-09-18 10:11:24.367000,409.2477915010177,11
2024-09-18 10:11:24.456000,409.22413591493074,105
2024-09-18 10:11:24.934000,409.2352557417824,11
2024-09-18 10:11:24.947000,409.2351347364906,15
2024-09-18 10:11:25.070000,409.2468517313906,995
2024-09-18 10:11:25.088000,409.2286766306788,95
2024-09-18 10:11:25.247000,409.23728225295326,97
2024-09-18 10:11:25.268000,409.2466664057322,10
2024-09-18 10:11:25.290000,409.2596590381759,1002
2024-09-18 10:11:25.327000,409.2676815678148,1001
2024-09-18 10:11:25.567000,409.22128449887407,1002
2024-09-18 10:11:25.754000,409.2236449175541,11
2024-09-18 10:11:25.996000,409.2423543784794,5
2024-09-18 10:11:26.148000,409.2453541494302,97
2024-09-18 10:11:26.399000,409.2489992458978,104
2024-09-18 10:11:27.031000,409.2282239054433,7
2024-09-18 10:11:27.053000,409.2209547893101,8
2024-09-18 10:11:27.118000,409.19826732947087,9
2024-09-18 10:11:27.197000,409.1969987720382,14
2024-09-18 10:11:27.202000,409.2025890105508,8
2024-09-18 10:11:27.329000,409.2285784580168,1001
2024-09-18 10:11:27.348000,409.22189336503214,97
2024-09-18 10:11:27.430000,409.19328140463386,97
2024-09-18 10:11:27.433000,409.2057920073311,5
2024-09-18 10:11:27.571000,409.21577041246246,105
2024-09-18 10:11:27.719000,409.2089790400518,101
2024-09-18 10:11:27.733000,409.24344326192215,100
2024-09-18 10:11:27.746000,409.2046987407349,12
2024-09-18 10:11:27.756000,409.2226817971435,1001
2024-09-18 10:11:27.795000,409.2197693924104,1001
2024-09-18 10:11:27.805000,409.21631296107984,999
2024-09-18 10:11:27.856000,409.2271249662813,99
2024-09-18 10:11:27.921000,409.2209369371237,14
2024-09-18 10:11:27.976000,409.2178927834713,97
2024-09-18 10:11:27.991000,409.1814284565048,999
2024-09-18 10:11:28.022000,409.2293116758226,11
2024-09-18 10:11:28.053000,409.27803409703887,1001
2024-09-18 10:11:28.105000,409.23036521726095,1002
2024-09-18 10:11:28.115000,409.2200383248872,95
2024-09-18 10:11:28.136000,409.2580507430883,8
2024-09-18 10:11:28.179000,409.2305144595946,6
2024-09-18 10:11:28.197000,409.3110864122656,995
2024-09-18 10:11:28.342000,409.2359379620016,8
2024-09-18 10:11:28.357000,409.2188189526071,98
2024-09-18 10:11:28.368000,409.2613270035092,1002
2024-09-18 10:11:28.379000,409.2816984742376,1005
2024-09-18 10:11:28.476000,409.2679713869256,12
2024-09-18 10:11:28.510000,409.3031415795433,997
2024-09-18 10:11:28.512000,409.2419184014431,1000
2024-09-18 10:11:28.550000,409.2814518795916,1002
2024-09-18 10:11:28.700000,409.2183469460163,103
2024-09-18 10:11:28.776000,409.29553143606415,97
2024-09-18 10:11:28.787000,409.2703018034288,10
2024-09-18 10:11:28.796000,409.2576678562005,10
2024-09-18 10:11:28.797000,409.2868742632732,12
2024-09-18 10:11:28.823000,409.19867740704206,15
2024-09-18 10:11:28.944000,409.20392563289033,13
2024-09-18 10:11:28.946000,409.30191674135136,1002
2024-09-18 10:11:29.012000,409.257069302552,996
2024-09-18 10:11:29.018000,409.2784414926938,99
2024-09-18 10:11:29.019000,409.27265921983445,95
2024-09-18 10:11:29.034000,409.27725220536354,97
2024-09-18 10:11:29.329000,409.262481962698,15
2024-09-18 10:11:29.614000,409.2744766719054,1002
2024-09-18 10:11:29.616000,409.2776019667305,5
2024-09-18 10:11:29.625000,409.2642122266402,12
2024-09-18 10:11:29.833000,409.2544588068728,97
2024-09-18 10:11:30.210000,409.2705966206629,1005
2024-09-18 10:11:31.016000,409.3177574849382,12
2024-09-18 10:11:31.019000,409.3249761457806,15
2024-09-18 10:11:31.111000,409.2797884458316,6
2024-09-18 10:11:31.119000,409.230242705394,7
2024-09-18 10:11:31.149000,409.32154079882025,98
2024-09-18 10:11:31.176000,409.3122827568381,1000
2024-09-18 10:11:31.189000,409.2745758469467,105
2024-09-18 10:11:31.195000,409.3348515439472,9
2024-09-18 10:11:31.215000,409.2530811863245,13
2024-09-18 10:11:31.235000,409.2314716127575,995
2024-09-18 10:11:31.279000,409.26837218905627,15
2024-09-18 10:11:31.299000,409.2376996265707,99
2024-09-18 10:11:31.396000,409.28077015656487,1000
2024-09-18 10:11:31.418000,409.2697161515972,5
2024-09-18 10:11:31.441000,409.2148805264941,96
2024-09-18 10:11:31.468000,409.2741985406959,101
2024-09-18 10:11:31.488000,409.30780169683584,6
2024-09-18 10:11:31.512000,409.2494828832141,11
2024-09-18 10:11:31.602000,409.2476271850534,10
2024-09-18 10:11:31.786000,409.2352073235728,995
2024-09-18 10:11:31.787000,409.2536284754444,104
2024-09-18 10:11:31.798000,409.2147621949112,96
2024-09-18 10:11:31.811000,409.3118042566504,105
2024-09-18 10:11:31.897000,409.2434198368175,998
2024-09-18 10:11:31.905000,409.3031062117309,100
2024-09-18 10:11:31.956000,409.312260702202,7
2024-09-18 10:11:31.991000,409.2507189821852,105
2024-09-18 10:11:32.010000,409.2178783130737,8
2024-09-18 10:11:32.069000,409.227023546176,8
2024-09-18 10:11:32.385000,409.2189424331985,101
2024-09-18 10:11:32.583000,409.2008102770087,15
2024-09-18 10:11:32.683000,409.2127880303047,995
2024-09-18 10:11:32.727000,409.22163173931176,995
2024-09-18 10:11:32.795000,409.2263244773102,98
2024-09-18 10:11:32.943000,409.201716418476,6
2024-09-18 10:11:33.168000,409.266512138921,1003
2024-09-18 10:11:33.365000,409.24094291125726,997
2024-09-18 10:11:33.631000,409.2474906870401,11
2024-09-18 10:11:33.785000,409.2481749042392,97
2024-09-18 10:11:34.008000,409.24576267914085,1004
2024-09-18 10:11:34.034000,409.2418150888374,12
2024-09-18 10:11:34.042000,409.2597443590206,997
2024-09-18 10:11:34.069000,409.236404491922,97
2024-09-18 10:11:34.136000,409.2052294603679,99
2024-09-18 10:11:34.163000,409.2230423791616,9
2024-09-18 10:11:34.166000,409.2290327858517,997
2024-09-18 10:11:34.300000,409.2240352956012,98
2024-09-18 10:11:34.331000,409.2678611198295,1002
2024-09-18 10:11:34.438000,409.23386107182654,14
2024-09-18 10:11:34.546000,409.237034037738,12
2024-09-18 10:11:34.643000,409.229109754641,100
2024-09-18 10:11:34.646000,409.22530183377125,1003
2024-09-18 10:11:34.729000,409.232953924523,14
2024-09-18 10:11:34.736000,409.2246716935472,997
2024-09-18 10:11:34.802000,409.2403385052263,1002
2024-09-18 10:11:34.843000,409.2316700737125,1005
2024-09-18 10:11:34.940000,409.2361143292565,1005
2024-09-18 10:11:34.961000,409.24497052698246,999
2024-09-18 10:11:35.189000,409.264875783237,13
2024-09-18 10:11:35.242000,409.2246497729303,101
2024-09-18 10:11:35.261000,409.2123169804233,10
2024-09-18 10:11:35.311000,409.2359214430173,14
2024-09-18 10:11:35.346000,409.2550163952487,102
2024-09-18 10:11:35.420000,409.2176374327249,102
2024-09-18 10:11:35.541000,409.2224667379753,95
2024-09-18 10:11:35.598000,409.2644973022434,105
2024-09-18 10:11:35.599000,409.2230762777744,998
2024-09-18 10:11:35.604000,409.232315623627,104
2024-09-18 10:11:35.655000,409.2455328150999,13
2024-09-18 10:11:35.684000,409.238601870784,9
2024-09-18 10:11:35.734000,409.2327355562717,101
2024-09-18 10:11:35.786000,409.239989788714,12
2024-09-18 10:11:35.887000,409.2100759330837,105
2024-09-18 10:11:35.984000,409.2398118711494,99
2024-09-18 10:11:36.241000,409.22673779636455,1005
2024-09-18 10:11:36.384000,409.2281019339557,103
2024-09-18 10:11:36.839000,409.2183748761593,7
2024-09-18 10:11:36.887000,409.2010603814431,999
2024-09-18 10:11:36.998000,409.2373648444832,1001
2024-09-18 10:11:37,409.1563820058468,998
2024-09-18 10:11:37.097000,409.1638646709611,995
2024-09-18 10:11:37.159000,409.2178572871636,97
2024-09-18 10:11:37.174000,409.1863723471778,997
2024-09-18 10:11:37.213000,409.1729544876823,15
2024-09-18 10:11:37.315000,409.19101120923295,999
2024-09-18 10:11:37.398000,409.1784786078905,105
2024-09-18 10:11:37.414000,409.195632850636,997
2024-09-18 10:11:37.447000,409.1700575600049,5
2024-09-18 10:11:37.458000,409.1417808355532,11
2024-09-18 10:11:37.518000,409.1889476599737,1005
2024-09-18 10:11:37.523000,409.2071276419793,7
2024-09-18 10:11:37.544000,409.175473579409,96
2024-09-18 10:11:37.553000,409.1361242002465,5
2024-09-18 10:11:37.576000,409.1845720668093,7
2024-09-18 10:11:37.621000,409.2106536371545,7
2024-09-18 10:11:37.665000,409.1516215810676,12
2024-09-18 10:11:37.671000,409.2095604124021,1004
2024-09-18 10:11:37.686000,409.19222608563695,96
2024-09-18 10:11:37.694000,409.205710968697,103
2024-09-18 10:11:37.841000,409.20086067649305,100
2024-09-18 10:11:37.847000,409.153138226491,6
2024-09-18 10:11:37.862000,409.20467057852267,102
2024-09-18 10:11:37.898000,409.2120123198402,96
2024-09-18 10:11:37.909000,409.2119240326368,1001
2024-09-18 10:11:37.952000,409.168042535426,98
2024-09-18 10:11:38.089000,409.1465932410727,96
2024-09-18 10:11:38.123000,409.16462489941193,9
2024-09-18 10:11:38.617000,409.141316861176,95
2024-09-18 10:11:38.682000,409.16284464225646,996
2024-09-18 10:11:38.766000,409.1526254824033,1004
2024-09-18 10:11:38.783000,409.1417821466346,10
2024-09-18 10:11:38.829000,409.149716168618,13
2024-09-18 10:11:38.896000,409.1399994560718,11
2024-09-18 10:11:39.032000,409.23524938120767,1005
2024-09-18 10:11:39.134000,409.2655997606103,104
2024-09-18 10:11:39.183000,409.2184195950133,100
2024-09-18 10:11:39.192000,409.1970113105276,95
2024-09-18 10:11:39.198000,409.1996694838971,6
2024-09-18 10:11:39.203000,409.2685562826738,7
2024-09-18 10:11:39.214000,409.20453653445503,5
2024-09-18 10:11:39.242000,409.2255029132671,1003
2024-09-18 10:11:39.257000,409.1885276863631,104
2024-09-18 10:11:39.332000,409.19799041014863,15
2024-09-18 10:11:39.385000,409.2019105351209,100
2024-09-18 10:11:39.399000,409.1808892779289,100
2024-09-18 10:11:39.489000,409.16061261007815,102
2024-09-18 10:11:39.511000,409.2271572002812,1000
2024-09-18 10:11:39.721000,409.1902878373437,996
2024-09-18 10:11:39.723000,409.1776133224516,995
2024-09-18 10:11:39.763000,409.1829098977495,14
2024-09-18 10:11:39.810000,409.2005424122927,7
2024-09-18 10:11:39.826000,409.2340817149137,101
2024-09-18 10:11:39.826000,409.205760143438,104
2024-09-18 10:11:39.827000,409.1651453425464,11
2024-09-18 10:11:39.840000,409.2270649885354,98
2024-09-18 10:11:39.914000,409.2095463532814,104
2024-09-18 10:11:39.918000,409.17735716559713,1001
2024-09-18 10:11:39.962000,409.2580369463441,104
2024-09-18 10:11:40.495000,409.18513335422665,7
2024-09-18 10:11:40.575000,409.2011415740651,11
2024-09-18 10:11:40.588000,409.19423449587424,95
2024-09-18 10:11:40.667000,409.2114865783004,14
2024-09-18 10:11:41.086000,409.1933385903493,13
2024-09-18 10:11:41.311000,409.2013038935075,10
2024-09-18 10:11:41.435000,409.1949716971035,1000
2024-09-18 10:11:41.458000,409.19478245832784,12
2024-09-18 10:11:41.809000,409.2073395793835,5
2024-09-18 10:11:41.971000,409.1869835797917,96
2024-09-18 10:11:42.012000,409.2218536901984,997
2024-09-18 10:11:42.063000,409.2037024652128,14
2024-09-18 10:11:42.214000,409.2235801290767,11
2024-09-18 10:11:42.580000,409.2051906662218,997
2024-09-18 10:11:42.698000,409.22929493989767,1001
2024-09-18 10:11:42.757000,409.2393112905098,100
2024-09-18 10:11:43.034000,409.2636255867348,5
2024-09-18 10:11:43.577000,409.25813428144113,7
2024-09-18 10:11:43.887000,409.24615583615895,9
2024-09-18 10:11:44.025000,409.28441534129576,6
2024-09-18 10:11:44.025000,409.2642505028599,999
2024-09-18 10:11:44.032000,409.2758575894066,11
2024-09-18 10:11:44.122000,409.24662909900286,101
2024-09-18 10:11:44.175000,409.2464124123704,99
2024-09-18 10:11:44.260000,409.2827612096561,996
2024-09-18 10:11:44.400000,409.2775283109112,997
2024-09-18 10:11:44.566000,409.2529484654832,1002
2024-09-18 10:11:44.624000,409.2614103965461,1001
2024-09-18 10:11:44.680000,409.2477588474122,105
2024-09-18 10:11:44.680000,409.247531924697,1001
2024-09-18 10:11:44.706000,409.29478040077305,6
2024-09-18 10:11:44.716000,409.2885932205888,7
2024-09-18 10:11:44.718000,409.29548993107727,8
2024-09-18 10:11:44.749000,409.27585264146256,1001
2024-09-18 10:11:44.760000,409.3069763669986,1005
2024-09-18 10:11:44.796000,409.2771134011152,105
2024-09-18 10:11:44.846000,409.2700803285656,12
2024-09-18 10:11:44.885000,409.29000947544,15
2024-09-18 10:11:44.888000,409.2407724814107,100
2024-09-18 10:11:45.016000,409.2736303202492,96
2024-09-18 10:11:45.095000,409.2831033901383,1001
2024-09-18 10:11:45.140000,409.2840047752029,12
2024-09-18 10:11:45.143000,409.2825253949385,8
2024-09-18 10:11:45.347000,409.2850587854859,5
2024-09-18 10:11:45.494000,409.28437429058505,105
2024-09-18 10:11:45.842000,409.2807391812015,105
2024-09-18 10:11:45.913000,409.299871362444,99
2024-09-18 10:11:45.933000,409.27889675573664,15
2024-09-18 10:11:46.067000,409.33789072197976,104
2024-09-18 10:11:46.074000,409.36028144794346,1003
2024-09-18 10:11:46.080000,409.324783469244,11
2024-09-18 10:11:46.118000,409.3662670391225,104
2024-09-18 10:11:46.125000,409.31459942043193,98
2024-09-18 10:11:46.169000,409.3559944073127,1004
2024-09-18 10:11:46.224000,409.3409951625391,105
2024-09-18 10:11:46.249000,409.3371452985924,105
2024-09-18 10:11:46.259000,409.3658977680576,1003
2024-09-18 10:11:46.311000,409.35534194492345,1005
2024-09-18 10:11:46.318000,409.3409842534953,105
2024-09-18 10:11:46.360000,409.3544741530748,1002
2024-09-18 10:11:46.376000,409.3824776573731,10
2024-09-18 10:11:46.394000,409.3624568795972,998
2024-09-18 10:11:46.400000,409.3497557292182,104
2024-09-18 10:11:46.401000,409.34138254035946,11
2024-09-18 10:11:46.446000,409.3453028430387,11
2024-09-18 10:11:46.560000,409.364332810204,997
2024-09-18 10:11:46.574000,409.3636912627141,12
2024-09-18 10:11:46.605000,409.35483639161833,1005
2024-09-18 10:11:46.656000,409.3598790478396,10
2024-09-18 10:11:46.721000,409.3722410268404,997
2024-09-18 10:11:46.725000,409.3605750396748,997
2024-09-18 10:11:46.775000,409.3657098711331,997
2024-09-18 10:11:46.808000,409.3382028779684,998
2024-09-18 10:11:46.896000,409.3901944643832,1004
2024-09-18 10:11:46.973000,409.3416601646944,1003
2024-09-18 10:11:46.997000,409.3464963618538,10
2024-09-18 10:11:47.041000,409.4008002272772,5
2024-09-18 10:11:47.043000,409.4040231710767,13
2024-09-18 10:11:47.143000,409.4039616696064,6
2024-09-18 10:11:47.145000,409.3862567823056,98
2024-09-18 10:11:47.219000,409.4019962890943,8
2024-09-18 10:11:47.239000,409.425309939392,1003
2024-09-18 10:11:47.353000,409.3967767467889,102
2024-09-18 10:11:47.408000,409.3952109050255,5
2024-09-18 10:11:47.425000,409.39141735637946,9
2024-09-18 10:11:47.431000,409.3981175600303,996
2024-09-18 10:11:47.438000,409.4069239290047,101
2024-09-18 10:11:47.598000,409.3951496882287,1000
2024-09-18 10:11:47.626000,409.4098609270344,15
2024-09-18 10:11:47.682000,409.41629276769487,997
2024-09-18 10:11:47.765000,409.40218158286666,97
2024-09-18 10:11:47.788000,409.3999489939685,997
2024-09-18 10:11:47.872000,409.4197691085495,7
2024-09-18 10:11:47.875000,409.3904984484131,104
2024-09-18 10:11:47.907000,409.4204860465933,103
2024-09-18 10:11:47.922000,409.4057919176679,8
2024-09-18 10:11:47.939000,409.4113623504736,995
2024-09-18 10:11:47.950000,409.3982016834563,95
2024-09-18 10:11:47.994000,409.39345072117067,1004
2024-09-18 10:11:48.045000,409.3889200454468,12
2024-09-18 10:11:48.110000,409.4148114321257,13
2024-09-18 10:11:48.111000,409.4088742739892,5
2024-09-18 10:11:48.117000,409.4020061032895,101
2024-09-18 10:11:48.156000,409.4026216363381,15
2024-09-18 10:11:48.168000,409.42406732418016,15
2024-09-18 10:11:48.205000,409.4073561013948,9
2024-09-18 10:11:48.224000,409.4206889257362,97
2024-09-18 10:11:48.252000,409.437771651691,998
2024-09-18 10:11:48.308000,409.4192552201943,1002
2024-09-18 10:11:48.323000,409.4198756691509,14
2024-09-18 10:11:48.412000,409.4146117778015,95
2024-09-18 10:11:48.453000,409.3899590717385,102
2024-09-18 10:11:48.629000,409.4223007394188,9
2024-09-18 10:11:48.685000,409.4080030143747,6
2024-09-18 10:11:48.686000,409.43253751180976,11
2024-09-18 10:11:50.039000,409.3966211256866,15
2024-09-18 10:11:50.064000,409.38109845926186,1002
2024-09-18 10:11:50.420000,409.37720384236906,99
2024-09-18 10:11:50.507000,409.36658386183376,95
2024-09-18 10:11:50.512000,409.412371845622,15
2024-09-18 10:11:50.547000,409.4084938963669,104
2024-09-18 10:11:50.551000,409.3780712582907,10
2024-09-18 10:11:50.578000,409.3760870560303,95
2024-09-18 10:11:50.586000,409.4123574058039,104
2024-09-18 10:11:50.619000,409.4076689849126,95
2024-09-18 10:11:50.775000,409.3708240024607,996
2024-09-18 10:11:50.992000,409.3899852794808,98
2024-09-18 10:11:51.062000,409.3418748056258,1005
2024-09-18 10:11:51.235000,409.3449553207014,103
2024-09-18 10:11:51.237000,409.3748750383885,10
2024-09-18 10:11:51.266000,409.3294313951528,996
2024-09-18 10:11:51.823000,409.3607563048724,100
2024-09-18 10:11:52.067000,409.3671639201865,98
2024-09-18 10:11:52.185000,409.39249081808987,7
2024-09-18 10:11:52.381000,409.37553879927447,97
2024-09-18 10:11:52.578000,409.3628995056567,104
2024-09-18 10:11:52.725000,409.3731605092313,996
2024-09-18 10:11:52.803000,409.3789351409747,14
2024-09-18 10:11:52.806000,409.4122425589871,104
2024-09-18 10:11:52.809000,409.41232398890713,97
2024-09-18 10:11:52.901000,409.39459596896575,1001
2024-09-18 10:11:52.975000,409.3957287998324,1001
2024-09-18 10:11:53.048000,409.3674544087624,100
2024-09-18 10:11:53.274000,409.32295655703854,100
2024-09-18 10:11:53.314000,409.3831393377481,101
2024-09-18 10:11:53.390000,409.3416915699882,96
2024-09-18 10:11:53.459000,409.33766968499,15
2024-09-18 10:11:53.603000,409.3557759738785,11
2024-09-18 10:11:53.605000,409.32901905048624,999
2024-09-18 10:11:53.614000,409.3349909595428,10
2024-09-18 10:11:53.736000,409.3787724561433,5
2024-09-18 10:11:53.792000,409.3220419187225,1000
2024-09-18 10:11:53.815000,409.363195822436,97
2024-09-18 10:11:53.825000,409.3725250485123,102
2024-09-18 10:11:53.982000,409.367744580465,1000
2024-09-18 10:11:54.041000,409.3441851665773,1000
2024-09-18 10:11:54.073000,409.3549796262145,12
2024-09-18 10:11:54.118000,409.3685957182535,101
2024-09-18 10:11:54.142000,409.3783966924496,97
2024-09-18 10:11:54.146000,409.3815201669282,995
2024-09-18 10:11:54.172000,409.3844359088295,995
2024-09-18 10:11:54.339000,409.3664540412499,101
2024-09-18 10:11:54.378000,409.3620091486039,103
2024-09-18 10:11:54.407000,409.3573313188045,98
2024-09-18 10:11:54.411000,409.3743842047424,1005
2024-09-18 10:11:54.431000,409.3175507042923,999
2024-09-18 10:11:54.433000,409.3850647408451,1004
2024-09-18 10:11:54.546000,409.3475106160512,102
2024-09-18 10:11:54.733000,409.3531941747157,12
2024-09-18 10:11:54.770000,409.3578959114275,999
2024-09-18 10:11:54.813000,409.38561890001614,100
2024-09-18 10:11:54.833000,409.3879703088433,9
2024-09-18 10:11:54.839000,409.34243317943753,95
2024-09-18 10:11:54.911000,409.38188324527096,997
2024-09-18 10:11:55.079000,409.4645250024766,11
2024-09-18 10:11:55.144000,409.4198246166773,6
2024-09-18 10:11:55.165000,409.4481659293932,9
2024-09-18 10:11:55.169000,409.44744793416686,7
2024-09-18 10:11:55.198000,409.4125955194836,6
2024-09-18 10:11:55.209000,409.445489031772,999
2024-09-18 10:11:55.240000,409.4354748731069,1002
2024-09-18 10:11:55.268000,409.3962453350962,7
2024-09-18 10:11:55.311000,409.40370975466783,998
2024-09-18 10:11:55.364000,409.4230287330638,100
2024-09-18 10:11:55.365000,409.4096921767562,1003
2024-09-18 10:11:55.471000,409.4278341035622,1002
2024-09-18 10:11:55.485000,409.3930037352106,12
2024-09-18 10:11:55.491000,409.4343270358321,1000
2024-09-18 10:11:55.510000,409.38097145526905,7
2024-09-18 10:11:55.529000,409.4452805147965,101
2024-09-18 10:11:55.549000,409.3817240931893,102
2024-09-18 10:11:55.658000,409.4528460853121,104
2024-09-18 10:11:55.697000,409.3650941795692,1004
2024-09-18 10:11:55.709000,409.44344186887975,14
2024-09-18 10:11:55.714000,409.4252807920651,10
2024-09-18 10:11:55.785000,409.386493170691,99
2024-09-18 10:11:55.801000,409.4200569622632,14
2024-09-18 10:11:55.933000,409.436780848592,6
2024-09-18 10:11:55.952000,409.37955170009855,95
2024-09-18 10:11:56.044000,409.3430517569111,102
2024-09-18 10:11:56.047000,409.3468060943024,11
2024-09-18 10:11:56.075000,409.3466082053153,11
2024-09-18 10:11:56.097000,409.3272450106656,11
2024-09-18 10:11:56.107000,409.32085257168825,96
2024-09-18 10:11:56.155000,409.33018749272674,100
2024-09-18 10:11:56.204000,409.33047781393486,1003
2024-09-18 10:11:56.263000,409.3459632287292,103
2024-09-18 10:11:56.264000,409.3558419743886,1001
2024-09-18 10:11:56.273000,409.3342771820245,9
2024-09-18 10:11:56.320000,409.3091081023581,100
2024-09-18 10:11:56.325000,409.3373776620032,999
2024-09-18 10:11:56.378000,409.32307916408513,102
2024-09-18 10:11:56.402000,409.3696571573952,999
2024-09-18 10:11:56.431000,409.3410110708427,102
2024-09-18 10:11:56.483000,409.3043239093896,101
2024-09-18 10:11:56.507000,409.3625992279016,102
2024-09-18 10:11:56.558000,409.3400522313133,97
2024-09-18 10:11:56.619000,409.362615649743,95
2024-09-18 10:11:56.695000,409.3200579648554,1004
2024-09-18 10:11:56.765000,409.33701444846673,7
2024-09-18 10:11:56.806000,409.3211126862333,12
2024-09-18 10:11:56.895000,409.3455230617982,9
2024-09-18 10:11:56.965000,409.3291662391999,5
2024-09-18 10:11:57.448000,409.3164719014299,95
2024-09-18 10:11:57.642000,409.2992031823292,7
2024-09-18 10:11:58.123000,409.308172611034,11
2024-09-18 10:11:58.123000,409.2897250216095,103
2024-09-18 10:11:58.145000,409.3021497356484,997
2024-09-18 10:11:58.232000,409.2922426110461,7
2024-09-18 10:11:58.346000,409.2736115672739,97
2024-09-18 10:11:58.374000,409.2933123826029,7
2024-09-18 10:11:58.495000,409.31578416867023,100
2024-09-18 10:11:58.556000,409.2989398286391,14
2024-09-18 10:11:58.564000,409.2846997938527,97
2024-09-18 10:11:58.719000,409.28945624853606,97
2024-09-18 10:11:58.753000,409.29335671864726,1003
2024-09-18 10:11:58.835000,409.2772645273159,1005
2024-09-18 10:11:58.858000,409.3025099207368,13
2024-09-18 10:11:59,409.3063917039095,102
2024-09-18 10:11:59.019000,409.30407506451616,1000
2024-09-18 10:11:59.117000,409.31449075242506,999
2024-09-18 10:11:59.123000,409.3021608611704,10
2024-09-18 10:11:59.271000,409.3270420377329,1001
2024-09-18 10:11:59.342000,409.3078377839312,104
2024-09-18 10:11:59.487000,409.3249004866898,97
2024-09-18 10:11:59.638000,409.31196310892113,96
2024-09-18 10:11:59.658000,409.2939806888946,100
2024-09-18 10:11:59.745000,409.3145473725842,101
2024-09-18 10:11:59.748000,409.3007240961617,103
2024-09-18 10:11:59.952000,409.2873780550197,1004
2024-09-18 10:11:59.958000,409.3089992605898,99
2024-09-18 10:11:59.969000,409.2752155479211,95
