Timestamp,Price,Size
2024-09-18 11:31:00.063000,416.9422681253216,97
2024-09-18 11:31:00.119000,416.9579568263068,97
2024-09-18 11:31:00.135000,416.9003455994832,103
2024-09-18 11:31:00.149000,416.9077817418777,12
2024-09-18 11:31:00.223000,416.943634215442,6
2024-09-18 11:31:00.238000,416.91952659802575,5
2024-09-18 11:31:00.326000,416.9392972158754,105
2024-09-18 11:31:00.381000,416.9589699506173,1004
2024-09-18 11:31:00.419000,416.9573943703446,99
2024-09-18 11:31:00.463000,416.96588358792144,1004
2024-09-18 11:31:00.478000,416.963804542254,1002
2024-09-18 11:31:00.489000,416.9407400939493,102
2024-09-18 11:31:00.496000,416.935096883006,1005
2024-09-18 11:31:00.531000,416.9418113028863,999
2024-09-18 11:31:00.543000,416.97220089134765,997
2024-09-18 11:31:00.640000,416.92513056565696,96
2024-09-18 11:31:00.660000,416.9271228515436,8
2024-09-18 11:31:00.687000,416.95838643104463,100
2024-09-18 11:31:00.772000,416.8994399743094,95
2024-09-18 11:31:00.787000,416.9425136230924,97
2024-09-18 11:31:00.793000,416.9132825330741,1003
2024-09-18 11:31:00.900000,416.9513473985687,999
2024-09-18 11:31:00.918000,416.9272779346208,998
2024-09-18 11:31:00.921000,416.9221127066888,6
2024-09-18 11:31:01.005000,416.96906779238856,1002
2024-09-18 11:31:01.037000,416.9476559666503,1001
2024-09-18 11:31:01.088000,416.9184667636747,104
2024-09-18 11:31:01.207000,416.9526296939552,95
2024-09-18 11:31:01.219000,416.9264862552295,8
2024-09-18 11:31:01.260000,416.9618769874997,102
2024-09-18 11:31:01.348000,416.9461281292925,1002
2024-09-18 11:31:01.353000,416.9581336137697,101
2024-09-18 11:31:01.377000,416.9174648011953,1002
2024-09-18 11:31:01.386000,416.9116157645577,1003
2024-09-18 11:31:01.399000,416.931358438065,13
2024-09-18 11:31:01.410000,416.9182547200747,1002
2024-09-18 11:31:01.424000,416.9427627926391,1001
2024-09-18 11:31:01.535000,416.9557149705847,105
2024-09-18 11:31:01.538000,416.9271547128093,998
2024-09-18 11:31:01.609000,416.9180904743577,99
2024-09-18 11:31:01.701000,416.9216623014605,96
2024-09-18 11:31:01.736000,416.9591055073933,1003
2024-09-18 11:31:01.749000,416.9201173154834,104
2024-09-18 11:31:01.761000,416.906940415207,100
2024-09-18 11:31:01.765000,416.9431098500328,7
2024-09-18 11:31:01.803000,416.9811473978412,1002
2024-09-18 11:31:01.813000,416.97313434709264,96
2024-09-18 11:31:01.818000,416.9159420618904,13
2024-09-18 11:31:01.936000,416.94499070311446,1002
2024-09-18 11:31:01.946000,416.9440897190198,97
2024-09-18 11:31:02.078000,416.91076198629867,103
2024-09-18 11:31:02.186000,416.9207543075981,5
2024-09-18 11:31:02.247000,416.906470430345,5
2024-09-18 11:31:02.400000,416.8983363308609,9
2024-09-18 11:31:02.444000,416.94647358792207,95
2024-09-18 11:31:02.479000,416.9331882807839,997
2024-09-18 11:31:02.614000,416.927948432179,101
2024-09-18 11:31:02.656000,416.8922372865589,101
2024-09-18 11:31:02.721000,416.9150113104516,100
2024-09-18 11:31:02.998000,416.9134341942613,101
2024-09-18 11:31:03.003000,416.8786605579456,1001
2024-09-18 11:31:03.137000,416.88835473281335,99
2024-09-18 11:31:03.187000,416.8799898190815,999
2024-09-18 11:31:03.193000,416.8210355722742,1005
2024-09-18 11:31:03.221000,416.8511047084298,6
2024-09-18 11:31:03.256000,416.87714291303166,7
2024-09-18 11:31:03.313000,416.8566406613161,5
2024-09-18 11:31:03.330000,416.8701166391869,103
2024-09-18 11:31:03.368000,416.8642542253773,1002
2024-09-18 11:31:03.398000,416.8651966639024,1001
2024-09-18 11:31:03.406000,416.86921872374256,1005
2024-09-18 11:31:03.422000,416.8823402675241,1002
2024-09-18 11:31:03.461000,416.8710906868005,104
2024-09-18 11:31:03.524000,416.8816752572374,11
2024-09-18 11:31:03.573000,416.8638497188355,1002
2024-09-18 11:31:03.616000,416.8630178831878,11
2024-09-18 11:31:03.626000,416.857912534813,995
2024-09-18 11:31:03.673000,416.8870262414411,104
2024-09-18 11:31:03.685000,416.8513896135691,1004
2024-09-18 11:31:03.688000,416.8639374526896,1002
2024-09-18 11:31:03.778000,416.86786684045694,999
2024-09-18 11:31:03.840000,416.8525549272534,1005
2024-09-18 11:31:03.842000,416.8547412328801,12
2024-09-18 11:31:03.852000,416.85345323113165,9
2024-09-18 11:31:03.861000,416.8413382435355,1002
2024-09-18 11:31:03.902000,416.8727243869035,103
2024-09-18 11:31:03.981000,416.81810327149634,98
2024-09-18 11:31:05.164000,416.8535827554125,1004
2024-09-18 11:31:05.574000,416.8337513525563,100
2024-09-18 11:31:05.656000,416.846110090666,5
2024-09-18 11:31:05.718000,416.84388638119697,105
2024-09-18 11:31:05.758000,416.8321544147474,100
2024-09-18 11:31:05.889000,416.8512573593361,101
2024-09-18 11:31:06.025000,416.8864963656544,1002
2024-09-18 11:31:06.025000,416.8910703627645,7
2024-09-18 11:31:06.028000,416.8877745490787,1005
2024-09-18 11:31:06.033000,416.8894783103762,95
2024-09-18 11:31:06.040000,416.8905365442742,998
2024-09-18 11:31:06.077000,416.9121795412981,98
2024-09-18 11:31:06.143000,416.90889561449126,102
2024-09-18 11:31:06.149000,416.8793588790296,997
2024-09-18 11:31:06.230000,416.870812660791,97
2024-09-18 11:31:06.304000,416.8707855822751,101
2024-09-18 11:31:06.335000,416.86175662872495,104
2024-09-18 11:31:06.372000,416.8766312676028,99
2024-09-18 11:31:06.405000,416.87577441169583,998
2024-09-18 11:31:06.491000,416.8851855427058,15
2024-09-18 11:31:06.608000,416.87766964703553,98
2024-09-18 11:31:06.665000,416.8722744275505,100
2024-09-18 11:31:06.728000,416.88272606593273,102
2024-09-18 11:31:06.728000,416.9021534438869,105
2024-09-18 11:31:06.739000,416.8966404524389,103
2024-09-18 11:31:06.852000,416.8605544191404,998
2024-09-18 11:31:06.865000,416.88489177833856,95
2024-09-18 11:31:06.866000,416.8718883048175,104
2024-09-18 11:31:06.875000,416.8929864538591,105
2024-09-18 11:31:06.884000,416.8802381104761,1002
2024-09-18 11:31:06.961000,416.8819266250733,104
2024-09-18 11:31:07.036000,416.8933427864016,997
2024-09-18 11:31:07.079000,416.912839224125,102
2024-09-18 11:31:07.128000,416.9096892609237,103
2024-09-18 11:31:07.281000,416.91067982763326,100
2024-09-18 11:31:07.286000,416.8984951052936,995
2024-09-18 11:31:07.991000,416.90036702854906,6
2024-09-18 11:31:08.277000,416.8919302120029,97
2024-09-18 11:31:08.467000,416.8808475397196,15
2024-09-18 11:31:08.653000,416.8914766211433,1004
2024-09-18 11:31:08.711000,416.9027215345041,999
2024-09-18 11:31:09.069000,416.8920299163034,1002
2024-09-18 11:31:09.070000,416.93518392718886,11
2024-09-18 11:31:09.103000,416.95960804346873,103
2024-09-18 11:31:09.157000,416.9618962019194,13
2024-09-18 11:31:09.237000,416.9289691256139,11
2024-09-18 11:31:09.256000,416.9030861349155,105
2024-09-18 11:31:09.270000,416.9414782091333,101
2024-09-18 11:31:09.366000,416.9487914414119,1002
2024-09-18 11:31:09.367000,416.9621075924435,97
2024-09-18 11:31:09.386000,416.9402424915235,8
2024-09-18 11:31:09.435000,416.9361553018202,103
2024-09-18 11:31:09.564000,416.9595405944863,95
2024-09-18 11:31:09.651000,416.93843135360265,8
2024-09-18 11:31:09.658000,416.9475067482345,105
2024-09-18 11:31:09.720000,416.94250973127646,12
2024-09-18 11:31:09.735000,416.9512478129535,97
2024-09-18 11:31:09.741000,416.939751386846,12
2024-09-18 11:31:09.742000,416.950109422588,1005
2024-09-18 11:31:09.743000,416.9363976463584,7
2024-09-18 11:31:09.783000,416.95049671626685,5
2024-09-18 11:31:09.858000,416.9571397040121,98
2024-09-18 11:31:09.868000,416.8999655217864,997
2024-09-18 11:31:09.884000,416.9300571495179,1003
2024-09-18 11:31:09.904000,416.9234682354909,102
2024-09-18 11:31:09.910000,416.9090662429824,14
2024-09-18 11:31:10.001000,416.9390478621056,98
2024-09-18 11:31:10.166000,416.909770094852,6
2024-09-18 11:31:10.230000,416.893333195239,995
2024-09-18 11:31:10.249000,416.9188328451264,998
2024-09-18 11:31:10.375000,416.8509219087648,95
2024-09-18 11:31:10.472000,416.94193042528974,6
2024-09-18 11:31:10.483000,416.9491088197007,12
2024-09-18 11:31:10.567000,416.9320423726133,98
2024-09-18 11:31:10.622000,416.93149506151184,1005
2024-09-18 11:31:10.753000,416.89865643232577,998
2024-09-18 11:31:10.821000,416.9340555902375,1004
2024-09-18 11:31:10.835000,416.9237112316015,13
2024-09-18 11:31:10.986000,416.9438089804162,105
2024-09-18 11:31:11.031000,416.8042353279816,104
2024-09-18 11:31:11.135000,416.8396702867161,103
2024-09-18 11:31:11.182000,416.8403544511864,97
2024-09-18 11:31:11.264000,416.76481531733134,14
2024-09-18 11:31:11.290000,416.7641047818025,1002
2024-09-18 11:31:11.316000,416.7605304821757,95
2024-09-18 11:31:11.370000,416.7988753156741,8
2024-09-18 11:31:11.496000,416.7961440885164,9
2024-09-18 11:31:11.532000,416.7869817944537,996
2024-09-18 11:31:11.681000,416.7779752330063,101
2024-09-18 11:31:11.730000,416.8234710529285,1005
2024-09-18 11:31:11.763000,416.7991260812257,9
2024-09-18 11:31:11.775000,416.8361380680023,15
2024-09-18 11:31:11.780000,416.81457533020057,102
2024-09-18 11:31:11.791000,416.75919024819774,1003
2024-09-18 11:31:11.796000,416.83772641395694,6
2024-09-18 11:31:11.810000,416.8335302805123,95
2024-09-18 11:31:11.815000,416.7993239086048,96
2024-09-18 11:31:11.853000,416.82614660049904,8
2024-09-18 11:31:11.887000,416.8402668434789,11
2024-09-18 11:31:11.889000,416.7914480155464,1004
2024-09-18 11:31:11.895000,416.8353518585437,1004
2024-09-18 11:31:11.928000,416.76775951066304,999
2024-09-18 11:31:11.930000,416.8174419869992,1004
2024-09-18 11:31:11.977000,416.831524937331,14
2024-09-18 11:31:12.008000,416.8054384948164,1000
2024-09-18 11:31:12.021000,416.8240734384264,9
2024-09-18 11:31:12.127000,416.8521774576269,101
2024-09-18 11:31:12.216000,416.8462282397647,1001
2024-09-18 11:31:12.263000,416.8317849412699,1004
2024-09-18 11:31:12.341000,416.8152283253355,998
2024-09-18 11:31:12.368000,416.8396935412697,12
2024-09-18 11:31:12.440000,416.8219774304808,1002
2024-09-18 11:31:12.449000,416.8407389919392,10
2024-09-18 11:31:12.469000,416.8507187940588,15
2024-09-18 11:31:12.526000,416.8201602001748,15
2024-09-18 11:31:12.542000,416.8300941343316,95
2024-09-18 11:31:12.566000,416.83212124676015,103
2024-09-18 11:31:12.624000,416.8233079593818,998
2024-09-18 11:31:12.797000,416.8061198200738,12
2024-09-18 11:31:12.947000,416.8473870628448,96
2024-09-18 11:31:12.962000,416.8240506663323,1000
2024-09-18 11:31:13.189000,416.8497959971234,996
2024-09-18 11:31:13.281000,416.88206308091577,105
2024-09-18 11:31:13.379000,416.82278453426943,12
2024-09-18 11:31:13.454000,416.84051732122026,13
2024-09-18 11:31:13.781000,416.829567796217,102
2024-09-18 11:31:13.882000,416.8552179226117,95
2024-09-18 11:31:14.209000,416.8791601621035,1005
2024-09-18 11:31:14.906000,416.8997191233921,1005
2024-09-18 11:31:15.126000,416.8799461853308,9
2024-09-18 11:31:16.030000,416.9053771773845,102
2024-09-18 11:31:16.057000,416.8603385601271,1001
2024-09-18 11:31:16.125000,416.9018214112881,15
2024-09-18 11:31:16.161000,416.8623544597102,11
2024-09-18 11:31:16.225000,416.8773621742533,11
2024-09-18 11:31:16.265000,416.8716950147399,1001
2024-09-18 11:31:16.289000,416.9013017689257,995
2024-09-18 11:31:16.315000,416.9321392054829,998
2024-09-18 11:31:16.367000,416.8990709378679,1001
2024-09-18 11:31:16.428000,416.876728870464,7
2024-09-18 11:31:16.524000,416.8992941860295,998
2024-09-18 11:31:16.536000,416.869830182639,8
2024-09-18 11:31:16.619000,416.9134249221751,1001
2024-09-18 11:31:16.627000,416.9012607358525,7
2024-09-18 11:31:16.637000,416.9013142243618,1000
2024-09-18 11:31:16.638000,416.91041587640206,14
2024-09-18 11:31:16.682000,416.8704989894846,1005
2024-09-18 11:31:16.695000,416.89078507375183,997
2024-09-18 11:31:16.707000,416.90396403671474,997
2024-09-18 11:31:16.876000,416.8982750675177,103
2024-09-18 11:31:16.912000,416.8881070344947,998
2024-09-18 11:31:17.125000,416.8068381697284,999
2024-09-18 11:31:17.171000,416.8026118626146,13
2024-09-18 11:31:17.185000,416.7912653422643,996
2024-09-18 11:31:17.389000,416.7951819162368,96
2024-09-18 11:31:17.451000,416.7956750434253,14
2024-09-18 11:31:17.510000,416.8125346765689,998
2024-09-18 11:31:17.511000,416.83247538432187,10
2024-09-18 11:31:17.640000,416.8766227980883,5
2024-09-18 11:31:17.665000,416.813457922374,1003
2024-09-18 11:31:17.709000,416.7915777953594,1003
2024-09-18 11:31:17.735000,416.8153116553312,100
2024-09-18 11:31:17.741000,416.8486875947428,5
2024-09-18 11:31:17.815000,416.7908259141951,98
2024-09-18 11:31:17.818000,416.7956440722817,995
2024-09-18 11:31:17.848000,416.8547564184887,14
2024-09-18 11:31:17.906000,416.7973876733519,1005
2024-09-18 11:31:18.029000,416.70566304512255,95
2024-09-18 11:31:18.038000,416.7287768574232,7
2024-09-18 11:31:18.176000,416.7542291673056,102
2024-09-18 11:31:18.260000,416.7075511189666,96
2024-09-18 11:31:18.311000,416.7157039217064,1001
2024-09-18 11:31:18.396000,416.7136155013041,97
2024-09-18 11:31:18.451000,416.72634321382833,12
2024-09-18 11:31:18.525000,416.7029023341099,103
2024-09-18 11:31:18.534000,416.6910643885449,8
2024-09-18 11:31:18.538000,416.70925312900926,1002
2024-09-18 11:31:18.551000,416.7022807797956,1002
2024-09-18 11:31:18.621000,416.70237544446144,995
2024-09-18 11:31:18.631000,416.7298055699944,998
2024-09-18 11:31:18.636000,416.71042418227535,1000
2024-09-18 11:31:18.745000,416.7065091907765,10
2024-09-18 11:31:18.778000,416.7376351946463,1005
2024-09-18 11:31:18.819000,416.7884828381244,9
2024-09-18 11:31:18.847000,416.7236607008821,96
2024-09-18 11:31:18.869000,416.70364347597086,101
2024-09-18 11:31:18.875000,416.7369265033026,104
2024-09-18 11:31:18.955000,416.8090381304261,5
2024-09-18 11:31:19.159000,416.7681937509489,12
2024-09-18 11:31:19.162000,416.7033336689348,98
2024-09-18 11:31:19.172000,416.7246607086012,102
2024-09-18 11:31:19.313000,416.73809157147946,101
2024-09-18 11:31:19.467000,416.707571596721,996
2024-09-18 11:31:19.512000,416.70080367307503,7
2024-09-18 11:31:19.569000,416.6965013933225,98
2024-09-18 11:31:19.603000,416.7537097095674,996
2024-09-18 11:31:19.610000,416.72521446315017,996
2024-09-18 11:31:19.678000,416.7089424670161,1005
2024-09-18 11:31:19.705000,416.7115821986124,13
2024-09-18 11:31:19.744000,416.7471262454803,5
2024-09-18 11:31:19.747000,416.7333414604021,14
2024-09-18 11:31:19.775000,416.7280522894836,1005
2024-09-18 11:31:19.810000,416.7742031591229,998
2024-09-18 11:31:19.814000,416.71125545549256,9
2024-09-18 11:31:19.821000,416.7868471252028,998
2024-09-18 11:31:19.827000,416.70517746998297,1004
2024-09-18 11:31:19.839000,416.7319400122086,8
2024-09-18 11:31:19.842000,416.7137970555684,1002
2024-09-18 11:31:19.848000,416.71037092558606,104
2024-09-18 11:31:19.865000,416.7597222966241,9
2024-09-18 11:31:19.897000,416.7888178977884,12
2024-09-18 11:31:19.960000,416.7680998922359,998
2024-09-18 11:31:20.264000,416.7848706656438,13
2024-09-18 11:31:20.734000,416.7870859927582,96
2024-09-18 11:31:21.076000,416.8765987043683,996
2024-09-18 11:31:21.116000,416.805909255931,13
2024-09-18 11:31:21.370000,416.8566580030986,102
2024-09-18 11:31:21.487000,416.8773031673395,999
2024-09-18 11:31:21.593000,416.86539175055447,10
2024-09-18 11:31:21.649000,416.8228771914826,6
2024-09-18 11:31:21.650000,416.8703101410447,15
2024-09-18 11:31:21.694000,416.8264880483852,103
2024-09-18 11:31:21.709000,416.8893854070904,1001
2024-09-18 11:31:21.735000,416.8577231684196,9
2024-09-18 11:31:21.982000,416.8110755049863,102
2024-09-18 11:31:21.982000,416.8046748675343,1005
2024-09-18 11:31:21.998000,416.8979366759804,5
2024-09-18 11:31:22.003000,416.865168394941,103
2024-09-18 11:31:22.008000,416.893736937603,100
2024-09-18 11:31:22.009000,416.9004540885,13
2024-09-18 11:31:22.060000,416.8466835076355,1001
2024-09-18 11:31:22.167000,416.8924402844284,997
2024-09-18 11:31:22.262000,416.907106837644,5
2024-09-18 11:31:22.349000,416.8658695904445,14
2024-09-18 11:31:22.429000,416.84552777998726,104
2024-09-18 11:31:22.487000,416.8923050729503,10
2024-09-18 11:31:22.679000,416.8559258541141,1003
2024-09-18 11:31:22.686000,416.9059346197177,95
2024-09-18 11:31:22.734000,416.88747030372775,105
2024-09-18 11:31:22.735000,416.8804602295209,95
2024-09-18 11:31:22.759000,416.9116397532121,102
2024-09-18 11:31:22.874000,416.8642160145767,998
2024-09-18 11:31:22.971000,416.8920446557741,11
2024-09-18 11:31:23.070000,416.905347261134,101
2024-09-18 11:31:23.133000,416.8794125922037,95
2024-09-18 11:31:23.168000,416.8689244600904,99
2024-09-18 11:31:23.264000,416.87184735939854,7
2024-09-18 11:31:23.279000,416.8342543011202,98
2024-09-18 11:31:23.395000,416.8678357236914,6
2024-09-18 11:31:23.489000,416.84205190410114,1003
2024-09-18 11:31:23.686000,416.8346323634469,14
2024-09-18 11:31:23.864000,416.8552535985733,104
2024-09-18 11:31:23.886000,416.8687955446503,999
2024-09-18 11:31:23.959000,416.8997230277623,97
2024-09-18 11:31:23.973000,416.8226003086469,12
2024-09-18 11:31:24.054000,416.81574158347,99
2024-09-18 11:31:24.074000,416.832232773597,13
2024-09-18 11:31:24.173000,416.79623237070064,96
2024-09-18 11:31:24.310000,416.7910728528689,1004
2024-09-18 11:31:24.472000,416.7994418047522,95
2024-09-18 11:31:24.602000,416.82972433272414,95
2024-09-18 11:31:24.770000,416.7971235307555,13
2024-09-18 11:31:25.138000,416.81700084801497,1005
2024-09-18 11:31:25.574000,416.80993203367234,14
2024-09-18 11:31:26.025000,416.8312803685626,9
2024-09-18 11:31:26.171000,416.8080127331703,13
2024-09-18 11:31:26.228000,416.77104911107335,10
2024-09-18 11:31:26.263000,416.7903228313868,97
2024-09-18 11:31:26.480000,416.7762355540248,10
2024-09-18 11:31:26.549000,416.7884483389522,14
2024-09-18 11:31:26.577000,416.8253790026511,12
2024-09-18 11:31:26.620000,416.77542687042506,7
2024-09-18 11:31:26.703000,416.82360163114726,12
2024-09-18 11:31:26.764000,416.7346802512049,99
2024-09-18 11:31:26.831000,416.7612468081632,97
2024-09-18 11:31:26.834000,416.7592055332902,97
2024-09-18 11:31:26.922000,416.754742749725,96
2024-09-18 11:31:27.013000,416.9168739059492,6
2024-09-18 11:31:27.029000,416.8982435273941,14
2024-09-18 11:31:27.092000,416.8317204335688,1005
2024-09-18 11:31:27.233000,416.87168321250834,9
2024-09-18 11:31:27.310000,416.81698843668,1003
2024-09-18 11:31:27.393000,416.9100083745419,95
2024-09-18 11:31:27.488000,416.8696616452039,7
2024-09-18 11:31:27.665000,416.8690221129515,1000
2024-09-18 11:31:27.726000,416.825363683911,1005
2024-09-18 11:31:28.036000,416.9118366326644,99
2024-09-18 11:31:28.338000,416.9151480408788,102
2024-09-18 11:31:28.366000,416.9016147785732,1002
2024-09-18 11:31:28.430000,416.92007147432696,97
2024-09-18 11:31:28.453000,416.9163638048332,10
2024-09-18 11:31:28.559000,416.8931089963076,9
2024-09-18 11:31:28.650000,416.8837702258239,1000
2024-09-18 11:31:28.763000,416.9325445162995,95
2024-09-18 11:31:28.812000,416.9136692609237,1002
2024-09-18 11:31:28.816000,416.9358343630334,103
2024-09-18 11:31:28.956000,416.9139972974193,103
2024-09-18 11:31:28.995000,416.8798666349916,14
2024-09-18 11:31:29.044000,416.9141985952836,12
2024-09-18 11:31:29.219000,416.9198599368535,8
2024-09-18 11:31:29.222000,416.941947545193,1003
2024-09-18 11:31:29.261000,416.936228133369,12
2024-09-18 11:31:29.336000,416.9234391930248,101
2024-09-18 11:31:29.423000,416.927585858899,105
2024-09-18 11:31:29.429000,416.9399394522279,99
2024-09-18 11:31:29.496000,416.9268622664196,1004
2024-09-18 11:31:29.573000,416.9629355048439,97
2024-09-18 11:31:29.583000,416.970143044717,95
2024-09-18 11:31:29.594000,416.9306868276386,11
2024-09-18 11:31:29.648000,416.932576186228,999
2024-09-18 11:31:29.667000,416.9247880345571,15
2024-09-18 11:31:29.709000,416.9814482286778,1003
2024-09-18 11:31:29.842000,416.92841670666746,996
2024-09-18 11:31:29.843000,416.9647036693062,10
2024-09-18 11:31:29.851000,416.9404347106391,998
2024-09-18 11:31:29.916000,416.9238207998776,101
2024-09-18 11:31:29.967000,416.9250505598019,998
2024-09-18 11:31:30.006000,416.9845596755047,15
2024-09-18 11:31:30.190000,417.0049622332208,8
2024-09-18 11:31:30.278000,416.9994355815347,97
2024-09-18 11:31:30.505000,416.9661715522893,10
2024-09-18 11:31:30.745000,417.00247496215655,1003
2024-09-18 11:31:30.866000,416.9968246736681,5
2024-09-18 11:31:31.137000,416.9875275921404,1004
2024-09-18 11:31:31.207000,416.9916709812408,14
2024-09-18 11:31:31.306000,416.9739055891122,1000
2024-09-18 11:31:31.314000,416.98939723492407,1005
2024-09-18 11:31:31.318000,416.98469721752224,104
2024-09-18 11:31:31.409000,417.0137454252152,9
2024-09-18 11:31:31.446000,416.98352152766046,8
2024-09-18 11:31:31.472000,416.98530850071023,11
2024-09-18 11:31:31.487000,417.0064396145464,8
2024-09-18 11:31:31.532000,416.9951984361323,11
2024-09-18 11:31:31.533000,416.98829459103047,97
2024-09-18 11:31:31.534000,416.9798930568916,10
2024-09-18 11:31:31.549000,416.9863115664631,102
2024-09-18 11:31:31.562000,416.97064675965385,6
2024-09-18 11:31:31.654000,416.9827634833407,1004
2024-09-18 11:31:31.679000,416.98663235604187,998
2024-09-18 11:31:31.758000,416.9821286402261,101
2024-09-18 11:31:31.811000,417.00130902734605,98
2024-09-18 11:31:31.824000,416.9848671300616,99
2024-09-18 11:31:31.837000,417.007137687337,97
2024-09-18 11:31:31.865000,417.0304770643392,995
2024-09-18 11:31:31.915000,416.9719034925778,5
2024-09-18 11:31:31.951000,416.973924932805,101
2024-09-18 11:31:32.018000,417.0495899294905,102
2024-09-18 11:31:32.056000,417.02938201924417,13
2024-09-18 11:31:32.149000,417.029561471054,12
2024-09-18 11:31:32.199000,417.02519832268376,105
2024-09-18 11:31:32.224000,417.0495331279057,103
2024-09-18 11:31:32.229000,417.053597935404,7
2024-09-18 11:31:32.274000,417.0478100091567,996
2024-09-18 11:31:32.351000,417.0124289345691,1002
2024-09-18 11:31:32.357000,417.033744769278,101
2024-09-18 11:31:32.628000,417.0542061180368,1000
2024-09-18 11:31:32.841000,417.01770928938765,14
2024-09-18 11:31:33.019000,416.9969498694592,102
2024-09-18 11:31:33.033000,417.0791754362731,8
2024-09-18 11:31:33.055000,417.0867142629039,10
2024-09-18 11:31:33.107000,416.971424061851,102
2024-09-18 11:31:33.163000,416.9846637069934,12
2024-09-18 11:31:33.181000,416.97248349123146,10
2024-09-18 11:31:33.258000,417.03867765618025,8
2024-09-18 11:31:33.273000,417.0082079786502,13
2024-09-18 11:31:33.307000,417.0010645415314,103
2024-09-18 11:31:33.339000,416.9550837086883,995
2024-09-18 11:31:33.359000,417.03972658265593,104
2024-09-18 11:31:33.368000,416.9904446860559,102
2024-09-18 11:31:33.404000,417.0005650849462,95
2024-09-18 11:31:33.526000,417.0052332614167,6
2024-09-18 11:31:33.534000,417.0013561490902,15
2024-09-18 11:31:33.694000,416.97180181499743,102
2024-09-18 11:31:33.700000,417.0759189302676,101
2024-09-18 11:31:33.739000,416.99991308580775,104
2024-09-18 11:31:33.751000,416.9970733982664,996
2024-09-18 11:31:33.804000,417.0009950951167,98
2024-09-18 11:31:33.869000,416.983083489358,999
2024-09-18 11:31:33.894000,416.9729027404808,14
2024-09-18 11:31:33.907000,417.05792159001135,98
2024-09-18 11:31:33.923000,417.0756105779685,1001
2024-09-18 11:31:33.951000,417.0122306092727,104
2024-09-18 11:31:33.962000,416.9915000347707,1000
2024-09-18 11:31:33.977000,416.99585308601286,97
2024-09-18 11:31:34.069000,417.0634640752205,102
2024-09-18 11:31:34.254000,417.0530593516486,14
2024-09-18 11:31:34.350000,417.06469610461846,99
2024-09-18 11:31:34.370000,417.060377995044,999
2024-09-18 11:31:34.370000,417.0484424746347,99
2024-09-18 11:31:34.524000,417.0602888901111,15
2024-09-18 11:31:34.715000,417.05163793479056,996
2024-09-18 11:31:35.001000,417.0621054571093,7
2024-09-18 11:31:35.102000,417.0315011742646,101
2024-09-18 11:31:35.112000,417.03084414953184,998
2024-09-18 11:31:35.125000,417.0548376591039,103
2024-09-18 11:31:35.365000,417.0285566693303,997
2024-09-18 11:31:35.665000,417.0150023054016,9
2024-09-18 11:31:35.859000,417.0742012806488,995
2024-09-18 11:31:35.957000,417.0360697896248,997
2024-09-18 11:31:35.964000,417.062172053733,5
2024-09-18 11:31:36.013000,417.03286321723976,103
2024-09-18 11:31:36.407000,417.0212434474074,10
2024-09-18 11:31:36.498000,417.0378905877784,1004
2024-09-18 11:31:36.514000,417.023389506597,999
2024-09-18 11:31:36.627000,417.03482192193775,105
2024-09-18 11:31:36.790000,417.0157254068917,103
2024-09-18 11:31:36.800000,417.0092026117037,14
2024-09-18 11:31:37.032000,417.0163944401551,11
2024-09-18 11:31:37.066000,417.03480778006144,14
2024-09-18 11:31:37.091000,417.0566189267131,13
2024-09-18 11:31:37.125000,417.01795372399977,105
2024-09-18 11:31:37.176000,417.02745987376346,10
2024-09-18 11:31:37.224000,417.0067266787743,6
2024-09-18 11:31:37.240000,416.9976723775422,1002
2024-09-18 11:31:37.250000,417.0214217476655,1005
2024-09-18 11:31:37.318000,417.0164781212031,97
2024-09-18 11:31:37.321000,417.0094127140373,12
2024-09-18 11:31:37.367000,417.0258411743291,14
2024-09-18 11:31:37.402000,417.006341889269,995
2024-09-18 11:31:37.408000,417.00010439924665,97
2024-09-18 11:31:37.416000,417.02651982612855,1000
2024-09-18 11:31:37.441000,417.0109467048712,7
2024-09-18 11:31:37.459000,416.9958902662172,10
2024-09-18 11:31:37.524000,417.0074696231219,100
2024-09-18 11:31:37.541000,417.00824730234734,998
2024-09-18 11:31:37.658000,416.9870145132621,10
2024-09-18 11:31:37.690000,417.0504610626441,105
2024-09-18 11:31:37.702000,417.05012821231554,11
2024-09-18 11:31:37.758000,417.0052625659529,101
2024-09-18 11:31:37.774000,417.0392550897321,99
2024-09-18 11:31:37.799000,416.9935178541797,103
2024-09-18 11:31:37.863000,417.0301855158963,998
2024-09-18 11:31:37.889000,417.0125730005722,1003
2024-09-18 11:31:37.919000,417.0240185984928,1005
2024-09-18 11:31:37.968000,416.9804518265792,996
2024-09-18 11:31:37.998000,417.0054948834363,102
2024-09-18 11:31:38.003000,416.9567786796501,103
2024-09-18 11:31:38.060000,416.9788043391233,997
2024-09-18 11:31:38.289000,416.980580472137,104
2024-09-18 11:31:38.330000,416.9999248034842,998
2024-09-18 11:31:38.341000,416.98876119404,6
2024-09-18 11:31:38.503000,416.9736732022727,95
2024-09-18 11:31:38.504000,416.96398633303846,13
2024-09-18 11:31:38.523000,416.9667127959033,5
2024-09-18 11:31:38.529000,416.94660889573487,13
2024-09-18 11:31:38.572000,417.0357087736696,10
2024-09-18 11:31:38.592000,416.99934033757535,8
2024-09-18 11:31:38.597000,416.9418603254624,9
2024-09-18 11:31:38.626000,416.9628928866333,1005
2024-09-18 11:31:38.811000,416.9610742638942,6
2024-09-18 11:31:38.837000,416.9655511887166,102
2024-09-18 11:31:38.862000,416.9344815317896,104
2024-09-18 11:31:38.915000,417.0199496853336,97
2024-09-18 11:31:38.971000,417.0284811398656,1005
2024-09-18 11:31:39.978000,416.9741106989117,103
2024-09-18 11:31:40.031000,416.98341633834553,96
2024-09-18 11:31:40.082000,416.9669784311279,1001
2024-09-18 11:31:40.094000,416.963726056375,96
2024-09-18 11:31:40.155000,416.9753433381084,1003
2024-09-18 11:31:40.169000,417.0048818164194,101
2024-09-18 11:31:40.254000,416.990641931734,14
2024-09-18 11:31:40.477000,416.97030661776176,13
2024-09-18 11:31:40.488000,416.9792353639795,996
2024-09-18 11:31:40.495000,416.9624128698698,7
2024-09-18 11:31:40.519000,416.9766527833693,997
2024-09-18 11:31:40.532000,416.9782011516831,998
2024-09-18 11:31:40.532000,416.9973921352442,1004
2024-09-18 11:31:40.541000,416.9968571031294,1001
2024-09-18 11:31:40.564000,416.9595672124147,8
2024-09-18 11:31:40.654000,416.9713106105608,104
2024-09-18 11:31:40.683000,416.98314149473936,1005
2024-09-18 11:31:40.706000,416.9393599728456,999
2024-09-18 11:31:40.739000,416.9860458938855,11
2024-09-18 11:31:40.794000,416.9593509985097,996
2024-09-18 11:31:40.800000,417.005071594393,1000
2024-09-18 11:31:40.803000,416.9818516509324,8
2024-09-18 11:31:40.816000,416.971065654003,12
2024-09-18 11:31:40.879000,416.95350968126087,95
2024-09-18 11:31:40.898000,416.9691398705227,101
2024-09-18 11:31:41.072000,416.9328223749808,9
2024-09-18 11:31:41.152000,416.9558403360832,1002
2024-09-18 11:31:41.229000,416.94068682104006,995
2024-09-18 11:31:41.288000,416.9416075032094,15
2024-09-18 11:31:41.295000,416.95672802148846,997
2024-09-18 11:31:41.363000,416.9341049109452,1003
2024-09-18 11:31:41.521000,416.9252945845063,9
2024-09-18 11:31:41.571000,416.9078303458284,14
2024-09-18 11:31:41.577000,416.9344275407202,1002
2024-09-18 11:31:41.722000,416.9248034344533,1004
2024-09-18 11:31:41.858000,416.9422050359506,14
2024-09-18 11:31:41.888000,416.940084901809,11
2024-09-18 11:31:41.893000,416.930267255848,999
2024-09-18 11:31:41.903000,416.9225692281072,105
2024-09-18 11:31:41.988000,416.9590932037648,1004
2024-09-18 11:31:42.028000,416.8506596056236,97
2024-09-18 11:31:42.042000,416.8606460326098,8
2024-09-18 11:31:42.107000,416.7854428745586,13
2024-09-18 11:31:42.185000,416.8291916333372,8
2024-09-18 11:31:42.283000,416.8088408223312,1001
2024-09-18 11:31:42.285000,416.8246725254725,995
2024-09-18 11:31:42.353000,416.8198473748417,105
2024-09-18 11:31:42.365000,416.838912261411,1000
2024-09-18 11:31:42.408000,416.8424017382661,96
2024-09-18 11:31:42.488000,416.8358397549322,999
2024-09-18 11:31:42.557000,416.9054056328735,996
2024-09-18 11:31:42.576000,416.9007178551193,10
2024-09-18 11:31:42.579000,416.9047642778672,999
2024-09-18 11:31:42.638000,416.9321387498865,103
2024-09-18 11:31:42.660000,416.7822524976068,1001
2024-09-18 11:31:42.701000,416.800497505976,998
2024-09-18 11:31:42.708000,416.8711977265345,105
2024-09-18 11:31:42.729000,416.8345496996609,13
2024-09-18 11:31:42.899000,416.7902352896596,6
2024-09-18 11:31:42.901000,416.8152413857264,7
2024-09-18 11:31:43.016000,416.7789247545523,95
2024-09-18 11:31:43.020000,416.7455603512446,995
2024-09-18 11:31:43.069000,416.7273478207017,95
2024-09-18 11:31:43.100000,416.72540584922217,99
2024-09-18 11:31:43.171000,416.7415322834981,96
2024-09-18 11:31:43.184000,416.7703781173737,13
2024-09-18 11:31:43.214000,416.7397965736881,6
2024-09-18 11:31:43.290000,416.70254349941104,97
2024-09-18 11:31:43.306000,416.7496781530645,6
2024-09-18 11:31:43.319000,416.7902395430989,104
2024-09-18 11:31:43.481000,416.7805559047664,996
2024-09-18 11:31:43.517000,416.7935835467557,95
2024-09-18 11:31:43.598000,416.7976872504527,1005
2024-09-18 11:31:43.624000,416.7475455795147,1004
2024-09-18 11:31:43.628000,416.7135236937898,103
2024-09-18 11:31:43.739000,416.78661761065655,14
2024-09-18 11:31:43.791000,416.7309357889272,12
2024-09-18 11:31:43.793000,416.7557318004768,5
2024-09-18 11:31:43.814000,416.77807888281353,1004
2024-09-18 11:31:43.860000,416.7488705198945,6
2024-09-18 11:31:43.926000,416.744560516976,102
2024-09-18 11:31:43.942000,416.8085878107064,8
2024-09-18 11:31:44.031000,416.5914177924736,999
2024-09-18 11:31:44.036000,416.63036645912655,5
2024-09-18 11:31:44.103000,416.6905886795529,999
2024-09-18 11:31:44.130000,416.6430260670211,7
2024-09-18 11:31:44.177000,416.55712319224455,98
2024-09-18 11:31:44.202000,416.57212460602847,101
2024-09-18 11:31:44.229000,416.5854269987268,104
2024-09-18 11:31:44.230000,416.6837718864504,11
2024-09-18 11:31:44.242000,416.5849227886778,10
2024-09-18 11:31:44.284000,416.5796426695493,99
2024-09-18 11:31:44.408000,416.5811828983581,105
2024-09-18 11:31:44.414000,416.5963999443114,995
2024-09-18 11:31:44.427000,416.57277657635984,12
2024-09-18 11:31:44.468000,416.677784463501,996
2024-09-18 11:31:44.489000,416.58832974688727,999
2024-09-18 11:31:44.809000,416.6087595634989,999
2024-09-18 11:31:45.006000,416.5897280761216,1003
2024-09-18 11:31:45.069000,416.4872367792606,11
2024-09-18 11:31:45.083000,416.61921398060434,1005
2024-09-18 11:31:45.086000,416.495322871712,104
2024-09-18 11:31:45.096000,416.582225513533,5
2024-09-18 11:31:45.127000,416.5961970044624,15
2024-09-18 11:31:45.135000,416.5028246811274,1005
2024-09-18 11:31:45.250000,416.5255204087269,1002
2024-09-18 11:31:45.266000,416.6075800220383,97
2024-09-18 11:31:45.289000,416.5995035171323,1004
2024-09-18 11:31:45.406000,416.5183558066908,97
2024-09-18 11:31:45.417000,416.5255591451677,5
2024-09-18 11:31:45.420000,416.53166796890673,100
2024-09-18 11:31:45.506000,416.5238715910094,14
2024-09-18 11:31:45.612000,416.5136829914253,5
2024-09-18 11:31:45.624000,416.5591204877669,7
2024-09-18 11:31:45.632000,416.6207683526296,102
2024-09-18 11:31:45.648000,416.53348888299024,100
2024-09-18 11:31:45.668000,416.5374974320619,103
2024-09-18 11:31:45.699000,416.5168098953813,998
2024-09-18 11:31:45.733000,416.6169288365834,1001
2024-09-18 11:31:45.748000,416.6059770682213,103
2024-09-18 11:31:45.749000,416.5230539297393,7
2024-09-18 11:31:45.775000,416.6195368649641,1002
2024-09-18 11:31:45.784000,416.5251148022617,1002
2024-09-18 11:31:45.801000,416.59603660244574,103
2024-09-18 11:31:45.841000,416.51218951626976,998
2024-09-18 11:31:45.898000,416.6132651454493,6
2024-09-18 11:31:46.003000,416.5157473350685,995
2024-09-18 11:31:46.042000,416.5214139911485,103
2024-09-18 11:31:46.063000,416.521258962081,996
2024-09-18 11:31:46.067000,416.5216887485632,7
2024-09-18 11:31:46.077000,416.5318130343642,995
2024-09-18 11:31:46.269000,416.5254082516717,97
2024-09-18 11:31:46.273000,416.5076142450091,14
2024-09-18 11:31:46.313000,416.4733587556025,1000
2024-09-18 11:31:46.401000,416.5250366967165,95
2024-09-18 11:31:46.631000,416.523053685493,11
2024-09-18 11:31:46.674000,416.5370626736695,105
2024-09-18 11:31:46.729000,416.5286613651113,14
2024-09-18 11:31:46.806000,416.5170335002428,13
2024-09-18 11:31:46.871000,416.5274867264085,10
2024-09-18 11:31:46.932000,416.4754501481305,1000
2024-09-18 11:31:46.945000,416.521472272744,98
2024-09-18 11:31:46.958000,416.5226005280265,999
2024-09-18 11:31:46.971000,416.5323377234333,13
2024-09-18 11:31:47.026000,416.5491933994272,103
2024-09-18 11:31:47.047000,416.507550639742,1001
2024-09-18 11:31:47.173000,416.5212359083933,1002
2024-09-18 11:31:47.223000,416.5363938421786,7
2024-09-18 11:31:47.276000,416.5101558818682,7
2024-09-18 11:31:47.331000,416.5247378029466,8
2024-09-18 11:31:47.381000,416.5360046833392,1002
2024-09-18 11:31:47.383000,416.539393472732,10
2024-09-18 11:31:47.458000,416.5160263706972,100
2024-09-18 11:31:47.511000,416.5115917524399,104
2024-09-18 11:31:47.515000,416.5458288989685,1000
2024-09-18 11:31:47.584000,416.5361002975342,9
2024-09-18 11:31:47.650000,416.5648346870767,104
2024-09-18 11:31:47.673000,416.5303428298516,104
2024-09-18 11:31:47.712000,416.54144244605936,6
2024-09-18 11:31:47.713000,416.5096442537085,95
2024-09-18 11:31:47.734000,416.5234162657112,11
2024-09-18 11:31:47.792000,416.53907764268376,95
2024-09-18 11:31:47.875000,416.5551383704838,8
2024-09-18 11:31:47.890000,416.5209578065487,12
2024-09-18 11:31:47.991000,416.5393326691018,100
2024-09-18 11:31:48.038000,416.53695299508456,999
2024-09-18 11:31:48.137000,416.57519414792847,103
2024-09-18 11:31:48.147000,416.5647766378378,100
2024-09-18 11:31:48.181000,416.566776691794,15
2024-09-18 11:31:48.186000,416.5459053341259,10
2024-09-18 11:31:48.193000,416.5542343110686,97
2024-09-18 11:31:48.228000,416.5576545727233,95
2024-09-18 11:31:48.234000,416.547667624058,8
2024-09-18 11:31:48.259000,416.5404295562879,96
2024-09-18 11:31:48.275000,416.5867355366004,997
2024-09-18 11:31:48.284000,416.5766748561834,6
2024-09-18 11:31:48.310000,416.552127439389,100
2024-09-18 11:31:48.335000,416.5208658558184,5
2024-09-18 11:31:48.596000,416.56137611537787,995
2024-09-18 11:31:48.671000,416.5554200386078,12
2024-09-18 11:31:48.687000,416.57708462510567,1000
2024-09-18 11:31:48.722000,416.5572011749884,997
2024-09-18 11:31:48.754000,416.5406612017992,104
2024-09-18 11:31:48.822000,416.5475005761839,13
2024-09-18 11:31:48.884000,416.58564517274175,102
2024-09-18 11:31:48.920000,416.5366112699169,6
2024-09-18 11:31:48.989000,416.5317511730478,13
2024-09-18 11:31:48.994000,416.5159588965792,996
2024-09-18 11:31:49.185000,416.5558550446092,15
2024-09-18 11:31:49.246000,416.5702386756666,97
2024-09-18 11:31:49.388000,416.6079979619535,999
2024-09-18 11:31:49.467000,416.5939611833557,95
2024-09-18 11:31:49.477000,416.5841717033625,999
2024-09-18 11:31:49.493000,416.6142635931933,97
2024-09-18 11:31:49.883000,416.57893749540034,1004
2024-09-18 11:31:49.894000,416.6020195578376,1005
2024-09-18 11:31:49.903000,416.6015452770896,9
2024-09-18 11:31:50.020000,416.6716222803704,95
2024-09-18 11:31:50.091000,416.6669349633456,997
2024-09-18 11:31:50.126000,416.62210769089273,5
2024-09-18 11:31:50.162000,416.5808709683549,95
2024-09-18 11:31:50.188000,416.6661483848746,14
2024-09-18 11:31:50.260000,416.580512737427,1002
2024-09-18 11:31:50.269000,416.6506859013019,1001
2024-09-18 11:31:50.287000,416.7165945273384,14
2024-09-18 11:31:50.372000,416.704932406656,99
2024-09-18 11:31:50.374000,416.58469551645527,5
2024-09-18 11:31:50.376000,416.6310849819612,96
2024-09-18 11:31:50.392000,416.6661867756084,9
2024-09-18 11:31:50.404000,416.6482814471483,104
2024-09-18 11:31:50.444000,416.59619428737454,995
2024-09-18 11:31:50.461000,416.6781035861747,97
2024-09-18 11:31:50.482000,416.7219184017296,101
2024-09-18 11:31:50.509000,416.6409480671897,997
2024-09-18 11:31:50.531000,416.5792007414319,998
2024-09-18 11:31:50.601000,416.6749550863881,13
2024-09-18 11:31:50.628000,416.68862099034857,7
2024-09-18 11:31:50.641000,416.5857870595035,1000
2024-09-18 11:31:50.687000,416.6785789797575,1003
2024-09-18 11:31:50.764000,416.6217173852865,95
2024-09-18 11:31:50.830000,416.62691723851634,7
2024-09-18 11:31:50.867000,416.6612388881203,103
2024-09-18 11:31:50.919000,416.5904284633858,1000
2024-09-18 11:31:50.954000,416.6955691886852,1004
2024-09-18 11:31:51.270000,416.7548124948642,997
2024-09-18 11:31:51.354000,416.72208312278167,1000
2024-09-18 11:31:51.361000,416.6948775580896,100
2024-09-18 11:31:51.826000,416.7138750250384,10
2024-09-18 11:31:51.955000,416.7384257651218,101
2024-09-18 11:31:52.034000,416.7937657246189,5
2024-09-18 11:31:52.162000,416.76383900980136,97
2024-09-18 11:31:52.465000,416.76265641165566,9
2024-09-18 11:31:52.838000,416.7644537148677,5
2024-09-18 11:31:53.039000,416.69176213013367,997
2024-09-18 11:31:53.086000,416.7685870552291,11
2024-09-18 11:31:53.130000,416.7778305515693,1001
2024-09-18 11:31:53.164000,416.7935972606107,104
2024-09-18 11:31:53.187000,416.73183484663787,104
2024-09-18 11:31:53.221000,416.7140207248908,999
2024-09-18 11:31:53.246000,416.7593609581906,104
2024-09-18 11:31:53.249000,416.7805919728125,9
2024-09-18 11:31:53.257000,416.7024802226086,997
2024-09-18 11:31:53.328000,416.7755178162017,100
2024-09-18 11:31:53.390000,416.7717497270566,9
2024-09-18 11:31:53.470000,416.77078488645935,100
2024-09-18 11:31:53.491000,416.71813573307134,11
2024-09-18 11:31:53.508000,416.7560564847982,1004
2024-09-18 11:31:53.531000,416.70246070728007,1005
2024-09-18 11:31:53.578000,416.7782443917211,1003
2024-09-18 11:31:53.633000,416.781768595321,995
2024-09-18 11:31:53.678000,416.79511720012994,7
2024-09-18 11:31:53.709000,416.7763627063726,8
2024-09-18 11:31:53.714000,416.76675045206935,1003
2024-09-18 11:31:53.960000,416.7471203584946,1000
2024-09-18 11:31:54.003000,416.670858443092,1001
2024-09-18 11:31:54.071000,416.6777980284024,997
2024-09-18 11:31:54.085000,416.7157763882489,98
2024-09-18 11:31:54.157000,416.7094995042973,105
2024-09-18 11:31:54.170000,416.7086433980004,105
2024-09-18 11:31:54.312000,416.67843115054205,102
2024-09-18 11:31:54.324000,416.70693823838815,10
2024-09-18 11:31:54.354000,416.7075703032298,8
2024-09-18 11:31:54.445000,416.66594581721785,1002
2024-09-18 11:31:54.522000,416.7280742152341,1004
2024-09-18 11:31:54.539000,416.7134370527127,8
2024-09-18 11:31:54.567000,416.6817811115989,10
2024-09-18 11:31:54.613000,416.6842221100471,96
2024-09-18 11:31:54.752000,416.71865581466585,13
2024-09-18 11:31:54.879000,416.74164753875385,104
2024-09-18 11:31:54.880000,416.7291889156712,14
2024-09-18 11:31:54.906000,416.6865264008933,104
2024-09-18 11:31:54.939000,416.6700066357464,103
2024-09-18 11:31:54.990000,416.7173558818079,11
2024-09-18 11:31:55.018000,416.7775698595793,103
2024-09-18 11:31:55.196000,416.7477602869519,9
2024-09-18 11:31:55.212000,416.775321554419,11
2024-09-18 11:31:55.401000,416.7812161674513,96
2024-09-18 11:31:55.489000,416.7623441514944,8
2024-09-18 11:31:55.567000,416.805479217034,101
2024-09-18 11:31:55.596000,416.7937628492192,104
2024-09-18 11:31:55.714000,416.7842412452407,998
2024-09-18 11:31:55.721000,416.75418297589965,99
2024-09-18 11:31:55.914000,416.7798394855853,6
2024-09-18 11:31:55.915000,416.7474615170219,12
2024-09-18 11:31:55.978000,416.7428769781002,100
2024-09-18 11:31:56.014000,416.7485827324967,10
2024-09-18 11:31:56.026000,416.7432012944906,1002
2024-09-18 11:31:56.089000,416.76123242800975,11
2024-09-18 11:31:56.100000,416.749686395688,999
2024-09-18 11:31:56.141000,416.7329341602272,103
2024-09-18 11:31:56.203000,416.74263162628415,995
2024-09-18 11:31:56.245000,416.77667530087456,105
2024-09-18 11:31:56.320000,416.76995770007295,999
2024-09-18 11:31:56.366000,416.7479210244592,95
2024-09-18 11:31:56.374000,416.7734556829266,103
2024-09-18 11:31:56.606000,416.74296876673696,6
2024-09-18 11:31:56.689000,416.7562715256224,103
2024-09-18 11:31:56.692000,416.7399964277932,103
2024-09-18 11:31:56.751000,416.75639010014726,95
2024-09-18 11:31:56.844000,416.7284810117961,999
2024-09-18 11:31:56.856000,416.754177173757,103
2024-09-18 11:31:56.929000,416.75752907706783,1001
2024-09-18 11:31:57,416.8065072578031,995
2024-09-18 11:31:57.010000,416.7619378463084,10
2024-09-18 11:31:57.070000,416.7754625000024,1001
2024-09-18 11:31:57.083000,416.7921250033894,999
2024-09-18 11:31:57.123000,416.7703541194912,105
2024-09-18 11:31:57.141000,416.7862114833699,100
2024-09-18 11:31:57.282000,416.7910091104285,98
2024-09-18 11:31:57.294000,416.7658528238136,5
2024-09-18 11:31:57.536000,416.7838841859986,11
2024-09-18 11:31:57.583000,416.750022509704,101
2024-09-18 11:31:57.620000,416.7893283604008,1004
2024-09-18 11:31:57.668000,416.78011075330056,97
2024-09-18 11:31:57.809000,416.758121091637,1003
2024-09-18 11:31:57.830000,416.7902439345492,13
2024-09-18 11:31:57.912000,416.77697114815567,15
2024-09-18 11:31:58.321000,416.75208369886855,1005
2024-09-18 11:31:59.025000,416.7552371253535,1001
2024-09-18 11:31:59.059000,416.7601624008298,9
2024-09-18 11:31:59.142000,416.784444546054,995
2024-09-18 11:31:59.204000,416.743047054566,13
2024-09-18 11:31:59.205000,416.73663896813366,13
2024-09-18 11:31:59.299000,416.74222246549687,1005
2024-09-18 11:31:59.332000,416.7399451082914,998
2024-09-18 11:31:59.400000,416.7502918528209,1000
2024-09-18 11:31:59.463000,416.75098472528646,995
2024-09-18 11:31:59.477000,416.7557375790327,11
2024-09-18 11:31:59.568000,416.7327411954991,11
2024-09-18 11:31:59.767000,416.7581594854976,11
2024-09-18 11:31:59.824000,416.7400806003858,998
2024-09-18 11:31:59.912000,416.7539353998179,997
2024-09-18 11:31:59.915000,416.7682387966964,14
2024-09-18 11:31:59.999000,416.74753247025023,997
