Timestamp,Price,Size
2024-09-17 12:36:00.022000,406.079385200164,98
2024-09-17 12:36:00.053000,406.0842365959565,1004
2024-09-17 12:36:00.116000,406.0631606871659,997
2024-09-17 12:36:00.194000,406.0522036819981,97
2024-09-17 12:36:00.225000,406.09362175029446,1001
2024-09-17 12:36:00.253000,406.0525976644561,11
2024-09-17 12:36:00.397000,406.0542425888204,105
2024-09-17 12:36:00.483000,406.0591353076552,103
2024-09-17 12:36:00.564000,406.0556944392444,1001
2024-09-17 12:36:00.616000,406.06188435286464,103
2024-09-17 12:36:00.617000,406.0594810240224,105
2024-09-17 12:36:00.731000,406.0928287115586,7
2024-09-17 12:36:00.896000,406.0572503914436,7
2024-09-17 12:36:00.904000,406.0489462503751,997
2024-09-17 12:36:00.937000,406.0633146992311,5
2024-09-17 12:36:00.985000,406.05766108683576,1004
2024-09-17 12:36:02.042000,406.063904248197,12
2024-09-17 12:36:02.084000,405.9982842299888,12
2024-09-17 12:36:02.109000,406.04264848897054,10
2024-09-17 12:36:02.111000,406.0220364250524,15
2024-09-17 12:36:02.198000,406.0568685950776,95
2024-09-17 12:36:02.296000,406.01317689406267,995
2024-09-17 12:36:02.310000,406.0762141843345,11
2024-09-17 12:36:02.328000,406.0130041549256,11
2024-09-17 12:36:02.470000,406.00177372984217,6
2024-09-17 12:36:02.563000,406.0747331494365,99
2024-09-17 12:36:02.566000,406.026733716229,1001
2024-09-17 12:36:02.585000,406.0587515589821,105
2024-09-17 12:36:02.819000,406.0707064201978,103
2024-09-17 12:36:02.853000,406.0766257507712,995
2024-09-17 12:36:02.884000,406.0247275638874,1002
2024-09-17 12:36:02.891000,406.0328554746663,11
2024-09-17 12:36:02.943000,406.0589581786464,1004
2024-09-17 12:36:02.994000,406.0781156355472,13
2024-09-17 12:36:03.034000,405.9912493827004,7
2024-09-17 12:36:03.066000,405.95933383529695,1003
2024-09-17 12:36:03.101000,405.9564632328408,7
2024-09-17 12:36:03.123000,406.03256483870297,997
2024-09-17 12:36:03.210000,405.98929220578856,1005
2024-09-17 12:36:03.236000,405.98475661783897,995
2024-09-17 12:36:03.270000,405.9701299567346,9
2024-09-17 12:36:03.376000,405.9609080324911,11
2024-09-17 12:36:03.397000,405.9642870242014,10
2024-09-17 12:36:03.489000,406.0247036821317,1000
2024-09-17 12:36:03.505000,405.9987751453604,99
2024-09-17 12:36:03.566000,406.0025520371944,99
2024-09-17 12:36:03.594000,405.95550053909335,10
2024-09-17 12:36:03.684000,405.9939307582634,996
2024-09-17 12:36:03.704000,405.9856515493887,95
2024-09-17 12:36:03.717000,405.963615716362,1002
2024-09-17 12:36:03.763000,405.96324813935234,7
2024-09-17 12:36:03.795000,405.96425863326994,7
2024-09-17 12:36:03.819000,406.01592066844313,996
2024-09-17 12:36:03.922000,405.94984871856417,99
2024-09-17 12:36:03.995000,405.9673273204358,1001
2024-09-17 12:36:04.032000,405.97697867160656,102
2024-09-17 12:36:04.058000,405.98668486606505,995
2024-09-17 12:36:04.500000,405.99649146565815,7
2024-09-17 12:36:05.070000,405.9074951066235,97
2024-09-17 12:36:05.140000,406.0161043847679,995
2024-09-17 12:36:05.209000,405.9696345573507,12
2024-09-17 12:36:05.265000,405.9323746040949,96
2024-09-17 12:36:05.273000,405.9405781288875,1001
2024-09-17 12:36:05.350000,405.94035367465216,100
2024-09-17 12:36:05.417000,406.0134838376355,1002
2024-09-17 12:36:05.462000,405.9445986651344,999
2024-09-17 12:36:05.522000,405.9518689822153,5
2024-09-17 12:36:05.554000,405.9381576636376,8
2024-09-17 12:36:05.643000,406.0087704856128,1002
2024-09-17 12:36:05.656000,405.97577848016056,1004
2024-09-17 12:36:05.673000,405.9301302346535,14
2024-09-17 12:36:05.743000,405.9419642852347,98
2024-09-17 12:36:05.796000,405.9935505220632,102
2024-09-17 12:36:05.893000,405.93123023599225,13
2024-09-17 12:36:06.008000,405.9580482495146,12
2024-09-17 12:36:06.118000,405.9489227409403,100
2024-09-17 12:36:06.172000,405.93818288587295,102
2024-09-17 12:36:06.496000,405.9822287527737,11
2024-09-17 12:36:06.629000,405.9744322413982,96
2024-09-17 12:36:06.825000,405.96790540885104,96
2024-09-17 12:36:07.281000,405.9764092626768,11
2024-09-17 12:36:08.008000,405.9909828433319,1001
2024-09-17 12:36:08.202000,405.9763028252834,96
2024-09-17 12:36:08.232000,405.9771444615087,1001
2024-09-17 12:36:08.298000,405.9823716288528,97
2024-09-17 12:36:08.304000,405.9963632066062,102
2024-09-17 12:36:08.339000,405.9849128529903,997
2024-09-17 12:36:08.361000,405.9818433827295,12
2024-09-17 12:36:08.574000,406.0211216028936,1002
2024-09-17 12:36:08.867000,405.99911084976594,12
2024-09-17 12:36:08.936000,405.9986783542042,104
2024-09-17 12:36:09.437000,405.96172985469286,9
2024-09-17 12:36:09.566000,405.9561918402205,13
2024-09-17 12:36:09.624000,405.9494052426055,1000
2024-09-17 12:36:09.802000,405.9487072309885,15
2024-09-17 12:36:10.113000,406.0308450211522,9
2024-09-17 12:36:10.119000,405.9618275997704,998
2024-09-17 12:36:10.123000,406.0205001396295,95
2024-09-17 12:36:10.180000,405.9526427884985,996
2024-09-17 12:36:10.208000,405.9456983757706,10
2024-09-17 12:36:10.253000,405.9558015041246,5
2024-09-17 12:36:10.310000,405.95637499569006,1002
2024-09-17 12:36:10.342000,406.0252669691053,97
2024-09-17 12:36:10.374000,406.01658028582784,100
2024-09-17 12:36:10.384000,405.9705342966503,1004
2024-09-17 12:36:10.529000,405.9449085499371,10
2024-09-17 12:36:10.764000,405.94258778438274,8
2024-09-17 12:36:10.767000,405.99995186599193,97
2024-09-17 12:36:10.962000,405.98271708323006,98
2024-09-17 12:36:11.002000,406.01321900796313,999
2024-09-17 12:36:11.017000,405.9934010786205,15
2024-09-17 12:36:11.116000,406.0262848493142,96
2024-09-17 12:36:11.416000,405.9692122253807,10
2024-09-17 12:36:11.506000,405.9789470260586,12
2024-09-17 12:36:11.609000,406.031083693698,99
2024-09-17 12:36:11.823000,406.0018691928179,1002
2024-09-17 12:36:12.042000,406.03139651287415,996
2024-09-17 12:36:12.109000,406.0429535583842,10
2024-09-17 12:36:12.157000,406.0513738908139,1005
2024-09-17 12:36:12.240000,406.0377007457132,95
2024-09-17 12:36:12.273000,405.97762559493975,1000
2024-09-17 12:36:12.275000,405.9722126207153,101
2024-09-17 12:36:12.385000,406.0331878832438,1004
2024-09-17 12:36:12.394000,406.0377408774921,105
2024-09-17 12:36:12.468000,406.04733067939145,7
2024-09-17 12:36:12.468000,406.02937662824775,102
2024-09-17 12:36:12.608000,405.9628650458585,1003
2024-09-17 12:36:12.699000,406.0381848912723,104
2024-09-17 12:36:12.719000,405.9734093315734,96
2024-09-17 12:36:12.722000,405.9659023354334,103
2024-09-17 12:36:12.728000,406.0513322085596,6
2024-09-17 12:36:12.733000,405.9961044718007,14
2024-09-17 12:36:12.753000,406.0331517795297,103
2024-09-17 12:36:12.857000,405.98986219721496,97
2024-09-17 12:36:12.885000,406.032039820152,1005
2024-09-17 12:36:12.933000,405.9797304527579,6
2024-09-17 12:36:12.975000,405.99746172328537,998
2024-09-17 12:36:12.997000,406.05390332613246,1001
2024-09-17 12:36:13.085000,406.0923774976751,15
2024-09-17 12:36:13.160000,406.1030284768505,1004
2024-09-17 12:36:13.165000,406.0889764093563,998
2024-09-17 12:36:13.476000,406.1115030717928,101
2024-09-17 12:36:13.476000,406.0851553383434,12
2024-09-17 12:36:13.546000,406.08314172302994,7
2024-09-17 12:36:13.557000,406.0272822915378,998
2024-09-17 12:36:13.573000,406.1085259430616,12
2024-09-17 12:36:13.631000,406.0372136256189,1000
2024-09-17 12:36:13.663000,406.0924299968535,98
2024-09-17 12:36:13.684000,406.1046361660322,95
2024-09-17 12:36:13.706000,406.0760549488528,95
2024-09-17 12:36:13.755000,406.0978413337211,1003
2024-09-17 12:36:13.761000,406.0397213325908,98
2024-09-17 12:36:13.785000,406.08933318794055,999
2024-09-17 12:36:13.799000,406.0832518191002,1004
2024-09-17 12:36:13.799000,406.05829576870207,5
2024-09-17 12:36:13.816000,406.0305240368887,1000
2024-09-17 12:36:13.838000,406.0896767300964,1004
2024-09-17 12:36:13.888000,406.0291425395769,99
2024-09-17 12:36:13.911000,406.0905106026858,5
2024-09-17 12:36:13.916000,406.0860256925724,1002
2024-09-17 12:36:13.927000,406.0791978169228,7
2024-09-17 12:36:13.957000,406.0821616945573,10
2024-09-17 12:36:14,406.0242639731159,11
2024-09-17 12:36:14.005000,406.02677582984535,5
2024-09-17 12:36:14.110000,406.0271158938017,9
2024-09-17 12:36:14.166000,406.023574236537,9
2024-09-17 12:36:14.319000,406.0147547542858,12
2024-09-17 12:36:14.337000,405.9696547590868,7
2024-09-17 12:36:14.338000,405.986828777309,8
2024-09-17 12:36:14.392000,405.99317889447394,97
2024-09-17 12:36:14.414000,405.9824692661121,100
2024-09-17 12:36:14.469000,405.9829934517246,9
2024-09-17 12:36:14.483000,406.04371504265833,11
2024-09-17 12:36:14.551000,405.97630030909306,1001
2024-09-17 12:36:14.577000,406.0064217049049,11
2024-09-17 12:36:14.667000,406.0004731492163,995
2024-09-17 12:36:14.670000,405.9793979973891,6
2024-09-17 12:36:14.690000,406.0353157542753,104
2024-09-17 12:36:14.737000,406.0256381736298,97
2024-09-17 12:36:14.753000,406.0011018968781,102
2024-09-17 12:36:14.768000,405.9834471061896,9
2024-09-17 12:36:14.844000,405.9727854113326,8
2024-09-17 12:36:14.892000,405.98228148132847,97
2024-09-17 12:36:14.905000,405.9700953265063,97
2024-09-17 12:36:14.930000,405.97927976450353,11
2024-09-17 12:36:14.973000,405.99596426644064,102
2024-09-17 12:36:14.979000,406.02623636633774,100
2024-09-17 12:36:15.175000,406.0508263372089,104
2024-09-17 12:36:15.287000,406.03144513312384,100
2024-09-17 12:36:15.468000,406.0459340854976,9
2024-09-17 12:36:15.515000,406.03246319231033,96
2024-09-17 12:36:15.744000,406.050357453735,13
2024-09-17 12:36:15.830000,406.0596901965376,12
2024-09-17 12:36:15.831000,406.0621061075337,6
2024-09-17 12:36:16,406.0653812963597,7
2024-09-17 12:36:16.362000,406.05025850218,99
2024-09-17 12:36:16.371000,406.03751299508406,11
2024-09-17 12:36:16.377000,406.0529549977231,12
2024-09-17 12:36:16.379000,406.0615764947226,13
2024-09-17 12:36:16.394000,406.0504909930934,996
2024-09-17 12:36:16.412000,406.06840926754376,1004
2024-09-17 12:36:16.442000,406.0636062179522,1002
2024-09-17 12:36:16.482000,406.0804352182492,10
2024-09-17 12:36:16.631000,406.03973584629824,997
2024-09-17 12:36:16.716000,406.0523459315128,95
2024-09-17 12:36:16.756000,406.061956286448,13
2024-09-17 12:36:17.026000,406.0993433576444,997
2024-09-17 12:36:17.037000,406.0761944952802,1001
2024-09-17 12:36:17.048000,406.0494983916277,11
2024-09-17 12:36:17.104000,406.0380586348264,15
2024-09-17 12:36:17.202000,406.05538038306673,8
2024-09-17 12:36:17.225000,406.0960509729964,96
2024-09-17 12:36:17.225000,406.08343967643873,5
2024-09-17 12:36:17.273000,406.0789088123725,97
2024-09-17 12:36:17.305000,406.0346596494261,1004
2024-09-17 12:36:17.387000,406.0968327061161,99
2024-09-17 12:36:17.389000,406.0585557774282,1005
2024-09-17 12:36:17.400000,406.0704317923531,14
2024-09-17 12:36:17.465000,406.0545458252007,1003
2024-09-17 12:36:17.500000,406.0371042467964,995
2024-09-17 12:36:17.528000,406.1141774289675,102
2024-09-17 12:36:17.562000,406.0923896536524,15
2024-09-17 12:36:17.598000,406.0546339989879,1001
2024-09-17 12:36:17.607000,406.0815763678343,105
2024-09-17 12:36:17.656000,406.081219382142,13
2024-09-17 12:36:17.712000,406.1035187521931,11
2024-09-17 12:36:17.714000,406.11230299087856,15
2024-09-17 12:36:17.717000,406.0531269538771,996
2024-09-17 12:36:17.750000,406.05188364208993,6
2024-09-17 12:36:17.752000,406.0727015509623,6
2024-09-17 12:36:17.969000,406.0495290806021,102
2024-09-17 12:36:18.108000,406.0634029303861,1002
2024-09-17 12:36:18.226000,406.08262727435897,102
2024-09-17 12:36:18.330000,406.05599593238185,1003
2024-09-17 12:36:18.490000,406.0602661587171,998
2024-09-17 12:36:18.547000,406.0339652872638,999
2024-09-17 12:36:18.563000,406.04731100250376,96
2024-09-17 12:36:18.579000,406.0394545429155,9
2024-09-17 12:36:18.633000,406.0617661228883,100
2024-09-17 12:36:18.686000,406.0513187274712,1001
2024-09-17 12:36:18.783000,406.0832468123842,995
2024-09-17 12:36:18.999000,406.0494691809225,105
2024-09-17 12:36:19.083000,406.0726686768235,1004
2024-09-17 12:36:19.124000,406.0337163642361,99
2024-09-17 12:36:19.163000,406.05925750787344,1003
2024-09-17 12:36:19.165000,406.0686650493298,14
2024-09-17 12:36:19.172000,406.0379457676708,999
2024-09-17 12:36:19.377000,406.0483805772108,9
2024-09-17 12:36:19.710000,406.0286323670075,8
2024-09-17 12:36:19.742000,406.04215780308033,97
2024-09-17 12:36:19.743000,406.0497991631541,96
2024-09-17 12:36:19.966000,406.0205245356051,11
2024-09-17 12:36:20.196000,406.11887782288665,9
2024-09-17 12:36:20.480000,406.1087688266099,1002
2024-09-17 12:36:20.514000,406.0719734114941,8
2024-09-17 12:36:20.995000,406.0672320603327,100
2024-09-17 12:36:21.003000,406.141989714537,8
2024-09-17 12:36:21.162000,406.162027513688,1003
2024-09-17 12:36:21.356000,406.141542751957,97
2024-09-17 12:36:21.448000,406.1383697461428,105
2024-09-17 12:36:21.544000,406.144414394999,998
2024-09-17 12:36:21.548000,406.1537988591371,996
2024-09-17 12:36:21.578000,406.1309373204372,6
2024-09-17 12:36:21.687000,406.13130653198783,100
2024-09-17 12:36:21.691000,406.16119717924136,10
2024-09-17 12:36:21.715000,406.1467269882526,103
2024-09-17 12:36:21.773000,406.1405358911294,104
2024-09-17 12:36:21.803000,406.1278705660209,7
2024-09-17 12:36:21.950000,406.1639142035344,104
2024-09-17 12:36:21.972000,406.1335106402116,104
2024-09-17 12:36:22.211000,406.1492594837722,95
2024-09-17 12:36:22.231000,406.155858316859,100
2024-09-17 12:36:22.239000,406.1617792591081,95
2024-09-17 12:36:22.242000,406.1897612236178,102
2024-09-17 12:36:22.291000,406.2175652182801,15
2024-09-17 12:36:22.293000,406.2160860563747,5
2024-09-17 12:36:22.324000,406.1415916417321,11
2024-09-17 12:36:22.339000,406.2192686142134,1005
2024-09-17 12:36:22.427000,406.2581865114298,998
2024-09-17 12:36:22.450000,406.2219996264321,7
2024-09-17 12:36:22.502000,406.2310933347443,11
2024-09-17 12:36:22.620000,406.19152732543694,1001
2024-09-17 12:36:22.624000,406.1303652430144,104
2024-09-17 12:36:22.644000,406.1359284865629,98
2024-09-17 12:36:22.737000,406.1491334744956,11
2024-09-17 12:36:22.754000,406.2219375996823,1004
2024-09-17 12:36:22.772000,406.2469519013868,998
2024-09-17 12:36:22.782000,406.1658511735436,7
2024-09-17 12:36:22.829000,406.1367133574725,104
2024-09-17 12:36:22.833000,406.2289330819693,12
2024-09-17 12:36:22.847000,406.12729533708847,95
2024-09-17 12:36:22.875000,406.2299421348234,104
2024-09-17 12:36:23,406.2060205485946,102
2024-09-17 12:36:23.031000,406.1954657111502,1005
2024-09-17 12:36:23.122000,406.20467856822216,1003
2024-09-17 12:36:23.179000,406.1933746089305,5
2024-09-17 12:36:23.193000,406.22826126179706,102
2024-09-17 12:36:23.202000,406.2014413910976,999
2024-09-17 12:36:23.210000,406.2148248587734,15
2024-09-17 12:36:23.226000,406.2042611496279,999
2024-09-17 12:36:23.449000,406.2166572603021,7
2024-09-17 12:36:23.454000,406.1987696018665,996
2024-09-17 12:36:23.474000,406.18848940753367,104
2024-09-17 12:36:23.474000,406.19582424295055,96
2024-09-17 12:36:23.568000,406.218790651065,98
2024-09-17 12:36:23.569000,406.23618512501935,104
2024-09-17 12:36:23.571000,406.225970259526,10
2024-09-17 12:36:23.626000,406.2146780838589,13
2024-09-17 12:36:23.700000,406.2181848542472,100
2024-09-17 12:36:23.706000,406.1989868886433,1005
2024-09-17 12:36:23.725000,406.1928902558815,1002
2024-09-17 12:36:23.773000,406.2276536034028,6
2024-09-17 12:36:23.834000,406.1897245322061,101
2024-09-17 12:36:23.889000,406.1773732073589,10
2024-09-17 12:36:23.897000,406.2235313651174,104
2024-09-17 12:36:23.945000,406.2314393383692,99
2024-09-17 12:36:24.027000,406.1487259881958,105
2024-09-17 12:36:24.072000,406.1529001921887,102
2024-09-17 12:36:24.150000,406.1705697404918,15
2024-09-17 12:36:24.152000,406.152394685519,1002
2024-09-17 12:36:24.159000,406.1779269385019,997
2024-09-17 12:36:24.255000,406.1801427985319,97
2024-09-17 12:36:24.259000,406.1736211999527,6
2024-09-17 12:36:24.284000,406.1917218809449,95
2024-09-17 12:36:24.330000,406.14697542788576,6
2024-09-17 12:36:24.383000,406.169686612534,6
2024-09-17 12:36:24.483000,406.1882499253295,1005
2024-09-17 12:36:24.484000,406.1678463275826,995
2024-09-17 12:36:24.499000,406.1443523148929,7
2024-09-17 12:36:24.562000,406.1997975236593,98
2024-09-17 12:36:24.571000,406.1627339539105,7
2024-09-17 12:36:24.738000,406.1385971385358,999
2024-09-17 12:36:24.817000,406.1610071414152,7
2024-09-17 12:36:24.861000,406.17699357164753,1000
2024-09-17 12:36:24.871000,406.162172844176,995
2024-09-17 12:36:24.919000,406.1651678336954,96
2024-09-17 12:36:24.968000,406.1822838677388,103
2024-09-17 12:36:25.055000,406.14467957077335,15
2024-09-17 12:36:25.075000,406.1172666072611,1004
2024-09-17 12:36:25.104000,406.1390846910505,14
2024-09-17 12:36:25.128000,406.1456645442277,96
2024-09-17 12:36:25.146000,406.08799636599895,1003
2024-09-17 12:36:25.173000,406.1176403541916,9
2024-09-17 12:36:25.238000,406.1541570555517,1001
2024-09-17 12:36:25.269000,406.1174821458525,1003
2024-09-17 12:36:25.309000,406.14719989507984,10
2024-09-17 12:36:25.376000,406.1472063289464,996
2024-09-17 12:36:25.405000,406.1471722219519,13
2024-09-17 12:36:25.453000,406.088279999292,98
2024-09-17 12:36:25.530000,406.0986648479146,6
2024-09-17 12:36:25.607000,406.1490602195251,97
2024-09-17 12:36:25.613000,406.126689837615,104
2024-09-17 12:36:25.676000,406.1253932334856,1004
2024-09-17 12:36:25.777000,406.14965426088287,1002
2024-09-17 12:36:25.780000,406.1500858711352,7
2024-09-17 12:36:25.792000,406.1154954880079,9
2024-09-17 12:36:25.845000,406.1202470531246,100
2024-09-17 12:36:25.895000,406.1429826713337,100
2024-09-17 12:36:25.904000,406.1014675801077,1003
2024-09-17 12:36:25.952000,406.1099080504276,995
2024-09-17 12:36:25.982000,406.1460734858008,95
2024-09-17 12:36:26.166000,406.0485455580411,6
2024-09-17 12:36:26.328000,406.11310856471385,1001
2024-09-17 12:36:26.347000,406.0747364440167,10
2024-09-17 12:36:26.352000,406.1089580238855,998
2024-09-17 12:36:26.399000,406.0589974374903,100
2024-09-17 12:36:26.402000,406.0745539202778,995
2024-09-17 12:36:26.419000,406.07969787416624,15
2024-09-17 12:36:26.446000,406.12354789017127,997
2024-09-17 12:36:26.514000,406.0827256033998,8
2024-09-17 12:36:26.533000,406.0606899594665,8
2024-09-17 12:36:26.748000,406.0977218030722,15
2024-09-17 12:36:26.754000,406.0563329487133,10
2024-09-17 12:36:26.891000,406.0739683420145,997
2024-09-17 12:36:26.936000,406.0812319544525,5
2024-09-17 12:36:27.031000,406.1032800288497,8
2024-09-17 12:36:27.057000,406.1099269916808,98
2024-09-17 12:36:27.266000,406.0997555494042,14
2024-09-17 12:36:27.323000,406.09960019201833,9
2024-09-17 12:36:27.384000,406.1045566832544,1005
2024-09-17 12:36:27.568000,406.1041317146066,14
2024-09-17 12:36:27.572000,406.0953933340618,101
2024-09-17 12:36:27.715000,406.0998343266289,12
2024-09-17 12:36:27.797000,406.1002285037385,104
2024-09-17 12:36:27.815000,406.0970743225128,9
2024-09-17 12:36:27.825000,406.0850665059265,105
2024-09-17 12:36:27.839000,406.0893479249979,11
2024-09-17 12:36:27.865000,406.081567793906,10
2024-09-17 12:36:27.975000,406.0986989063095,11
2024-09-17 12:36:28.055000,406.039665386285,95
2024-09-17 12:36:28.090000,406.0534926587152,11
2024-09-17 12:36:28.221000,406.0802866714396,1001
2024-09-17 12:36:28.232000,406.0949346288213,9
2024-09-17 12:36:28.405000,406.0665024796997,995
2024-09-17 12:36:28.449000,406.0875286100169,100
2024-09-17 12:36:28.597000,406.0808804957584,98
2024-09-17 12:36:28.661000,406.0673326404498,105
2024-09-17 12:36:28.761000,406.0794222713876,1001
2024-09-17 12:36:28.765000,406.08342437917264,995
2024-09-17 12:36:28.973000,406.08243621636257,5
2024-09-17 12:36:29.066000,406.02399656533777,95
2024-09-17 12:36:29.113000,406.049294547469,14
2024-09-17 12:36:29.139000,406.0413427757175,9
2024-09-17 12:36:29.316000,406.0247446463822,998
2024-09-17 12:36:29.497000,406.0350020362387,1001
2024-09-17 12:36:29.503000,406.0217050035646,996
2024-09-17 12:36:29.529000,406.0459588920184,11
2024-09-17 12:36:29.630000,406.0310254565749,996
2024-09-17 12:36:29.849000,406.0271427095232,12
2024-09-17 12:36:29.858000,406.0352088380416,12
2024-09-17 12:36:29.941000,406.0548452413237,7
2024-09-17 12:36:30.034000,406.0642705983996,12
2024-09-17 12:36:30.063000,406.0671143232548,10
2024-09-17 12:36:30.118000,406.0238067023848,5
2024-09-17 12:36:30.252000,406.0375524598761,10
2024-09-17 12:36:30.365000,406.03957682899136,101
2024-09-17 12:36:30.432000,406.0675018273344,7
2024-09-17 12:36:30.450000,406.0116012183075,97
2024-09-17 12:36:30.509000,406.0256409175928,104
2024-09-17 12:36:30.650000,406.0206793218498,100
2024-09-17 12:36:30.708000,406.0661439367755,97
2024-09-17 12:36:30.710000,406.0248330726461,103
2024-09-17 12:36:30.742000,406.0278851499597,8
2024-09-17 12:36:30.893000,406.0667101372936,9
2024-09-17 12:36:30.895000,406.04152009734304,101
2024-09-17 12:36:30.950000,406.0558968903135,14
2024-09-17 12:36:31.011000,406.02001850007343,102
2024-09-17 12:36:31.039000,406.0342989134683,999
2024-09-17 12:36:31.090000,405.98232429951247,104
2024-09-17 12:36:31.109000,406.0192714391644,1002
2024-09-17 12:36:31.137000,406.0066547704402,99
2024-09-17 12:36:31.143000,405.9868578226998,10
2024-09-17 12:36:31.159000,406.01116184500063,95
2024-09-17 12:36:31.224000,405.9916855019952,100
2024-09-17 12:36:31.225000,406.0277780773257,5
2024-09-17 12:36:31.266000,405.981611331856,13
2024-09-17 12:36:31.316000,406.04357197228177,9
2024-09-17 12:36:31.338000,405.99202398192233,7
2024-09-17 12:36:31.346000,405.98315082720944,995
2024-09-17 12:36:31.351000,405.99941812713934,998
2024-09-17 12:36:31.352000,405.9892173812995,101
2024-09-17 12:36:31.363000,406.00823656854607,95
2024-09-17 12:36:31.410000,406.0331133675044,100
2024-09-17 12:36:31.520000,406.01719169702585,1003
2024-09-17 12:36:31.532000,405.9747458781539,99
2024-09-17 12:36:31.540000,406.02331548924855,102
2024-09-17 12:36:31.546000,406.0422369675802,5
2024-09-17 12:36:31.593000,406.0172754960839,998
2024-09-17 12:36:31.636000,405.99940337126986,102
2024-09-17 12:36:31.669000,405.999959674082,8
2024-09-17 12:36:31.700000,406.0153462900008,12
2024-09-17 12:36:31.777000,406.0064908421337,98
2024-09-17 12:36:31.830000,405.9888216556504,100
2024-09-17 12:36:32.028000,406.0183824088885,105
2024-09-17 12:36:32.093000,406.0175112723097,100
2024-09-17 12:36:32.236000,406.0378145962442,103
2024-09-17 12:36:32.244000,406.0127797180789,105
2024-09-17 12:36:32.288000,406.0113222900061,1002
2024-09-17 12:36:32.310000,406.0195206448754,7
2024-09-17 12:36:32.342000,406.0160183078038,12
2024-09-17 12:36:32.462000,405.9960660608136,101
2024-09-17 12:36:32.489000,406.035707521613,1002
2024-09-17 12:36:32.569000,406.0318867872638,102
2024-09-17 12:36:32.599000,406.02292566541854,9
2024-09-17 12:36:32.669000,406.0070352373101,98
2024-09-17 12:36:32.735000,406.0244336875607,1004
2024-09-17 12:36:32.759000,406.0101723521548,1004
2024-09-17 12:36:32.790000,406.0477202665074,102
2024-09-17 12:36:32.896000,406.02139393012834,11
2024-09-17 12:36:32.930000,406.01476610234704,103
2024-09-17 12:36:33.004000,406.0189183731899,1004
2024-09-17 12:36:33.013000,406.0147575745886,15
2024-09-17 12:36:33.408000,406.0068849072884,1002
2024-09-17 12:36:33.445000,406.010308670937,104
2024-09-17 12:36:33.513000,405.9360054439112,11
2024-09-17 12:36:33.578000,405.9979953296868,11
2024-09-17 12:36:33.723000,405.9660543780327,97
2024-09-17 12:36:33.789000,405.990755629861,9
2024-09-17 12:36:33.924000,405.99188286433713,96
2024-09-17 12:36:33.965000,406.0263531394275,996
2024-09-17 12:36:33.978000,406.0253120794059,1001
2024-09-17 12:36:33.997000,405.9436877771599,100
2024-09-17 12:36:34.664000,405.9449556231279,1005
2024-09-17 12:36:35.003000,405.9244283152294,13
2024-09-17 12:36:35.105000,405.93678490673295,1003
2024-09-17 12:36:35.163000,405.9501545463364,1005
2024-09-17 12:36:35.281000,405.9440996652628,996
2024-09-17 12:36:35.337000,405.9335298042528,1004
2024-09-17 12:36:35.368000,405.956113506131,8
2024-09-17 12:36:35.396000,405.93332393370514,98
2024-09-17 12:36:35.407000,405.95136611215696,1005
2024-09-17 12:36:35.568000,405.89629284461336,8
2024-09-17 12:36:35.576000,405.9344767116637,1001
2024-09-17 12:36:35.581000,405.9379535260103,12
2024-09-17 12:36:35.586000,405.90862765756737,13
2024-09-17 12:36:35.600000,405.9150093107711,8
2024-09-17 12:36:35.684000,405.9362136406144,105
2024-09-17 12:36:35.719000,405.9155478675347,98
2024-09-17 12:36:35.748000,405.91016442824696,5
2024-09-17 12:36:35.778000,405.8948455812424,102
2024-09-17 12:36:35.816000,405.9479756679505,6
2024-09-17 12:36:35.861000,405.94460252149247,15
2024-09-17 12:36:35.923000,405.9543567756903,5
2024-09-17 12:36:35.939000,405.925011444998,1004
2024-09-17 12:36:36.244000,405.9549097635812,10
2024-09-17 12:36:37.151000,405.95245352094526,1000
2024-09-17 12:36:38.205000,405.981621607484,13
2024-09-17 12:36:38.261000,405.98596695177446,102
2024-09-17 12:36:38.272000,405.8910867564079,99
2024-09-17 12:36:38.283000,405.92554172213386,1000
2024-09-17 12:36:38.299000,405.8992682197684,995
2024-09-17 12:36:38.325000,405.9254052551614,1000
2024-09-17 12:36:38.333000,405.8878955373632,15
2024-09-17 12:36:38.382000,405.9520730299552,8
2024-09-17 12:36:38.408000,405.8691586330997,96
2024-09-17 12:36:38.424000,405.969462419588,99
2024-09-17 12:36:38.432000,405.8825252692461,998
2024-09-17 12:36:38.433000,405.9972357269256,102
2024-09-17 12:36:38.451000,405.86041741117725,15
2024-09-17 12:36:38.483000,405.8947077158676,1000
2024-09-17 12:36:38.581000,405.9133608436807,995
2024-09-17 12:36:38.648000,405.9135093085986,97
2024-09-17 12:36:38.651000,405.9476887607768,1005
2024-09-17 12:36:38.661000,405.9663315163668,999
2024-09-17 12:36:38.662000,405.8942873926303,9
2024-09-17 12:36:38.676000,405.90804418550726,96
2024-09-17 12:36:38.690000,405.8829133394915,96
2024-09-17 12:36:38.699000,405.8981798371284,999
2024-09-17 12:36:38.714000,405.8956748857509,997
2024-09-17 12:36:38.723000,405.9228287538022,14
2024-09-17 12:36:38.736000,405.8806351115102,998
2024-09-17 12:36:38.788000,405.93901856675416,98
2024-09-17 12:36:38.825000,405.9570683139791,7
2024-09-17 12:36:39.026000,405.9076962797536,99
2024-09-17 12:36:39.035000,405.8685496098797,1005
2024-09-17 12:36:39.106000,405.8946669806681,104
2024-09-17 12:36:39.171000,405.8743311341692,6
2024-09-17 12:36:39.175000,405.881025265308,9
2024-09-17 12:36:39.229000,405.92481463298367,999
2024-09-17 12:36:39.244000,405.8726024909696,105
2024-09-17 12:36:39.245000,405.87622690006526,1004
2024-09-17 12:36:39.265000,405.8839718801566,14
2024-09-17 12:36:39.277000,405.9102456740585,97
2024-09-17 12:36:39.282000,405.9151507063648,7
2024-09-17 12:36:39.304000,405.9325722472872,96
2024-09-17 12:36:39.374000,405.87598039369857,996
2024-09-17 12:36:39.450000,405.8579584310755,6
2024-09-17 12:36:39.580000,405.88998743642895,1002
2024-09-17 12:36:39.604000,405.87519716051753,996
2024-09-17 12:36:39.622000,405.85683762262863,102
2024-09-17 12:36:39.657000,405.8538525251218,11
2024-09-17 12:36:39.725000,405.9020500559864,1005
2024-09-17 12:36:39.773000,405.8937305026481,99
2024-09-17 12:36:39.785000,405.8564112654512,104
2024-09-17 12:36:39.856000,405.85984377572737,99
2024-09-17 12:36:39.896000,405.8992116732782,1002
2024-09-17 12:36:40.075000,405.86267112922496,104
2024-09-17 12:36:40.258000,405.8522093216278,995
2024-09-17 12:36:40.646000,405.864179029615,99
2024-09-17 12:36:40.688000,405.8619309015484,998
2024-09-17 12:36:40.822000,405.8503708658211,995
2024-09-17 12:36:40.829000,405.8667482540306,97
2024-09-17 12:36:41.015000,405.9265174763756,998
2024-09-17 12:36:41.389000,405.90019936697325,103
2024-09-17 12:36:41.570000,405.8819551739414,104
2024-09-17 12:36:41.641000,405.907182237644,99
2024-09-17 12:36:41.676000,405.9004694286916,95
2024-09-17 12:36:41.696000,405.8691198568155,102
2024-09-17 12:36:41.787000,405.92172684741206,10
2024-09-17 12:36:41.800000,405.912379625522,1003
2024-09-17 12:36:41.955000,405.9119179387729,8
2024-09-17 12:36:42.011000,405.8292017280818,14
2024-09-17 12:36:42.113000,405.8952507294687,1003
2024-09-17 12:36:42.196000,405.89879170724174,10
2024-09-17 12:36:42.247000,405.8480530023247,1000
2024-09-17 12:36:42.482000,405.8292462103957,104
2024-09-17 12:36:42.513000,405.8816593400994,9
2024-09-17 12:36:42.615000,405.8664632461848,99
2024-09-17 12:36:42.635000,405.9006900465347,7
2024-09-17 12:36:42.731000,405.898846242188,104
2024-09-17 12:36:42.965000,405.8539586406517,12
2024-09-17 12:36:42.993000,405.908337845531,97
2024-09-17 12:36:43.031000,405.8237829678486,101
2024-09-17 12:36:43.383000,405.8289668362512,996
2024-09-17 12:36:43.824000,405.830530077267,1000
2024-09-17 12:36:44.040000,405.8048735895562,6
2024-09-17 12:36:44.191000,405.8407439431748,1004
2024-09-17 12:36:44.195000,405.8026967258519,13
2024-09-17 12:36:44.731000,405.8512660926344,9
2024-09-17 12:36:44.856000,405.8073959553055,1003
2024-09-17 12:36:44.859000,405.805113662402,10
2024-09-17 12:36:44.957000,405.8037657590489,8
2024-09-17 12:36:45.031000,405.76186894111686,11
2024-09-17 12:36:45.215000,405.7670128561346,95
2024-09-17 12:36:45.287000,405.7389475326665,99
2024-09-17 12:36:45.324000,405.8182706836072,997
2024-09-17 12:36:45.437000,405.757936819084,999
2024-09-17 12:36:45.445000,405.7930488228747,7
2024-09-17 12:36:45.451000,405.7462667576041,997
2024-09-17 12:36:45.463000,405.7558521936572,104
2024-09-17 12:36:45.470000,405.7373116815661,15
2024-09-17 12:36:45.470000,405.7547541250983,1003
2024-09-17 12:36:45.540000,405.7415259404419,10
2024-09-17 12:36:45.588000,405.761801436256,6
2024-09-17 12:36:45.631000,405.77836503815234,12
2024-09-17 12:36:45.677000,405.7530827583557,95
2024-09-17 12:36:45.702000,405.7497539485559,6
2024-09-17 12:36:45.804000,405.757758291781,101
2024-09-17 12:36:45.811000,405.7553090268126,1005
2024-09-17 12:36:45.903000,405.7558941811829,95
2024-09-17 12:36:45.918000,405.7769198407725,14
2024-09-17 12:36:45.947000,405.7802139673673,15
2024-09-17 12:36:45.948000,405.7575418256637,6
2024-09-17 12:36:45.998000,405.7396310285483,1004
2024-09-17 12:36:46.051000,405.825792060928,12
2024-09-17 12:36:46.120000,405.7794574207576,12
2024-09-17 12:36:46.183000,405.83207142496826,1002
2024-09-17 12:36:46.257000,405.8391379525221,999
2024-09-17 12:36:46.480000,405.81874046334207,95
2024-09-17 12:36:46.485000,405.8028569019424,101
2024-09-17 12:36:46.490000,405.7630199133422,5
2024-09-17 12:36:46.593000,405.7701785238722,6
2024-09-17 12:36:46.615000,405.8120493946584,998
2024-09-17 12:36:46.647000,405.7674740951095,10
2024-09-17 12:36:46.683000,405.8205978823797,101
2024-09-17 12:36:46.774000,405.82543188528064,998
2024-09-17 12:36:46.844000,405.7574534763797,997
2024-09-17 12:36:46.885000,405.7954911135609,1004
2024-09-17 12:36:46.935000,405.77233560050746,14
2024-09-17 12:36:46.963000,405.8350111763864,1003
2024-09-17 12:36:47.085000,405.82059370377016,1001
2024-09-17 12:36:47.100000,405.7594269784738,996
2024-09-17 12:36:47.145000,405.7874653710245,104
2024-09-17 12:36:47.154000,405.83163629120656,98
2024-09-17 12:36:47.180000,405.83341699907646,1001
2024-09-17 12:36:47.184000,405.8048938469974,97
2024-09-17 12:36:47.194000,405.8292588965037,11
2024-09-17 12:36:47.249000,405.7759358681344,11
2024-09-17 12:36:47.317000,405.77683660345474,8
2024-09-17 12:36:47.331000,405.8113541281121,99
2024-09-17 12:36:47.374000,405.7804076248816,1004
2024-09-17 12:36:47.454000,405.773730752942,1002
2024-09-17 12:36:47.523000,405.79047801833633,999
2024-09-17 12:36:47.558000,405.8196890749717,102
2024-09-17 12:36:47.561000,405.7692604224293,1002
2024-09-17 12:36:47.623000,405.7905456189415,6
2024-09-17 12:36:47.640000,405.8116429356055,1003
2024-09-17 12:36:47.719000,405.8190713336469,1001
2024-09-17 12:36:47.787000,405.8078650943213,101
2024-09-17 12:36:47.811000,405.8194554920317,103
2024-09-17 12:36:47.820000,405.802938583971,999
2024-09-17 12:36:47.921000,405.7653241281625,7
2024-09-17 12:36:47.956000,405.80322010504017,1004
2024-09-17 12:36:48.037000,405.7707857460079,1001
2024-09-17 12:36:48.054000,405.7740082010442,104
2024-09-17 12:36:48.100000,405.7713403661147,995
2024-09-17 12:36:48.184000,405.7632482774216,11
2024-09-17 12:36:48.213000,405.8316172597886,1004
2024-09-17 12:36:48.224000,405.76639517431255,99
2024-09-17 12:36:48.406000,405.7654626796405,14
2024-09-17 12:36:48.413000,405.7597369467106,1000
2024-09-17 12:36:48.441000,405.8219022346016,96
2024-09-17 12:36:48.518000,405.8108927443661,14
2024-09-17 12:36:48.633000,405.7837817400174,100
2024-09-17 12:36:48.774000,405.8090014333116,101
2024-09-17 12:36:48.778000,405.81098425565455,6
2024-09-17 12:36:48.841000,405.7989617030246,1002
2024-09-17 12:36:48.928000,405.7790857590773,14
2024-09-17 12:36:49.112000,405.80297855279895,1000
2024-09-17 12:36:49.211000,405.8115181843627,96
2024-09-17 12:36:49.291000,405.8094624246765,10
2024-09-17 12:36:49.308000,405.841396193383,13
2024-09-17 12:36:49.367000,405.7988091118954,102
2024-09-17 12:36:49.398000,405.78948331387824,999
2024-09-17 12:36:49.431000,405.8031782330976,13
2024-09-17 12:36:49.443000,405.8199375456175,7
2024-09-17 12:36:49.486000,405.7790427787207,96
2024-09-17 12:36:49.541000,405.79577692774967,997
2024-09-17 12:36:49.552000,405.82676010038426,997
2024-09-17 12:36:49.588000,405.8238650718422,14
2024-09-17 12:36:49.648000,405.8090295102797,1003
2024-09-17 12:36:49.857000,405.8088734723025,104
2024-09-17 12:36:49.866000,405.7950991146744,101
2024-09-17 12:36:50.013000,405.7969219534307,999
2024-09-17 12:36:50.049000,405.7992867696457,99
2024-09-17 12:36:50.050000,405.8078547751245,100
2024-09-17 12:36:50.050000,405.8155752996182,1000
2024-09-17 12:36:50.127000,405.8101049740243,101
2024-09-17 12:36:50.199000,405.7908636928647,1003
2024-09-17 12:36:50.319000,405.7958619672253,1004
2024-09-17 12:36:50.400000,405.7722603884754,14
2024-09-17 12:36:50.405000,405.78680350431847,99
2024-09-17 12:36:50.506000,405.7883554134052,995
2024-09-17 12:36:50.567000,405.7930417111951,100
2024-09-17 12:36:50.830000,405.8209391101557,11
2024-09-17 12:36:50.973000,405.8160802166162,1000
2024-09-17 12:36:50.984000,405.8031124804341,12
2024-09-17 12:36:51.013000,405.85825857284254,95
2024-09-17 12:36:51.021000,405.8161809606711,6
2024-09-17 12:36:51.153000,405.81361093253423,97
2024-09-17 12:36:51.191000,405.8136730102049,996
2024-09-17 12:36:51.208000,405.8841987985421,95
2024-09-17 12:36:51.219000,405.8778918028318,1005
2024-09-17 12:36:51.301000,405.8847948357692,999
2024-09-17 12:36:51.341000,405.8325877180444,996
2024-09-17 12:36:51.367000,405.7778147572122,997
2024-09-17 12:36:51.386000,405.8784152458104,1001
2024-09-17 12:36:51.464000,405.86459509716616,104
2024-09-17 12:36:51.471000,405.8945449214468,101
2024-09-17 12:36:51.574000,405.8934939975263,10
2024-09-17 12:36:51.575000,405.86142749029904,11
2024-09-17 12:36:51.719000,405.8816735767063,999
2024-09-17 12:36:51.797000,405.8060087337348,96
2024-09-17 12:36:51.826000,405.8199455173688,103
2024-09-17 12:36:51.844000,405.79782426051855,9
2024-09-17 12:36:51.869000,405.8120096422191,9
2024-09-17 12:36:52.023000,405.8611122302664,101
2024-09-17 12:36:52.032000,405.8781535279815,14
2024-09-17 12:36:52.035000,405.8568729290295,101
2024-09-17 12:36:52.063000,405.8574357494327,996
2024-09-17 12:36:52.076000,405.8652896343852,14
2024-09-17 12:36:52.113000,405.8358792777733,100
2024-09-17 12:36:52.138000,405.86701994972304,1005
2024-09-17 12:36:52.154000,405.917659582947,1004
2024-09-17 12:36:52.168000,405.87633466554985,10
2024-09-17 12:36:52.199000,405.8697460870554,100
2024-09-17 12:36:52.245000,405.9172863037613,10
2024-09-17 12:36:52.331000,405.9290632297278,1003
2024-09-17 12:36:52.413000,405.8905493387937,1004
2024-09-17 12:36:52.443000,405.8978821086375,12
2024-09-17 12:36:52.473000,405.9121264095351,101
2024-09-17 12:36:52.480000,405.82989478421086,98
2024-09-17 12:36:52.609000,405.8965227682019,9
2024-09-17 12:36:52.638000,405.85494212488624,1004
2024-09-17 12:36:52.676000,405.8998983766385,95
2024-09-17 12:36:52.755000,405.8936337155655,7
2024-09-17 12:36:52.801000,405.8565256710289,9
2024-09-17 12:36:52.815000,405.8353215803107,7
2024-09-17 12:36:52.909000,405.86972982291496,98
2024-09-17 12:36:52.954000,405.8216361727382,10
2024-09-17 12:36:52.961000,405.90153865192434,10
2024-09-17 12:36:53.034000,405.85840832185534,100
2024-09-17 12:36:53.037000,405.896046466864,6
2024-09-17 12:36:53.053000,405.9017059614454,10
2024-09-17 12:36:53.085000,405.90102987291056,9
2024-09-17 12:36:53.139000,405.8708350528743,104
2024-09-17 12:36:53.158000,405.8903829450908,96
2024-09-17 12:36:53.265000,405.8889769657165,104
2024-09-17 12:36:53.331000,405.8990205679936,997
2024-09-17 12:36:53.374000,405.8973837206684,101
2024-09-17 12:36:53.387000,405.90895839878726,15
2024-09-17 12:36:53.539000,405.8785789180725,6
2024-09-17 12:36:53.562000,405.9003876149205,95
2024-09-17 12:36:53.596000,405.8904008062512,97
2024-09-17 12:36:53.625000,405.9025188796677,98
2024-09-17 12:36:53.711000,405.8954749439203,997
2024-09-17 12:36:53.751000,405.8927402227319,99
2024-09-17 12:36:53.815000,405.91048132324966,14
2024-09-17 12:36:53.875000,405.9018912701263,5
2024-09-17 12:36:53.935000,405.8887932391358,105
2024-09-17 12:36:53.936000,405.89789226809904,995
2024-09-17 12:36:54.124000,405.8509667225576,95
2024-09-17 12:36:54.226000,405.8555792885528,9
2024-09-17 12:36:54.378000,405.8722611999728,97
2024-09-17 12:36:54.754000,405.8482603330114,100
2024-09-17 12:36:54.973000,405.8481058457015,11
2024-09-17 12:36:55.032000,405.85454766474703,11
2024-09-17 12:36:55.176000,405.8489356158029,14
2024-09-17 12:36:55.382000,405.8661489364548,99
2024-09-17 12:36:55.624000,405.8470839281144,96
2024-09-17 12:36:55.636000,405.8507893345875,999
2024-09-17 12:36:55.637000,405.86978638306266,97
2024-09-17 12:36:55.801000,405.84731738468383,1004
2024-09-17 12:36:55.908000,405.8485803837912,1003
2024-09-17 12:36:55.916000,405.8572606114411,99
2024-09-17 12:36:56.017000,405.8462111460928,5
2024-09-17 12:36:56.081000,405.8503070247581,6
2024-09-17 12:36:56.083000,405.8419894351572,5
2024-09-17 12:36:56.089000,405.8371386946844,998
2024-09-17 12:36:56.098000,405.8178583176612,13
2024-09-17 12:36:56.100000,405.8432222825188,102
2024-09-17 12:36:56.114000,405.817051925028,105
2024-09-17 12:36:56.179000,405.87897824018006,9
2024-09-17 12:36:56.250000,405.8564951396224,1001
2024-09-17 12:36:56.299000,405.8487216576377,11
2024-09-17 12:36:56.347000,405.8509400997063,999
2024-09-17 12:36:56.362000,405.84408224839206,1005
2024-09-17 12:36:56.375000,405.84970116038585,98
2024-09-17 12:36:56.385000,405.84502833493264,6
2024-09-17 12:36:56.510000,405.87388455664177,1005
2024-09-17 12:36:56.548000,405.8644377185934,11
2024-09-17 12:36:56.592000,405.8424550885737,1005
2024-09-17 12:36:56.613000,405.8138547507804,105
2024-09-17 12:36:56.649000,405.8296132938547,1005
2024-09-17 12:36:56.654000,405.87607391485466,1001
2024-09-17 12:36:56.656000,405.8915293265948,14
2024-09-17 12:36:56.850000,405.8599425865079,995
2024-09-17 12:36:56.908000,405.8492722770966,9
2024-09-17 12:36:56.911000,405.852198341952,995
2024-09-17 12:36:56.966000,405.8334809995012,13
2024-09-17 12:36:56.983000,405.8385893876239,8
2024-09-17 12:36:56.997000,405.8454122025941,998
2024-09-17 12:36:57.288000,405.8702499782361,998
2024-09-17 12:36:57.492000,405.8772992164929,8
2024-09-17 12:36:57.714000,405.8935642695332,1004
2024-09-17 12:36:58.122000,405.8574559924226,96
2024-09-17 12:36:58.126000,405.8944326452631,1002
2024-09-17 12:36:58.129000,405.8765785045085,995
2024-09-17 12:36:58.166000,405.87304691448014,100
2024-09-17 12:36:58.171000,405.8907573699094,103
2024-09-17 12:36:58.179000,405.902807600131,101
2024-09-17 12:36:58.179000,405.8619988646042,98
2024-09-17 12:36:58.239000,405.870624677752,97
2024-09-17 12:36:58.286000,405.8657109157635,103
2024-09-17 12:36:58.304000,405.8955305123108,103
2024-09-17 12:36:58.332000,405.8684977861191,101
2024-09-17 12:36:58.355000,405.8581171625529,99
2024-09-17 12:36:58.382000,405.8811233057603,998
2024-09-17 12:36:58.578000,405.8600442529112,12
2024-09-17 12:36:58.612000,405.8663496162013,103
2024-09-17 12:36:58.623000,405.8866781371327,104
2024-09-17 12:36:58.679000,405.8935597380176,998
2024-09-17 12:36:58.688000,405.8983770314712,11
2024-09-17 12:36:58.755000,405.8919549044251,95
2024-09-17 12:36:58.767000,405.89434615444014,98
2024-09-17 12:36:58.859000,405.8912756043078,13
2024-09-17 12:36:58.906000,405.8792549836586,13
2024-09-17 12:36:58.983000,405.8862467846552,997
2024-09-17 12:36:59.065000,405.79744961019503,997
2024-09-17 12:36:59.136000,405.8338009806847,7
2024-09-17 12:36:59.142000,405.77247315910427,13
2024-09-17 12:36:59.235000,405.8180812775037,10
2024-09-17 12:36:59.292000,405.8562880737352,102
2024-09-17 12:36:59.317000,405.77526535874193,1003
2024-09-17 12:36:59.359000,405.8211400128277,5
2024-09-17 12:36:59.434000,405.8698648974657,10
2024-09-17 12:36:59.449000,405.8408640135439,104
2024-09-17 12:36:59.480000,405.86003303752295,96
2024-09-17 12:36:59.544000,405.7613178293337,1000
2024-09-17 12:36:59.609000,405.8479240804999,1004
2024-09-17 12:36:59.645000,405.8129231208384,105
2024-09-17 12:36:59.700000,405.7864462210849,996
2024-09-17 12:36:59.782000,405.7725533497629,99
2024-09-17 12:36:59.798000,405.8595912560716,102
2024-09-17 12:36:59.825000,405.7771651948162,15
2024-09-17 12:36:59.829000,405.81934138572353,1004
2024-09-17 12:36:59.866000,405.82408811204033,1005
2024-09-17 12:36:59.873000,405.7622645395703,1001
2024-09-17 12:36:59.920000,405.8438163690183,104
2024-09-17 12:36:59.961000,405.8680627411231,101
2024-09-17 12:36:59.995000,405.84466308343855,12
