Timestamp,Price,Size
2024-09-18 14:07:00.033000,415.0522512333437,13
2024-09-18 14:07:00.052000,415.0859833515398,11
2024-09-18 14:07:00.073000,415.0638385087644,10
2024-09-18 14:07:00.110000,415.0645800969409,15
2024-09-18 14:07:00.216000,415.0238312779684,8
2024-09-18 14:07:00.222000,415.0705060011746,105
2024-09-18 14:07:00.264000,415.0164204242572,998
2024-09-18 14:07:00.318000,415.0631533178044,95
2024-09-18 14:07:00.467000,415.0553826545743,10
2024-09-18 14:07:00.521000,415.0671129211548,97
2024-09-18 14:07:00.543000,415.07608980502334,13
2024-09-18 14:07:00.549000,415.0708294917936,1004
2024-09-18 14:07:00.558000,415.0441948746264,1004
2024-09-18 14:07:00.604000,415.06963827009815,95
2024-09-18 14:07:00.617000,415.0488447524477,999
2024-09-18 14:07:00.670000,415.0282834458174,7
2024-09-18 14:07:00.671000,415.01990180143576,999
2024-09-18 14:07:00.702000,415.0522188099741,1000
2024-09-18 14:07:00.719000,415.0601834966943,1003
2024-09-18 14:07:00.751000,415.04439960896576,103
2024-09-18 14:07:00.751000,415.0648727730887,98
2024-09-18 14:07:00.754000,415.0657209832042,10
2024-09-18 14:07:00.836000,415.06339921669047,12
2024-09-18 14:07:00.843000,415.04748204919287,10
2024-09-18 14:07:00.860000,415.03561174483673,104
2024-09-18 14:07:00.963000,415.0836504552352,97
2024-09-18 14:07:00.976000,415.0672818627305,1005
2024-09-18 14:07:00.992000,415.046594732596,102
2024-09-18 14:07:01.209000,415.0136623087885,1002
2024-09-18 14:07:01.329000,414.9783379459325,1001
2024-09-18 14:07:01.539000,414.9897324874485,1000
2024-09-18 14:07:01.539000,414.9596768704346,12
2024-09-18 14:07:01.553000,414.9765879500488,1004
2024-09-18 14:07:01.716000,414.9722617329001,999
2024-09-18 14:07:01.738000,414.9544372096808,5
2024-09-18 14:07:01.775000,414.9685370462915,9
2024-09-18 14:07:01.946000,414.9718488957128,98
2024-09-18 14:07:02.037000,414.9065823854989,1001
2024-09-18 14:07:02.084000,414.9829072749743,1005
2024-09-18 14:07:02.194000,414.9113311378438,13
2024-09-18 14:07:02.365000,414.9546183303075,998
2024-09-18 14:07:02.437000,414.92945582905617,1001
2024-09-18 14:07:02.460000,415.0013109073522,995
2024-09-18 14:07:02.461000,414.9134960484544,10
2024-09-18 14:07:02.486000,414.9609331884215,1001
2024-09-18 14:07:02.502000,414.913723211931,5
2024-09-18 14:07:02.563000,414.9161383355118,12
2024-09-18 14:07:02.587000,414.9656426686152,105
2024-09-18 14:07:02.596000,414.9883703892364,1002
2024-09-18 14:07:02.742000,414.93784077348,100
2024-09-18 14:07:02.757000,414.9782361382568,14
2024-09-18 14:07:02.795000,414.9714691974731,101
2024-09-18 14:07:02.801000,414.9093728120862,104
2024-09-18 14:07:02.810000,414.9463656765397,996
2024-09-18 14:07:02.818000,414.89431733225024,6
2024-09-18 14:07:02.822000,414.9307815100947,103
2024-09-18 14:07:02.873000,414.9645189923869,99
2024-09-18 14:07:02.883000,414.88579624963967,95
2024-09-18 14:07:02.927000,414.9023418851223,105
2024-09-18 14:07:02.952000,414.9550143260505,9
2024-09-18 14:07:02.963000,414.914985465727,996
2024-09-18 14:07:02.974000,414.94324935171534,15
2024-09-18 14:07:02.981000,414.9553620836316,14
2024-09-18 14:07:03.020000,414.9874362590688,9
2024-09-18 14:07:03.253000,414.9447850307336,6
2024-09-18 14:07:03.434000,414.9938560316373,1003
2024-09-18 14:07:03.555000,414.9686082988605,14
2024-09-18 14:07:03.881000,414.9794376803768,11
2024-09-18 14:07:03.935000,414.9750403303692,997
2024-09-18 14:07:04.070000,415.05316767665136,9
2024-09-18 14:07:04.072000,415.05559125282673,98
2024-09-18 14:07:04.180000,415.058938994407,1000
2024-09-18 14:07:04.183000,415.0528965015651,95
2024-09-18 14:07:04.198000,415.0156024350583,101
2024-09-18 14:07:04.272000,415.0259628355661,10
2024-09-18 14:07:04.322000,415.0581771664309,103
2024-09-18 14:07:04.329000,415.0756474889296,1004
2024-09-18 14:07:04.341000,415.06654972580304,100
2024-09-18 14:07:04.388000,415.0741125225965,1002
2024-09-18 14:07:04.437000,414.99800521210585,13
2024-09-18 14:07:04.463000,415.04559943150105,1001
2024-09-18 14:07:04.481000,415.0255782829722,995
2024-09-18 14:07:04.528000,415.037210702516,8
2024-09-18 14:07:04.536000,415.00893662690834,12
2024-09-18 14:07:04.646000,415.0157637111048,100
2024-09-18 14:07:04.671000,415.0557803228425,1000
2024-09-18 14:07:04.673000,415.0248543787556,97
2024-09-18 14:07:04.753000,415.033094183638,7
2024-09-18 14:07:04.789000,415.0452778060089,996
2024-09-18 14:07:04.798000,415.0353543666498,1005
2024-09-18 14:07:04.835000,415.0574042090058,100
2024-09-18 14:07:04.866000,415.03099298309405,1005
2024-09-18 14:07:04.887000,415.0416693206588,999
2024-09-18 14:07:04.897000,415.01850306670656,12
2024-09-18 14:07:04.984000,415.0601558320766,15
2024-09-18 14:07:05.212000,415.0822887538273,97
2024-09-18 14:07:05.264000,415.0579561513028,1002
2024-09-18 14:07:05.417000,415.0688473200843,13
2024-09-18 14:07:05.443000,415.0657047569061,98
2024-09-18 14:07:05.799000,415.055827515653,10
2024-09-18 14:07:05.879000,415.10073120400784,995
2024-09-18 14:07:06.007000,415.1058690826857,11
2024-09-18 14:07:06.087000,415.1383038242975,10
2024-09-18 14:07:06.097000,415.1394180612792,98
2024-09-18 14:07:06.099000,415.0916629959772,1000
2024-09-18 14:07:06.113000,415.1210210561564,95
2024-09-18 14:07:06.171000,415.06335314616456,97
2024-09-18 14:07:06.196000,415.1303566274269,996
2024-09-18 14:07:06.233000,415.135538717902,11
2024-09-18 14:07:06.244000,415.0759380373586,995
2024-09-18 14:07:06.258000,415.1143194730392,101
2024-09-18 14:07:06.284000,415.106264640876,97
2024-09-18 14:07:06.334000,415.08483333386346,15
2024-09-18 14:07:06.408000,415.1270611869313,997
2024-09-18 14:07:06.418000,415.0870348850222,95
2024-09-18 14:07:06.486000,415.1227067345802,104
2024-09-18 14:07:06.517000,415.10812550196783,96
2024-09-18 14:07:06.524000,415.1213670883379,999
2024-09-18 14:07:06.596000,415.08764829388895,100
2024-09-18 14:07:06.596000,415.10870014030775,13
2024-09-18 14:07:06.664000,415.1153678243743,1003
2024-09-18 14:07:06.673000,415.1149611437333,10
2024-09-18 14:07:06.699000,415.0872822490779,5
2024-09-18 14:07:06.712000,415.1003834151912,6
2024-09-18 14:07:06.745000,415.0985396413087,102
2024-09-18 14:07:06.764000,415.12950754956034,98
2024-09-18 14:07:06.873000,415.07336275069486,11
2024-09-18 14:07:06.912000,415.1188143000847,15
2024-09-18 14:07:06.952000,415.1273930362466,104
2024-09-18 14:07:08.015000,415.0861214435668,996
2024-09-18 14:07:08.074000,415.0698689383567,1004
2024-09-18 14:07:08.081000,415.1329418892529,102
2024-09-18 14:07:08.084000,415.1397356973708,1003
2024-09-18 14:07:08.099000,415.052693432185,995
2024-09-18 14:07:08.099000,415.0917370780809,996
2024-09-18 14:07:08.125000,415.1041734982985,105
2024-09-18 14:07:08.261000,415.0753799963793,997
2024-09-18 14:07:08.267000,415.1379166481308,102
2024-09-18 14:07:08.344000,415.05096122356525,10
2024-09-18 14:07:08.377000,415.1371055668425,15
2024-09-18 14:07:08.383000,415.0788616671947,8
2024-09-18 14:07:08.399000,415.1397040068271,96
2024-09-18 14:07:08.451000,415.1194747554625,1004
2024-09-18 14:07:08.469000,415.0630154250607,101
2024-09-18 14:07:08.534000,415.0976061088989,997
2024-09-18 14:07:08.544000,415.1064214234804,7
2024-09-18 14:07:08.549000,415.106696399448,996
2024-09-18 14:07:08.550000,415.0795549943084,7
2024-09-18 14:07:08.658000,415.1112363972873,7
2024-09-18 14:07:08.808000,415.13197107329694,13
2024-09-18 14:07:08.817000,415.0523611943625,10
2024-09-18 14:07:08.958000,415.1197481441647,96
2024-09-18 14:07:08.967000,415.0966596455697,104
2024-09-18 14:07:08.985000,415.07587089905815,100
2024-09-18 14:07:09.044000,415.07953358594375,5
2024-09-18 14:07:09.137000,415.075976144036,1001
2024-09-18 14:07:09.189000,415.0476835032048,1004
2024-09-18 14:07:09.238000,415.0321220433206,9
2024-09-18 14:07:09.256000,415.0422469318498,999
2024-09-18 14:07:09.464000,415.0507456361263,1001
2024-09-18 14:07:09.483000,415.0335998017399,101
2024-09-18 14:07:09.528000,415.0486458580879,97
2024-09-18 14:07:09.835000,415.0441165294242,998
2024-09-18 14:07:09.865000,415.05519326935433,102
2024-09-18 14:07:09.914000,415.0425000282934,14
2024-09-18 14:07:10.108000,415.0059838219042,104
2024-09-18 14:07:10.440000,415.0273533718008,103
2024-09-18 14:07:10.555000,415.0009684711584,7
2024-09-18 14:07:10.820000,415.0363818127866,14
2024-09-18 14:07:11.640000,414.9944530178539,10
2024-09-18 14:07:11.847000,414.9909562545998,998
2024-09-18 14:07:12.011000,414.9536453400472,13
2024-09-18 14:07:12.106000,414.9360067708718,15
2024-09-18 14:07:12.107000,414.9511748733936,103
2024-09-18 14:07:12.127000,414.9659515724098,7
2024-09-18 14:07:12.147000,414.9383431190996,101
2024-09-18 14:07:12.189000,414.92024828389896,1001
2024-09-18 14:07:12.238000,414.8908395328737,96
2024-09-18 14:07:12.263000,414.9430260090992,96
2024-09-18 14:07:12.292000,414.9212947797653,996
2024-09-18 14:07:12.381000,414.9095342379152,5
2024-09-18 14:07:12.386000,414.9624525184898,96
2024-09-18 14:07:12.421000,414.930137531704,96
2024-09-18 14:07:12.437000,414.9275606071077,100
2024-09-18 14:07:12.486000,414.95437395256056,996
2024-09-18 14:07:12.496000,414.88376628787125,995
2024-09-18 14:07:12.529000,414.93826067770857,96
2024-09-18 14:07:12.556000,414.9446873320126,1000
2024-09-18 14:07:12.568000,414.8572015867626,998
2024-09-18 14:07:12.711000,414.8516248295138,15
2024-09-18 14:07:12.729000,414.9469727460839,6
2024-09-18 14:07:12.751000,414.8631799710205,995
2024-09-18 14:07:12.754000,414.9212736616824,15
2024-09-18 14:07:12.783000,414.872799022844,95
2024-09-18 14:07:12.805000,414.9372348313958,105
2024-09-18 14:07:12.843000,414.9386060401041,13
2024-09-18 14:07:12.887000,414.88042475671153,96
2024-09-18 14:07:12.915000,414.9844955074966,9
2024-09-18 14:07:12.959000,414.99673199991406,101
2024-09-18 14:07:13.016000,414.80408469423526,101
2024-09-18 14:07:13.045000,414.81241161349794,95
2024-09-18 14:07:13.116000,414.8172518407762,10
2024-09-18 14:07:13.137000,414.8295735508886,6
2024-09-18 14:07:13.171000,414.8480151159181,14
2024-09-18 14:07:13.185000,414.8130645426354,1003
2024-09-18 14:07:13.243000,414.8457667769476,995
2024-09-18 14:07:13.292000,414.8590373807797,1002
2024-09-18 14:07:13.589000,414.8101126838204,1000
2024-09-18 14:07:13.635000,414.87492695207953,1001
2024-09-18 14:07:13.801000,414.81741742778416,6
2024-09-18 14:07:13.844000,414.869916364518,8
2024-09-18 14:07:14.066000,414.8007349987447,105
2024-09-18 14:07:14.080000,414.7967995853779,1002
2024-09-18 14:07:14.085000,414.8135262931548,103
2024-09-18 14:07:14.115000,414.7973287492512,103
2024-09-18 14:07:14.123000,414.7833973014791,998
2024-09-18 14:07:14.193000,414.814274086256,105
2024-09-18 14:07:14.283000,414.7630299633428,1002
2024-09-18 14:07:14.360000,414.7867726361834,98
2024-09-18 14:07:14.363000,414.7618761764821,998
2024-09-18 14:07:14.364000,414.7865070226139,1000
2024-09-18 14:07:14.474000,414.7892982054093,101
2024-09-18 14:07:14.477000,414.78774555666615,6
2024-09-18 14:07:14.576000,414.7701008302601,5
2024-09-18 14:07:14.664000,414.788633848883,13
2024-09-18 14:07:14.700000,414.80055238794233,101
2024-09-18 14:07:14.746000,414.80804829518286,95
2024-09-18 14:07:14.747000,414.7786152174518,10
2024-09-18 14:07:14.773000,414.7782749532489,96
2024-09-18 14:07:14.774000,414.7540606236028,101
2024-09-18 14:07:14.807000,414.8205206129082,105
2024-09-18 14:07:14.810000,414.7643057870431,104
2024-09-18 14:07:14.886000,414.8031477680664,1002
2024-09-18 14:07:14.967000,414.7831160657891,997
2024-09-18 14:07:14.980000,414.78399700577984,1001
2024-09-18 14:07:14.995000,414.8038599467615,995
2024-09-18 14:07:15.182000,414.7601759032088,999
2024-09-18 14:07:15.251000,414.75213856703175,1005
2024-09-18 14:07:15.297000,414.76874273880657,11
2024-09-18 14:07:15.404000,414.7884694979997,12
2024-09-18 14:07:15.528000,414.7801935598724,11
2024-09-18 14:07:15.617000,414.7720160284854,5
2024-09-18 14:07:15.697000,414.8048768178615,95
2024-09-18 14:07:15.711000,414.7569700719815,7
2024-09-18 14:07:15.782000,414.745809258261,1001
2024-09-18 14:07:15.930000,414.79034361393815,1001
2024-09-18 14:07:15.953000,414.770155876091,10
2024-09-18 14:07:16.091000,414.83218016977503,997
2024-09-18 14:07:16.102000,414.85410194685966,11
2024-09-18 14:07:16.108000,414.86825260953873,105
2024-09-18 14:07:16.156000,414.8102979949939,101
2024-09-18 14:07:16.177000,414.85769333230377,100
2024-09-18 14:07:16.243000,414.8754623428828,100
2024-09-18 14:07:16.282000,414.8182600736831,14
2024-09-18 14:07:16.313000,414.8398241936599,103
2024-09-18 14:07:16.328000,414.7969881659166,103
2024-09-18 14:07:16.385000,414.8520258905919,8
2024-09-18 14:07:16.452000,414.8187228637988,103
2024-09-18 14:07:16.541000,414.8474867271752,101
2024-09-18 14:07:16.575000,414.8531686783507,101
2024-09-18 14:07:16.604000,414.8178326046889,14
2024-09-18 14:07:16.604000,414.81402439300666,99
2024-09-18 14:07:16.618000,414.8293394619045,15
2024-09-18 14:07:16.682000,414.8159670122201,7
2024-09-18 14:07:16.733000,414.8749385843526,102
2024-09-18 14:07:16.795000,414.86607681690543,995
2024-09-18 14:07:16.797000,414.8047007045177,1001
2024-09-18 14:07:16.878000,414.8233414091917,1005
2024-09-18 14:07:16.880000,414.85520690650105,1003
2024-09-18 14:07:16.881000,414.8494919208373,99
2024-09-18 14:07:16.896000,414.8646923354595,103
2024-09-18 14:07:16.902000,414.8479166345842,100
2024-09-18 14:07:16.919000,414.8265787196975,9
2024-09-18 14:07:17.012000,414.87784363700325,7
2024-09-18 14:07:17.046000,414.8238667048092,102
2024-09-18 14:07:17.078000,414.825127678688,8
2024-09-18 14:07:17.127000,414.83709861940656,100
2024-09-18 14:07:17.236000,414.81578206005696,8
2024-09-18 14:07:17.249000,414.78140028339,1001
2024-09-18 14:07:17.493000,414.8231625208308,15
2024-09-18 14:07:17.494000,414.8404336879765,97
2024-09-18 14:07:17.512000,414.8284428499526,1003
2024-09-18 14:07:17.522000,414.8361901969778,999
2024-09-18 14:07:17.588000,414.8317834590415,95
2024-09-18 14:07:17.648000,414.83178221193,1003
2024-09-18 14:07:17.653000,414.8046823563406,105
2024-09-18 14:07:17.730000,414.8703760472225,102
2024-09-18 14:07:17.781000,414.8290207254879,7
2024-09-18 14:07:17.795000,414.8240164243592,995
2024-09-18 14:07:17.811000,414.8361914538413,98
2024-09-18 14:07:18.002000,414.7730497849345,1005
2024-09-18 14:07:18.031000,414.7484489161813,10
2024-09-18 14:07:18.066000,414.8066574386016,97
2024-09-18 14:07:18.083000,414.7918747198751,9
2024-09-18 14:07:18.167000,414.81283239869737,13
2024-09-18 14:07:18.260000,414.77086056038905,995
2024-09-18 14:07:18.286000,414.8001934492451,104
2024-09-18 14:07:18.354000,414.7981936427894,105
2024-09-18 14:07:18.421000,414.74380780577405,104
2024-09-18 14:07:18.554000,414.7603746421639,15
2024-09-18 14:07:18.581000,414.74278429003886,10
2024-09-18 14:07:18.585000,414.7329982352227,15
2024-09-18 14:07:18.650000,414.7324939238088,5
2024-09-18 14:07:18.678000,414.8104192959271,97
2024-09-18 14:07:18.713000,414.8169495246158,996
2024-09-18 14:07:18.727000,414.7411625134415,995
2024-09-18 14:07:18.809000,414.76079193465614,1003
2024-09-18 14:07:18.832000,414.7640908175824,15
2024-09-18 14:07:18.862000,414.7567737936809,997
2024-09-18 14:07:18.882000,414.7382460633379,9
2024-09-18 14:07:18.884000,414.7783758127356,101
2024-09-18 14:07:18.916000,414.7750185288705,97
2024-09-18 14:07:18.922000,414.8099459031088,98
2024-09-18 14:07:18.964000,414.75920487899015,999
2024-09-18 14:07:18.971000,414.7518313878314,13
2024-09-18 14:07:18.994000,414.7274870546,15
2024-09-18 14:07:19.066000,414.7441195781524,101
2024-09-18 14:07:19.077000,414.7477972765855,105
2024-09-18 14:07:19.098000,414.7572792508167,998
2024-09-18 14:07:19.136000,414.74374042398495,997
2024-09-18 14:07:19.151000,414.7498158944599,13
2024-09-18 14:07:19.186000,414.7426087328311,8
2024-09-18 14:07:19.214000,414.77982013331786,999
2024-09-18 14:07:19.232000,414.7787956111888,8
2024-09-18 14:07:19.266000,414.7609411761821,13
2024-09-18 14:07:19.300000,414.7523902882696,10
2024-09-18 14:07:19.305000,414.7586820130472,100
2024-09-18 14:07:19.328000,414.732627922524,95
2024-09-18 14:07:19.398000,414.7732102881584,5
2024-09-18 14:07:19.408000,414.7926475167959,98
2024-09-18 14:07:19.440000,414.77624412773343,10
2024-09-18 14:07:19.482000,414.7691285844275,9
2024-09-18 14:07:19.488000,414.74799061342526,997
2024-09-18 14:07:19.503000,414.78141910441934,1005
2024-09-18 14:07:19.529000,414.7521046431367,1000
2024-09-18 14:07:19.536000,414.7700533819352,997
2024-09-18 14:07:19.621000,414.7781719262583,102
2024-09-18 14:07:19.633000,414.7354125264021,96
2024-09-18 14:07:19.636000,414.775472852144,96
2024-09-18 14:07:19.683000,414.7571219041471,105
2024-09-18 14:07:19.744000,414.776606511333,999
2024-09-18 14:07:19.833000,414.8023175290727,9
2024-09-18 14:07:19.913000,414.76035779619576,8
2024-09-18 14:07:19.914000,414.7605102589689,7
2024-09-18 14:07:19.972000,414.77382575736624,105
2024-09-18 14:07:19.974000,414.7686176592736,95
2024-09-18 14:07:20.263000,414.7810042373844,104
2024-09-18 14:07:20.397000,414.7673116819109,1003
2024-09-18 14:07:20.764000,414.7786920616092,96
2024-09-18 14:07:20.769000,414.7637722081587,998
2024-09-18 14:07:21.198000,414.7629941714648,9
2024-09-18 14:07:21.664000,414.78124426728414,105
2024-09-18 14:07:21.741000,414.7651356741457,15
2024-09-18 14:07:21.999000,414.7717626669048,96
2024-09-18 14:07:22.762000,414.775539018993,100
2024-09-18 14:07:23.101000,414.7668487010071,1002
2024-09-18 14:07:23.159000,414.7889918252852,996
2024-09-18 14:07:23.420000,414.7912411133936,1005
2024-09-18 14:07:23.724000,414.7737595143,12
2024-09-18 14:07:24.248000,414.814442584202,12
2024-09-18 14:07:24.378000,414.8021819325953,1004
2024-09-18 14:07:24.383000,414.79482780997193,998
2024-09-18 14:07:24.410000,414.81052132700097,6
2024-09-18 14:07:24.653000,414.793151981987,12
2024-09-18 14:07:24.897000,414.8093977393526,1004
2024-09-18 14:07:26.167000,414.7747767355175,13
2024-09-18 14:07:26.604000,414.8138296753356,9
2024-09-18 14:07:27.247000,414.7993099968477,13
2024-09-18 14:07:27.284000,414.8097847733408,1000
2024-09-18 14:07:27.304000,414.8047558715672,1001
2024-09-18 14:07:27.345000,414.7892461588205,104
2024-09-18 14:07:27.350000,414.7561893567045,101
2024-09-18 14:07:27.379000,414.7767572825217,1005
2024-09-18 14:07:27.533000,414.7895872615159,15
2024-09-18 14:07:27.564000,414.7927929463213,1000
2024-09-18 14:07:27.601000,414.7893221073987,10
2024-09-18 14:07:27.659000,414.7846461884605,96
2024-09-18 14:07:27.661000,414.8119027315186,12
2024-09-18 14:07:27.686000,414.80413896245983,998
2024-09-18 14:07:27.698000,414.8080496238765,101
2024-09-18 14:07:27.711000,414.8123373483799,1003
2024-09-18 14:07:27.769000,414.7909004157339,8
2024-09-18 14:07:27.856000,414.80384838562026,8
2024-09-18 14:07:27.869000,414.826718930823,996
2024-09-18 14:07:27.928000,414.79892686709496,1005
2024-09-18 14:07:27.977000,414.7959976335695,996
2024-09-18 14:07:28.586000,414.8100320512783,1003
2024-09-18 14:07:29.089000,414.7754208428759,996
2024-09-18 14:07:29.227000,414.81428434468353,5
2024-09-18 14:07:29.259000,414.7826724776941,97
2024-09-18 14:07:29.309000,414.76977262377886,999
2024-09-18 14:07:29.478000,414.7930660313223,13
2024-09-18 14:07:29.488000,414.8339051012103,13
2024-09-18 14:07:29.536000,414.79927906783263,100
2024-09-18 14:07:29.604000,414.7975685742368,95
2024-09-18 14:07:29.761000,414.828436815753,103
2024-09-18 14:07:30.020000,414.7289727895904,15
2024-09-18 14:07:30.041000,414.7346518834239,97
2024-09-18 14:07:30.102000,414.773295423932,8
2024-09-18 14:07:30.182000,414.7434166622756,995
2024-09-18 14:07:30.469000,414.7640232392428,1005
2024-09-18 14:07:30.490000,414.7338884891654,105
2024-09-18 14:07:30.621000,414.7280279179438,96
2024-09-18 14:07:30.628000,414.78616447297696,1001
2024-09-18 14:07:30.880000,414.7321785818368,12
2024-09-18 14:07:30.960000,414.74077166331926,997
2024-09-18 14:07:31.030000,414.80353516038696,97
2024-09-18 14:07:31.082000,414.7632640616167,104
2024-09-18 14:07:31.094000,414.7908884955165,7
2024-09-18 14:07:31.157000,414.7930236555036,7
2024-09-18 14:07:31.293000,414.7681347058819,7
2024-09-18 14:07:31.311000,414.7568541342826,96
2024-09-18 14:07:31.316000,414.7914099847156,1000
2024-09-18 14:07:31.407000,414.7614936494795,14
2024-09-18 14:07:31.451000,414.7582480382683,998
2024-09-18 14:07:31.516000,414.7767792077857,1000
2024-09-18 14:07:31.516000,414.81757997028205,105
2024-09-18 14:07:31.634000,414.7995314425804,997
2024-09-18 14:07:31.637000,414.7834275909405,102
2024-09-18 14:07:31.713000,414.7591391550244,998
2024-09-18 14:07:31.719000,414.76654361007184,1002
2024-09-18 14:07:31.835000,414.7934904412148,105
2024-09-18 14:07:31.941000,414.7834164952352,1004
2024-09-18 14:07:31.964000,414.79669212485726,99
2024-09-18 14:07:31.998000,414.7867896837992,1002
2024-09-18 14:07:32.089000,414.780391927489,995
2024-09-18 14:07:32.394000,414.7989412837257,1005
2024-09-18 14:07:32.582000,414.7560335106686,1003
2024-09-18 14:07:32.589000,414.77767024704,99
2024-09-18 14:07:32.720000,414.77807191923694,1001
2024-09-18 14:07:32.839000,414.78863345950697,998
2024-09-18 14:07:32.842000,414.77957685855375,1005
2024-09-18 14:07:32.923000,414.7489058555934,101
2024-09-18 14:07:32.924000,414.7651397519367,104
2024-09-18 14:07:32.936000,414.7716149532342,101
2024-09-18 14:07:32.977000,414.7966983804836,96
2024-09-18 14:07:33.086000,414.7557577115752,999
2024-09-18 14:07:33.221000,414.76573142064353,1002
2024-09-18 14:07:33.233000,414.787190024556,1001
2024-09-18 14:07:33.271000,414.770786751557,997
2024-09-18 14:07:33.275000,414.78000129038594,96
2024-09-18 14:07:33.325000,414.7975283911453,97
2024-09-18 14:07:33.359000,414.7719466538945,7
2024-09-18 14:07:33.422000,414.7684151352157,11
2024-09-18 14:07:33.431000,414.79202075372433,6
2024-09-18 14:07:33.585000,414.779417625692,98
2024-09-18 14:07:33.704000,414.775914756999,1003
2024-09-18 14:07:33.718000,414.7693147037416,996
2024-09-18 14:07:33.752000,414.77756652678,1004
2024-09-18 14:07:33.837000,414.7740141188611,995
2024-09-18 14:07:33.967000,414.7553327002193,103
2024-09-18 14:07:34.021000,414.7066123277773,98
2024-09-18 14:07:34.043000,414.7217325764802,98
2024-09-18 14:07:34.081000,414.7402093954729,15
2024-09-18 14:07:34.101000,414.732494960528,95
2024-09-18 14:07:34.137000,414.72917132962175,1000
2024-09-18 14:07:34.190000,414.7528556445555,7
2024-09-18 14:07:34.191000,414.72788213604434,996
2024-09-18 14:07:34.213000,414.7329171174304,996
2024-09-18 14:07:34.410000,414.737365612492,102
2024-09-18 14:07:34.587000,414.7137290880083,1001
2024-09-18 14:07:34.637000,414.74246979257714,99
2024-09-18 14:07:34.672000,414.72902385259135,7
2024-09-18 14:07:34.751000,414.736478136928,8
2024-09-18 14:07:34.758000,414.7148830999668,1005
2024-09-18 14:07:34.813000,414.7386640755515,104
2024-09-18 14:07:34.826000,414.7072905474488,1000
2024-09-18 14:07:34.830000,414.73336228409306,995
2024-09-18 14:07:34.990000,414.7244374161489,8
2024-09-18 14:07:35.021000,414.6780651667764,102
2024-09-18 14:07:35.039000,414.6753992595191,102
2024-09-18 14:07:35.127000,414.6729531667983,15
2024-09-18 14:07:35.315000,414.6909178348308,999
2024-09-18 14:07:35.353000,414.6861812905253,1002
2024-09-18 14:07:35.387000,414.6970358026082,97
2024-09-18 14:07:35.538000,414.6912749718725,102
2024-09-18 14:07:35.582000,414.7012466764537,1004
2024-09-18 14:07:35.774000,414.6776821012032,101
2024-09-18 14:07:35.877000,414.70319077524624,997
2024-09-18 14:07:36.049000,414.66313831789785,1000
2024-09-18 14:07:36.082000,414.64429140773416,103
2024-09-18 14:07:36.170000,414.63753634939786,9
2024-09-18 14:07:36.188000,414.6934115747529,104
2024-09-18 14:07:36.286000,414.66597296690543,104
2024-09-18 14:07:36.369000,414.644425679091,97
2024-09-18 14:07:36.372000,414.6736933122912,1005
2024-09-18 14:07:36.461000,414.6409249610904,1002
2024-09-18 14:07:36.558000,414.6867560781413,1003
2024-09-18 14:07:36.654000,414.6390037946367,99
2024-09-18 14:07:36.664000,414.68613831401433,12
2024-09-18 14:07:36.786000,414.7039369819306,997
2024-09-18 14:07:36.840000,414.6323291254775,996
2024-09-18 14:07:36.870000,414.6564560665233,13
2024-09-18 14:07:36.873000,414.6619477527812,95
2024-09-18 14:07:36.927000,414.6597132087227,1002
2024-09-18 14:07:36.941000,414.6535720226445,1003
2024-09-18 14:07:37.034000,414.542665299263,100
2024-09-18 14:07:37.041000,414.6294009945474,96
2024-09-18 14:07:37.098000,414.5588109011465,1005
2024-09-18 14:07:37.113000,414.6062222499653,96
2024-09-18 14:07:37.193000,414.61790940967535,999
2024-09-18 14:07:37.217000,414.5796634820251,97
2024-09-18 14:07:37.399000,414.5644923635573,98
2024-09-18 14:07:37.443000,414.61411241064735,996
2024-09-18 14:07:37.469000,414.5839564383031,98
2024-09-18 14:07:37.476000,414.6217698157905,7
2024-09-18 14:07:37.529000,414.6201034278538,103
2024-09-18 14:07:37.550000,414.5791383437788,998
2024-09-18 14:07:37.553000,414.56782927694746,998
2024-09-18 14:07:37.554000,414.57394259825895,12
2024-09-18 14:07:37.605000,414.6063281485601,15
2024-09-18 14:07:37.635000,414.6144017444095,997
2024-09-18 14:07:37.651000,414.570564722232,5
2024-09-18 14:07:37.789000,414.5717958569673,103
2024-09-18 14:07:37.800000,414.5517174146585,104
2024-09-18 14:07:37.871000,414.557451530713,105
2024-09-18 14:07:37.881000,414.6157410727288,15
2024-09-18 14:07:37.884000,414.5675819619078,1005
2024-09-18 14:07:37.890000,414.6095811140757,1002
2024-09-18 14:07:37.904000,414.6285989462271,1004
2024-09-18 14:07:37.914000,414.5891836645639,95
2024-09-18 14:07:37.916000,414.55047823457545,15
2024-09-18 14:07:37.963000,414.56968311999344,99
2024-09-18 14:07:37.981000,414.62615694563095,998
2024-09-18 14:07:37.988000,414.6227885236971,101
2024-09-18 14:07:38.010000,414.5865912662292,99
2024-09-18 14:07:38.324000,414.6023819116954,11
2024-09-18 14:07:38.405000,414.6048926488696,103
2024-09-18 14:07:38.440000,414.5925269648144,1005
2024-09-18 14:07:38.705000,414.5895828340392,14
2024-09-18 14:07:38.719000,414.6039319635752,96
2024-09-18 14:07:38.726000,414.6060686794885,7
2024-09-18 14:07:38.729000,414.6042070616704,1001
2024-09-18 14:07:38.737000,414.6033843231335,8
2024-09-18 14:07:38.955000,414.58933559143634,10
2024-09-18 14:07:40.023000,414.5440161644991,1000
2024-09-18 14:07:40.117000,414.5541188773223,15
2024-09-18 14:07:40.150000,414.48791558547344,6
2024-09-18 14:07:40.201000,414.607623391756,8
2024-09-18 14:07:40.278000,414.6141164371479,6
2024-09-18 14:07:40.283000,414.57982348951657,100
2024-09-18 14:07:40.308000,414.601117351556,102
2024-09-18 14:07:40.318000,414.5994269761525,1002
2024-09-18 14:07:40.338000,414.5650988568602,104
2024-09-18 14:07:40.340000,414.53580881539824,997
2024-09-18 14:07:40.433000,414.5591114746069,12
2024-09-18 14:07:40.493000,414.5986006557324,9
2024-09-18 14:07:40.536000,414.4992635593857,1003
2024-09-18 14:07:40.607000,414.5079418579487,999
2024-09-18 14:07:40.653000,414.5461536500807,1003
2024-09-18 14:07:40.734000,414.5431175692862,13
2024-09-18 14:07:40.760000,414.53010640275033,6
2024-09-18 14:07:40.785000,414.513253541448,98
2024-09-18 14:07:40.906000,414.5291181720588,6
2024-09-18 14:07:40.912000,414.4989394784008,9
2024-09-18 14:07:40.975000,414.47756807322605,1000
2024-09-18 14:07:41.032000,414.5694520312487,14
2024-09-18 14:07:41.058000,414.5629377840815,101
2024-09-18 14:07:41.130000,414.5427496479915,11
2024-09-18 14:07:41.148000,414.5376653443813,8
2024-09-18 14:07:41.249000,414.53198815473854,14
2024-09-18 14:07:41.270000,414.5583998535896,1003
2024-09-18 14:07:41.310000,414.5424933395229,12
2024-09-18 14:07:41.397000,414.55717503405504,15
2024-09-18 14:07:41.497000,414.5482785613401,104
2024-09-18 14:07:41.574000,414.5612764103263,96
2024-09-18 14:07:41.577000,414.555904497201,1004
2024-09-18 14:07:41.617000,414.5570184465478,103
2024-09-18 14:07:41.690000,414.5664473191976,7
2024-09-18 14:07:41.781000,414.5553952990607,98
2024-09-18 14:07:41.841000,414.5615091630649,1005
2024-09-18 14:07:41.848000,414.5627968834267,1001
2024-09-18 14:07:41.957000,414.566089072983,9
2024-09-18 14:07:42.003000,414.4867673227522,95
2024-09-18 14:07:42.060000,414.4950632159537,10
2024-09-18 14:07:42.098000,414.4862507705316,1003
2024-09-18 14:07:42.210000,414.4849829039687,7
2024-09-18 14:07:42.239000,414.5009312970552,105
2024-09-18 14:07:42.275000,414.5241950724887,6
2024-09-18 14:07:42.341000,414.47709971126864,105
2024-09-18 14:07:42.484000,414.4734869362912,995
2024-09-18 14:07:42.489000,414.4750681217005,9
2024-09-18 14:07:42.598000,414.4957683007845,100
2024-09-18 14:07:42.625000,414.4912423561066,1001
2024-09-18 14:07:42.673000,414.505573026124,15
2024-09-18 14:07:42.719000,414.5079159932697,8
2024-09-18 14:07:42.737000,414.5059397041581,999
2024-09-18 14:07:42.746000,414.49425152752616,103
2024-09-18 14:07:42.762000,414.4773192700017,98
2024-09-18 14:07:42.893000,414.4790186541641,999
2024-09-18 14:07:42.943000,414.4947127564925,1000
2024-09-18 14:07:43.066000,414.5037100379009,1005
2024-09-18 14:07:43.227000,414.48350542951016,1005
2024-09-18 14:07:43.278000,414.5297640873288,999
2024-09-18 14:07:43.280000,414.4667719250186,101
2024-09-18 14:07:43.308000,414.513362209179,100
2024-09-18 14:07:43.342000,414.5337870016043,97
2024-09-18 14:07:43.374000,414.4869123166448,102
2024-09-18 14:07:43.382000,414.5547896100075,1002
2024-09-18 14:07:43.401000,414.4822172147455,1001
2024-09-18 14:07:43.496000,414.5247754742567,1000
2024-09-18 14:07:43.505000,414.552579334589,12
2024-09-18 14:07:43.560000,414.4776857676458,5
2024-09-18 14:07:43.577000,414.5273671795134,103
2024-09-18 14:07:43.626000,414.4841397901762,999
2024-09-18 14:07:43.650000,414.4570801171839,98
2024-09-18 14:07:43.701000,414.5217982078394,7
2024-09-18 14:07:43.711000,414.4836550613427,104
2024-09-18 14:07:43.729000,414.5573464710079,5
2024-09-18 14:07:43.749000,414.5142413250814,105
2024-09-18 14:07:43.808000,414.45913211149633,7
2024-09-18 14:07:43.817000,414.4710524320811,999
2024-09-18 14:07:43.851000,414.52496375803537,101
2024-09-18 14:07:43.861000,414.5067813177024,105
2024-09-18 14:07:43.892000,414.4963154567774,8
2024-09-18 14:07:43.896000,414.54222754373,100
2024-09-18 14:07:43.909000,414.5685115831977,997
2024-09-18 14:07:44.070000,414.5497331441188,9
2024-09-18 14:07:44.078000,414.547936982744,8
2024-09-18 14:07:44.085000,414.5526508315809,15
2024-09-18 14:07:44.161000,414.5164622818046,1004
2024-09-18 14:07:44.187000,414.5376157522735,10
2024-09-18 14:07:44.202000,414.5256536042824,998
2024-09-18 14:07:44.239000,414.52705812766624,1004
2024-09-18 14:07:44.331000,414.54302532189337,100
2024-09-18 14:07:44.341000,414.5405135744709,13
2024-09-18 14:07:44.355000,414.5372272575192,1002
2024-09-18 14:07:44.364000,414.54209184068696,98
2024-09-18 14:07:44.380000,414.5425868134798,96
2024-09-18 14:07:44.441000,414.52947329177766,103
2024-09-18 14:07:44.450000,414.52101891165535,998
2024-09-18 14:07:44.462000,414.5217965493085,997
2024-09-18 14:07:44.466000,414.5152282404292,99
2024-09-18 14:07:44.491000,414.5559414073312,98
2024-09-18 14:07:44.525000,414.55023356046354,13
2024-09-18 14:07:44.546000,414.53655134553554,15
2024-09-18 14:07:44.601000,414.5317706168891,11
2024-09-18 14:07:44.683000,414.5604731828557,995
2024-09-18 14:07:44.719000,414.5359707634668,98
2024-09-18 14:07:44.849000,414.5570671429506,998
2024-09-18 14:07:44.870000,414.5296340904953,999
2024-09-18 14:07:44.917000,414.5218816889396,100
2024-09-18 14:07:45.110000,414.5630923798242,15
2024-09-18 14:07:45.340000,414.5588750311,5
2024-09-18 14:07:45.502000,414.5731576081225,11
2024-09-18 14:07:45.579000,414.5596680928269,5
2024-09-18 14:07:46.289000,414.5605029233669,1000
2024-09-18 14:07:47.021000,414.5040957433171,1003
2024-09-18 14:07:47.048000,414.5104002200604,14
2024-09-18 14:07:47.054000,414.46455493313033,996
2024-09-18 14:07:47.069000,414.4809770035652,997
2024-09-18 14:07:47.155000,414.5109499154262,10
2024-09-18 14:07:47.158000,414.5107837772404,997
2024-09-18 14:07:47.178000,414.5532395460173,15
2024-09-18 14:07:47.183000,414.5286434875584,97
2024-09-18 14:07:47.283000,414.5593191343602,99
2024-09-18 14:07:47.370000,414.51556624487415,96
2024-09-18 14:07:47.470000,414.4732350052888,1004
2024-09-18 14:07:47.482000,414.5114466688293,7
2024-09-18 14:07:47.487000,414.5273241406002,997
2024-09-18 14:07:47.551000,414.4915673208746,98
2024-09-18 14:07:47.581000,414.46171220670215,102
2024-09-18 14:07:47.619000,414.4663077787607,100
2024-09-18 14:07:47.714000,414.5141484480156,5
2024-09-18 14:07:47.722000,414.508155017028,10
2024-09-18 14:07:47.732000,414.48721784775046,100
2024-09-18 14:07:47.740000,414.5210496183831,99
2024-09-18 14:07:47.795000,414.51333155623536,15
2024-09-18 14:07:47.812000,414.4702751515222,5
2024-09-18 14:07:47.853000,414.535195539838,98
2024-09-18 14:07:48.015000,414.4813897606372,99
2024-09-18 14:07:48.015000,414.36442725694144,104
2024-09-18 14:07:48.018000,414.3645584098636,999
2024-09-18 14:07:48.059000,414.5203967873466,6
2024-09-18 14:07:48.065000,414.42684066954615,15
2024-09-18 14:07:48.073000,414.47413805387,100
2024-09-18 14:07:48.112000,414.5323659683979,5
2024-09-18 14:07:48.263000,414.5055696337531,99
2024-09-18 14:07:48.318000,414.48876256750754,99
2024-09-18 14:07:48.343000,414.3986287610381,14
2024-09-18 14:07:48.370000,414.5148884996568,104
2024-09-18 14:07:48.602000,414.4990123114192,995
2024-09-18 14:07:48.610000,414.42117532127065,1003
2024-09-18 14:07:48.677000,414.4554934549547,96
2024-09-18 14:07:48.680000,414.460203594904,98
2024-09-18 14:07:48.705000,414.4238369436621,99
2024-09-18 14:07:48.713000,414.5114855792865,996
2024-09-18 14:07:48.784000,414.4558056065527,1005
2024-09-18 14:07:48.785000,414.4284656720081,999
2024-09-18 14:07:48.814000,414.4455718008426,996
2024-09-18 14:07:48.875000,414.4909923885826,1005
2024-09-18 14:07:48.885000,414.5031428339244,7
2024-09-18 14:07:48.911000,414.4581733451548,12
2024-09-18 14:07:48.970000,414.4141538596701,11
2024-09-18 14:07:49.135000,414.39529160413946,1001
2024-09-18 14:07:49.173000,414.3911375627915,5
2024-09-18 14:07:49.201000,414.4185408551417,1000
2024-09-18 14:07:49.235000,414.4107448030412,9
2024-09-18 14:07:49.354000,414.3755058778704,1000
2024-09-18 14:07:49.362000,414.3489261341762,998
2024-09-18 14:07:49.384000,414.3374823749773,99
2024-09-18 14:07:49.422000,414.4047999038557,1000
2024-09-18 14:07:49.485000,414.3845934135471,10
2024-09-18 14:07:49.719000,414.3572213628647,995
2024-09-18 14:07:49.724000,414.32780251602856,1002
2024-09-18 14:07:49.760000,414.3624347800366,13
2024-09-18 14:07:49.812000,414.3523617202403,102
2024-09-18 14:07:49.893000,414.3550941257021,996
2024-09-18 14:07:49.905000,414.35084220600777,11
2024-09-18 14:07:49.958000,414.3402789839725,995
2024-09-18 14:07:49.969000,414.4147189591816,1003
2024-09-18 14:07:50.013000,414.3789811607504,998
2024-09-18 14:07:50.019000,414.37975255936266,103
2024-09-18 14:07:50.089000,414.3890827554568,7
2024-09-18 14:07:50.152000,414.3850745356013,105
2024-09-18 14:07:50.271000,414.4014847920828,1000
2024-09-18 14:07:50.351000,414.38096226248746,103
2024-09-18 14:07:50.368000,414.391347477476,1000
2024-09-18 14:07:50.457000,414.40019810467766,11
2024-09-18 14:07:50.520000,414.3780806043615,104
2024-09-18 14:07:50.524000,414.3874499446285,997
2024-09-18 14:07:50.527000,414.3900405463743,104
2024-09-18 14:07:50.579000,414.4037689761367,105
2024-09-18 14:07:50.606000,414.3990548351385,99
2024-09-18 14:07:50.625000,414.3938487349894,104
2024-09-18 14:07:50.665000,414.3979380085924,12
2024-09-18 14:07:50.690000,414.3713945847802,995
2024-09-18 14:07:50.854000,414.3995689723526,98
2024-09-18 14:07:50.881000,414.389541184314,105
2024-09-18 14:07:50.974000,414.3981721909605,105
2024-09-18 14:07:50.988000,414.40669783309903,9
2024-09-18 14:07:51.087000,414.399552520902,99
2024-09-18 14:07:51.505000,414.41657113816,96
2024-09-18 14:07:51.604000,414.4119294415216,1005
2024-09-18 14:07:51.700000,414.3885961244704,6
2024-09-18 14:07:51.750000,414.4279106703269,105
2024-09-18 14:07:51.997000,414.4178986202255,105
2024-09-18 14:07:52.027000,414.3965750875064,103
2024-09-18 14:07:52.062000,414.42469536765833,1005
2024-09-18 14:07:52.072000,414.4203882654717,7
2024-09-18 14:07:52.178000,414.3983988678217,99
2024-09-18 14:07:52.200000,414.402878186931,96
2024-09-18 14:07:52.243000,414.3803792528868,5
2024-09-18 14:07:52.249000,414.3848381862935,105
2024-09-18 14:07:52.393000,414.384398702976,105
2024-09-18 14:07:52.398000,414.4314200101512,96
2024-09-18 14:07:52.599000,414.4138876251063,102
2024-09-18 14:07:52.692000,414.3912727805702,999
2024-09-18 14:07:52.694000,414.38944606284616,13
2024-09-18 14:07:52.727000,414.38423874425473,1002
2024-09-18 14:07:52.780000,414.4078835121488,999
2024-09-18 14:07:52.799000,414.40473188581103,999
2024-09-18 14:07:52.838000,414.3946368715002,997
2024-09-18 14:07:52.878000,414.3892604531508,996
2024-09-18 14:07:52.896000,414.3870989681976,11
2024-09-18 14:07:52.944000,414.4347038025925,7
2024-09-18 14:07:52.990000,414.423371258634,97
2024-09-18 14:07:53.147000,414.4375010317983,102
2024-09-18 14:07:53.257000,414.43701038800776,99
2024-09-18 14:07:53.389000,414.41847398348494,9
2024-09-18 14:07:53.596000,414.4089477945399,1004
2024-09-18 14:07:53.606000,414.425702094031,102
2024-09-18 14:07:53.751000,414.4055025916401,15
2024-09-18 14:07:53.805000,414.4347179566464,100
2024-09-18 14:07:53.926000,414.4221205801135,11
2024-09-18 14:07:53.978000,414.4311254125669,101
2024-09-18 14:07:53.988000,414.3984736438752,998
2024-09-18 14:07:54.180000,414.4403783177604,7
2024-09-18 14:07:54.225000,414.4429029316404,100
2024-09-18 14:07:54.258000,414.4312497836557,105
2024-09-18 14:07:54.290000,414.4633929754679,10
2024-09-18 14:07:54.633000,414.4354392591677,998
2024-09-18 14:07:54.685000,414.4389456278632,7
2024-09-18 14:07:54.723000,414.431340535638,14
2024-09-18 14:07:54.757000,414.46150233187495,996
2024-09-18 14:07:54.809000,414.45913598315127,1001
2024-09-18 14:07:54.996000,414.4445444655455,6
2024-09-18 14:07:55.014000,414.4534826695447,96
2024-09-18 14:07:55.014000,414.463174037507,98
2024-09-18 14:07:55.051000,414.4859445296509,1001
2024-09-18 14:07:55.061000,414.4792406476113,1004
2024-09-18 14:07:55.140000,414.4704775812604,14
2024-09-18 14:07:55.163000,414.4999549072013,98
2024-09-18 14:07:55.208000,414.457573583963,995
2024-09-18 14:07:55.222000,414.4470259836461,998
2024-09-18 14:07:55.260000,414.4490722755029,997
2024-09-18 14:07:55.283000,414.4539617553274,97
2024-09-18 14:07:55.285000,414.4681725637418,11
2024-09-18 14:07:55.300000,414.4729282001482,6
2024-09-18 14:07:55.325000,414.468503804012,102
2024-09-18 14:07:55.328000,414.453873485116,102
2024-09-18 14:07:55.348000,414.4706307021193,1000
2024-09-18 14:07:55.474000,414.4535250944203,5
2024-09-18 14:07:55.575000,414.46270171588793,100
2024-09-18 14:07:55.630000,414.4853694338984,996
2024-09-18 14:07:55.638000,414.4612282030735,98
2024-09-18 14:07:55.640000,414.45944269282666,1003
2024-09-18 14:07:55.724000,414.4628327683654,15
2024-09-18 14:07:55.799000,414.4733603222267,1001
2024-09-18 14:07:55.799000,414.46706240264825,1002
2024-09-18 14:07:55.816000,414.4574360588859,6
2024-09-18 14:07:55.846000,414.4838154615163,11
2024-09-18 14:07:55.914000,414.4690868336155,10
2024-09-18 14:07:55.920000,414.46316925038246,15
2024-09-18 14:07:55.970000,414.4872105153165,9
2024-09-18 14:07:56.011000,414.48677364744987,998
2024-09-18 14:07:56.058000,414.4797754392248,100
2024-09-18 14:07:56.097000,414.4576776030469,14
2024-09-18 14:07:56.174000,414.5257778445219,98
2024-09-18 14:07:56.195000,414.4442933477608,98
2024-09-18 14:07:56.217000,414.4942294988039,999
2024-09-18 14:07:56.220000,414.42406799533353,5
2024-09-18 14:07:56.239000,414.49747941649474,9
2024-09-18 14:07:56.255000,414.4508692033708,999
2024-09-18 14:07:56.260000,414.4506513892388,1000
2024-09-18 14:07:56.370000,414.4337135247925,8
2024-09-18 14:07:56.379000,414.5145957334743,998
2024-09-18 14:07:56.397000,414.443088177234,15
2024-09-18 14:07:56.423000,414.4969207386271,100
2024-09-18 14:07:56.473000,414.5340480087237,11
2024-09-18 14:07:56.518000,414.4823425885885,7
2024-09-18 14:07:56.622000,414.5017114582874,1003
2024-09-18 14:07:56.683000,414.4686009757829,998
2024-09-18 14:07:56.725000,414.5276846365601,1003
2024-09-18 14:07:56.731000,414.49728990674686,11
2024-09-18 14:07:56.739000,414.5045993970367,998
2024-09-18 14:07:56.754000,414.4409050867145,11
2024-09-18 14:07:56.844000,414.4648312385527,997
2024-09-18 14:07:56.944000,414.4897887653061,1004
2024-09-18 14:07:56.980000,414.5229235764259,995
2024-09-18 14:07:56.985000,414.511169097176,98
2024-09-18 14:07:57.047000,414.5454612088553,15
2024-09-18 14:07:57.402000,414.55401153642,98
2024-09-18 14:07:57.492000,414.5506845585498,9
2024-09-18 14:07:57.544000,414.5518925936082,102
2024-09-18 14:07:57.567000,414.5216245191009,11
2024-09-18 14:07:57.616000,414.5617532800265,1002
2024-09-18 14:07:57.643000,414.58455049094925,15
2024-09-18 14:07:57.660000,414.531052411436,103
2024-09-18 14:07:57.674000,414.5662050513377,11
2024-09-18 14:07:57.713000,414.5846683992392,100
2024-09-18 14:07:57.807000,414.5645201096244,97
2024-09-18 14:07:58.050000,414.6005865423886,7
2024-09-18 14:07:58.323000,414.603886320046,11
2024-09-18 14:07:58.631000,414.5916519578705,1005
