Timestamp,Price,Size
2024-09-17 10:17:00.010000,413.88518753960784,9
2024-09-17 10:17:00.011000,413.9105162539687,995
2024-09-17 10:17:00.015000,413.9028663833248,8
2024-09-17 10:17:00.048000,413.9646128811456,995
2024-09-17 10:17:00.055000,413.89720321587714,1003
2024-09-17 10:17:00.110000,413.8616759623709,996
2024-09-17 10:17:00.166000,413.9062723400641,97
2024-09-17 10:17:00.332000,413.8647198926658,10
2024-09-17 10:17:00.342000,413.9698447845813,1003
2024-09-17 10:17:00.393000,413.87437269324914,97
2024-09-17 10:17:00.425000,413.9036223717623,998
2024-09-17 10:17:00.449000,413.9205323264724,100
2024-09-17 10:17:00.458000,413.8404145717124,1003
2024-09-17 10:17:00.493000,413.8869353435976,1005
2024-09-17 10:17:00.557000,413.887994707639,999
2024-09-17 10:17:00.596000,413.94607812699945,6
2024-09-17 10:17:00.638000,413.9382347252423,996
2024-09-17 10:17:00.642000,413.9792032630386,13
2024-09-17 10:17:00.758000,413.8577805422914,100
2024-09-17 10:17:00.821000,413.8855241162576,104
2024-09-17 10:17:00.847000,413.9014960268078,101
2024-09-17 10:17:00.887000,413.90107994138697,1001
2024-09-17 10:17:00.944000,413.8621235007743,999
2024-09-17 10:17:00.945000,413.88485330598206,997
2024-09-17 10:17:00.981000,413.89461736797335,8
2024-09-17 10:17:01.172000,413.95780182708046,99
2024-09-17 10:17:01.521000,413.9843526244232,98
2024-09-17 10:17:01.757000,413.9779583999244,1000
2024-09-17 10:17:02.032000,413.95186978859454,996
2024-09-17 10:17:02.128000,413.9607436382689,104
2024-09-17 10:17:02.213000,413.9182099013045,999
2024-09-17 10:17:02.279000,413.9531351957032,95
2024-09-17 10:17:02.290000,413.9743217717728,5
2024-09-17 10:17:02.295000,413.9580030858196,104
2024-09-17 10:17:02.306000,413.9723625498496,995
2024-09-17 10:17:02.379000,413.95201450395297,99
2024-09-17 10:17:02.384000,413.9560017599534,999
2024-09-17 10:17:02.477000,413.9139764358911,13
2024-09-17 10:17:02.500000,413.969424367123,1000
2024-09-17 10:17:02.540000,413.9326151600361,96
2024-09-17 10:17:02.576000,413.9774658843481,102
2024-09-17 10:17:02.587000,413.93221672854935,998
2024-09-17 10:17:02.616000,413.95176130248245,1004
2024-09-17 10:17:02.663000,413.947498868608,1004
2024-09-17 10:17:02.771000,413.971652370333,105
2024-09-17 10:17:02.928000,413.94928840290527,99
2024-09-17 10:17:03.001000,413.9316594662524,99
2024-09-17 10:17:03.004000,413.90046071912656,105
2024-09-17 10:17:03.062000,413.9113755522119,1004
2024-09-17 10:17:03.085000,413.92139768987664,96
2024-09-17 10:17:03.168000,413.8991016289184,1004
2024-09-17 10:17:03.178000,413.9376301198609,998
2024-09-17 10:17:03.186000,413.961826640939,10
2024-09-17 10:17:03.206000,413.9216104041202,997
2024-09-17 10:17:03.207000,413.9038300843675,97
2024-09-17 10:17:03.304000,413.9016602100727,99
2024-09-17 10:17:03.306000,413.92182923975975,997
2024-09-17 10:17:03.333000,413.8966896320911,15
2024-09-17 10:17:03.367000,413.938318629752,98
2024-09-17 10:17:03.378000,413.93408888492985,1001
2024-09-17 10:17:03.507000,413.8789984920789,96
2024-09-17 10:17:03.549000,413.8709315044761,1005
2024-09-17 10:17:03.549000,413.9041430120495,6
2024-09-17 10:17:03.596000,413.8967094644871,105
2024-09-17 10:17:03.692000,413.91853675988335,97
2024-09-17 10:17:03.701000,413.9517788557899,1002
2024-09-17 10:17:03.701000,413.93708567301337,104
2024-09-17 10:17:03.852000,413.91289878090646,11
2024-09-17 10:17:03.946000,413.88560011857777,96
2024-09-17 10:17:03.983000,413.9297289639785,96
2024-09-17 10:17:03.990000,413.9503535482904,11
2024-09-17 10:17:03.996000,413.89050436346565,6
2024-09-17 10:17:04.089000,413.8930462674458,1002
2024-09-17 10:17:04.091000,413.8935274888439,14
2024-09-17 10:17:04.209000,413.9020132293895,999
2024-09-17 10:17:04.235000,413.8623405100415,1004
2024-09-17 10:17:04.274000,413.9008220041198,10
2024-09-17 10:17:04.291000,413.885361866553,996
2024-09-17 10:17:04.365000,413.8684265313128,9
2024-09-17 10:17:04.490000,413.89804026767456,996
2024-09-17 10:17:04.576000,413.8705302530012,95
2024-09-17 10:17:04.614000,413.8809910432767,1004
2024-09-17 10:17:04.638000,413.8985088316738,99
2024-09-17 10:17:04.687000,413.85479641785633,1001
2024-09-17 10:17:04.830000,413.9039590386065,104
2024-09-17 10:17:04.886000,413.9045449131433,999
2024-09-17 10:17:04.910000,413.862360463062,14
2024-09-17 10:17:04.924000,413.88153252467447,98
2024-09-17 10:17:04.976000,413.8716387782059,98
2024-09-17 10:17:05.047000,413.890828175827,1004
2024-09-17 10:17:05.077000,413.8933043301655,7
2024-09-17 10:17:05.108000,413.89830614892026,1003
2024-09-17 10:17:05.199000,413.8813971286927,95
2024-09-17 10:17:05.300000,413.89334434328646,11
2024-09-17 10:17:05.371000,413.8733290802034,98
2024-09-17 10:17:05.375000,413.9030014379764,995
2024-09-17 10:17:05.506000,413.90360073145126,97
2024-09-17 10:17:05.691000,413.878906627092,104
2024-09-17 10:17:05.827000,413.8566578003507,1003
2024-09-17 10:17:05.933000,413.86062217096855,6
2024-09-17 10:17:06.038000,413.8904596009732,11
2024-09-17 10:17:06.063000,413.92134351671336,996
2024-09-17 10:17:06.069000,413.9154585612814,102
2024-09-17 10:17:06.087000,413.92047289392895,7
2024-09-17 10:17:06.119000,413.8889717624038,1002
2024-09-17 10:17:06.242000,413.9110842654552,13
2024-09-17 10:17:06.253000,413.88533088211176,103
2024-09-17 10:17:06.308000,413.8906115394912,12
2024-09-17 10:17:06.333000,413.9040657907397,1002
2024-09-17 10:17:06.345000,413.9316734555534,1000
2024-09-17 10:17:06.408000,413.9409614772931,997
2024-09-17 10:17:06.424000,413.8760656485398,105
2024-09-17 10:17:06.496000,413.9116557287324,1005
2024-09-17 10:17:06.563000,413.9124852745223,6
2024-09-17 10:17:06.627000,413.893217492099,12
2024-09-17 10:17:06.646000,413.90848334820095,102
2024-09-17 10:17:06.668000,413.8828355921428,96
2024-09-17 10:17:06.730000,413.9031294243153,15
2024-09-17 10:17:06.752000,413.9257338778597,6
2024-09-17 10:17:06.772000,413.9181031995756,102
2024-09-17 10:17:06.776000,413.9339613765501,96
2024-09-17 10:17:06.786000,413.90072668951547,998
2024-09-17 10:17:06.851000,413.87491901574,98
2024-09-17 10:17:06.886000,413.9134131343763,999
2024-09-17 10:17:06.890000,413.91022595424886,100
2024-09-17 10:17:06.897000,413.8555164002626,7
2024-09-17 10:17:06.905000,413.88863435083465,8
2024-09-17 10:17:06.916000,413.9369681201409,998
2024-09-17 10:17:06.969000,413.9158543504682,103
2024-09-17 10:17:07.227000,413.880322746136,12
2024-09-17 10:17:07.272000,413.8754136230124,7
2024-09-17 10:17:07.441000,413.8802262585068,10
2024-09-17 10:17:07.563000,413.8712316340186,5
2024-09-17 10:17:07.579000,413.8754305214711,98
2024-09-17 10:17:07.615000,413.8567144270588,15
2024-09-17 10:17:07.626000,413.88293549615855,104
2024-09-17 10:17:07.742000,413.8840642395967,12
2024-09-17 10:17:07.842000,413.8734826997237,104
2024-09-17 10:17:07.876000,413.8434516004376,97
2024-09-17 10:17:07.890000,413.8601947860555,999
2024-09-17 10:17:07.955000,413.8891450268344,995
2024-09-17 10:17:08.138000,413.8582618375259,15
2024-09-17 10:17:08.149000,413.84649784533815,1002
2024-09-17 10:17:08.165000,413.8415018080528,8
2024-09-17 10:17:08.242000,413.82807013703246,103
2024-09-17 10:17:08.256000,413.8769032906443,13
2024-09-17 10:17:08.285000,413.8670185790545,100
2024-09-17 10:17:08.324000,413.8743186940503,99
2024-09-17 10:17:08.420000,413.85538005600426,102
2024-09-17 10:17:08.453000,413.8623243045718,95
2024-09-17 10:17:08.457000,413.8480602844732,103
2024-09-17 10:17:08.506000,413.8706569215476,8
2024-09-17 10:17:08.512000,413.8671518380664,9
2024-09-17 10:17:08.526000,413.8462810594875,998
2024-09-17 10:17:08.634000,413.83702990434006,1001
2024-09-17 10:17:08.656000,413.8845215389717,1003
2024-09-17 10:17:08.678000,413.8769513940859,99
2024-09-17 10:17:08.679000,413.85934213091167,11
2024-09-17 10:17:08.705000,413.8555704386322,8
2024-09-17 10:17:08.755000,413.8352350332653,9
2024-09-17 10:17:08.766000,413.8392511834623,8
2024-09-17 10:17:08.818000,413.841858303426,98
2024-09-17 10:17:08.880000,413.8585043773053,998
2024-09-17 10:17:08.898000,413.8363618777787,95
2024-09-17 10:17:09.261000,413.8583086472846,103
2024-09-17 10:17:09.756000,413.87978024069446,97
2024-09-17 10:17:09.996000,413.8769116649876,97
2024-09-17 10:17:10.039000,413.8661460587307,12
2024-09-17 10:17:10.041000,413.86704485493226,1005
2024-09-17 10:17:10.078000,413.8851982106508,97
2024-09-17 10:17:10.103000,413.8710035570916,998
2024-09-17 10:17:10.132000,413.861409469025,98
2024-09-17 10:17:10.142000,413.8633557864769,1002
2024-09-17 10:17:10.143000,413.8613854158234,995
2024-09-17 10:17:10.248000,413.8467027443194,1004
2024-09-17 10:17:10.258000,413.8573158561972,998
2024-09-17 10:17:10.439000,413.87223376963885,999
2024-09-17 10:17:10.458000,413.8764837149155,99
2024-09-17 10:17:10.463000,413.84296944993633,102
2024-09-17 10:17:10.475000,413.8473802244512,9
2024-09-17 10:17:10.481000,413.8372359725011,7
2024-09-17 10:17:10.530000,413.85374362582536,99
2024-09-17 10:17:10.620000,413.865176166972,999
2024-09-17 10:17:10.712000,413.8771552917029,102
2024-09-17 10:17:10.721000,413.87505791501945,5
2024-09-17 10:17:10.730000,413.8764637831528,95
2024-09-17 10:17:10.823000,413.84867333537255,10
2024-09-17 10:17:10.828000,413.8745967272184,996
2024-09-17 10:17:10.870000,413.8794407426184,1003
2024-09-17 10:17:10.930000,413.85950689750086,105
2024-09-17 10:17:10.942000,413.8588441341793,96
2024-09-17 10:17:11.036000,413.8406491868501,999
2024-09-17 10:17:11.076000,413.8747086435875,1002
2024-09-17 10:17:11.151000,413.88664230284456,95
2024-09-17 10:17:11.173000,413.8651815616665,97
2024-09-17 10:17:11.198000,413.8815285035608,13
2024-09-17 10:17:11.240000,413.87977525490254,11
2024-09-17 10:17:11.283000,413.8622662049199,97
2024-09-17 10:17:11.310000,413.8719857208163,104
2024-09-17 10:17:11.358000,413.88136914540473,15
2024-09-17 10:17:11.372000,413.86689626547945,96
2024-09-17 10:17:11.408000,413.8729015499621,102
2024-09-17 10:17:11.541000,413.8237787517671,12
2024-09-17 10:17:11.608000,413.76270920488673,999
2024-09-17 10:17:11.628000,413.76738498051634,102
2024-09-17 10:17:11.628000,413.83175888214106,95
2024-09-17 10:17:11.629000,413.8314664160732,13
2024-09-17 10:17:11.639000,413.7738766618209,11
2024-09-17 10:17:11.718000,413.8836317577325,997
2024-09-17 10:17:11.735000,413.7863881178639,103
2024-09-17 10:17:11.756000,413.8810888229765,10
2024-09-17 10:17:11.774000,413.808860106921,995
2024-09-17 10:17:11.794000,413.8602469220307,1000
2024-09-17 10:17:11.803000,413.8816246238501,100
2024-09-17 10:17:11.880000,413.8894737739971,1000
2024-09-17 10:17:11.896000,413.7735527101312,95
2024-09-17 10:17:11.900000,413.8849522420003,103
2024-09-17 10:17:12.014000,413.8023575354173,1000
2024-09-17 10:17:12.063000,413.8294073309256,99
2024-09-17 10:17:12.143000,413.7760356747651,1000
2024-09-17 10:17:12.154000,413.7913127206844,1002
2024-09-17 10:17:12.156000,413.8327385827014,102
2024-09-17 10:17:12.169000,413.74614859970944,7
2024-09-17 10:17:12.176000,413.7850747194313,10
2024-09-17 10:17:12.198000,413.8384804525963,99
2024-09-17 10:17:12.212000,413.7870617460127,1005
2024-09-17 10:17:12.227000,413.7918137579256,102
2024-09-17 10:17:12.267000,413.7731529640751,104
2024-09-17 10:17:12.311000,413.79548683328346,997
2024-09-17 10:17:12.328000,413.8381512845859,12
2024-09-17 10:17:12.363000,413.781145123204,102
2024-09-17 10:17:12.372000,413.73788814144,98
2024-09-17 10:17:12.454000,413.8194303065793,101
2024-09-17 10:17:12.460000,413.79973513234415,1004
2024-09-17 10:17:12.514000,413.74638887924914,10
2024-09-17 10:17:12.514000,413.7889388322192,8
2024-09-17 10:17:12.589000,413.7922943817492,1001
2024-09-17 10:17:12.617000,413.827015134079,103
2024-09-17 10:17:12.669000,413.7840992363375,14
2024-09-17 10:17:12.792000,413.7691410196334,996
2024-09-17 10:17:12.800000,413.8206423341179,102
2024-09-17 10:17:12.938000,413.75485060454986,7
2024-09-17 10:17:12.948000,413.7797555904184,104
2024-09-17 10:17:12.966000,413.79087464514726,1002
2024-09-17 10:17:13.172000,413.83663722490655,100
2024-09-17 10:17:13.200000,413.8530403418135,1001
2024-09-17 10:17:13.345000,413.84758967116414,104
2024-09-17 10:17:13.445000,413.8519827951366,101
2024-09-17 10:17:13.870000,413.85737274686585,11
2024-09-17 10:17:13.883000,413.8519662079575,10
2024-09-17 10:17:13.953000,413.84762246541,1002
2024-09-17 10:17:13.970000,413.87869923692807,10
2024-09-17 10:17:14.004000,413.8889808605997,8
2024-09-17 10:17:14.022000,413.8485171698259,105
2024-09-17 10:17:14.133000,413.84256941042776,1004
2024-09-17 10:17:14.184000,413.8284336757606,14
2024-09-17 10:17:14.213000,413.8506433633182,11
2024-09-17 10:17:14.244000,413.8224316786594,97
2024-09-17 10:17:14.286000,413.8778952178768,99
2024-09-17 10:17:14.346000,413.8834760785312,11
2024-09-17 10:17:14.396000,413.85274959174006,100
2024-09-17 10:17:14.464000,413.8301206876912,104
2024-09-17 10:17:14.508000,413.8218532551321,1004
2024-09-17 10:17:14.537000,413.8804478693342,1002
2024-09-17 10:17:14.538000,413.84390933071,102
2024-09-17 10:17:14.538000,413.8499948741358,104
2024-09-17 10:17:14.729000,413.8371423933018,15
2024-09-17 10:17:14.761000,413.82073485500257,13
2024-09-17 10:17:14.854000,413.82620503155016,11
2024-09-17 10:17:14.873000,413.84636639623534,996
2024-09-17 10:17:14.962000,413.8500063874692,103
2024-09-17 10:17:14.997000,413.8735584553048,15
2024-09-17 10:17:15.094000,413.89624533557895,13
2024-09-17 10:17:15.095000,413.8848660149485,103
2024-09-17 10:17:15.341000,413.8791182081402,102
2024-09-17 10:17:15.488000,413.8762390960824,996
2024-09-17 10:17:15.778000,413.8862645725478,996
2024-09-17 10:17:15.867000,413.8886196819813,10
2024-09-17 10:17:16.024000,413.87470040231824,12
2024-09-17 10:17:16.030000,413.89767166584033,1004
2024-09-17 10:17:16.033000,413.8573650523788,1002
2024-09-17 10:17:16.044000,413.8743293431216,105
2024-09-17 10:17:16.071000,413.9616530290973,13
2024-09-17 10:17:16.175000,413.90884515907135,105
2024-09-17 10:17:16.220000,413.9735265330213,14
2024-09-17 10:17:16.258000,413.8715860565172,7
2024-09-17 10:17:16.279000,413.8765476895,14
2024-09-17 10:17:16.337000,413.8550753445197,995
2024-09-17 10:17:16.368000,413.8466917946871,1002
2024-09-17 10:17:16.383000,413.8566905613424,96
2024-09-17 10:17:16.394000,413.8622989414425,1005
2024-09-17 10:17:16.575000,413.86904554866464,12
2024-09-17 10:17:16.707000,413.88719153012585,6
2024-09-17 10:17:16.738000,413.8686199601731,996
2024-09-17 10:17:16.757000,413.84611494800254,15
2024-09-17 10:17:16.762000,413.8464039265273,6
2024-09-17 10:17:16.770000,413.9116035038959,98
2024-09-17 10:17:16.787000,413.8803843853983,996
2024-09-17 10:17:16.825000,413.9377337366837,10
2024-09-17 10:17:16.926000,413.9612336054758,13
2024-09-17 10:17:16.927000,413.9173547324055,10
2024-09-17 10:17:16.929000,413.9164116069246,998
2024-09-17 10:17:16.950000,413.9489814000967,96
2024-09-17 10:17:16.958000,413.8536960247309,996
2024-09-17 10:17:16.978000,413.8518967339075,1001
2024-09-17 10:17:16.981000,413.8685450873844,1002
2024-09-17 10:17:16.983000,413.943536292768,995
2024-09-17 10:17:17.044000,413.9425617889629,997
2024-09-17 10:17:17.480000,413.9500513064911,6
2024-09-17 10:17:17.520000,413.95352658970194,104
2024-09-17 10:17:17.831000,413.9671573674372,101
2024-09-17 10:17:18.018000,413.9753177820497,10
2024-09-17 10:17:18.088000,413.9760050712759,101
2024-09-17 10:17:18.165000,413.9552952317931,95
2024-09-17 10:17:18.178000,413.9578667551551,9
2024-09-17 10:17:18.214000,413.984054252094,8
2024-09-17 10:17:18.271000,413.9844638851248,15
2024-09-17 10:17:18.294000,413.9776605979854,1002
2024-09-17 10:17:18.334000,413.9864122034437,10
2024-09-17 10:17:18.428000,413.9811471117808,103
2024-09-17 10:17:18.455000,413.9789835085938,9
2024-09-17 10:17:18.457000,413.97000268177584,6
2024-09-17 10:17:18.544000,413.9788416690429,1000
2024-09-17 10:17:18.725000,413.9879552070468,996
2024-09-17 10:17:18.836000,413.9926985568669,14
2024-09-17 10:17:19.194000,413.9561133063217,997
2024-09-17 10:17:19.222000,414.0108081191175,6
2024-09-17 10:17:19.237000,414.0095089134597,1003
2024-09-17 10:17:19.272000,414.0144097249593,1000
2024-09-17 10:17:19.446000,414.00456164094027,997
2024-09-17 10:17:19.450000,414.0060018075084,96
2024-09-17 10:17:19.473000,413.9583031089949,100
2024-09-17 10:17:19.516000,413.99351260534416,10
2024-09-17 10:17:19.523000,413.9644901035166,1002
2024-09-17 10:17:19.598000,413.96644830439976,100
2024-09-17 10:17:19.607000,413.9748870009241,7
2024-09-17 10:17:19.637000,413.9655941025022,97
2024-09-17 10:17:19.795000,413.9914832153557,100
2024-09-17 10:17:19.808000,414.0080770750806,102
2024-09-17 10:17:19.934000,413.95366636002063,1005
2024-09-17 10:17:19.984000,414.0201928812968,1000
2024-09-17 10:17:20.076000,413.9924073304725,1001
2024-09-17 10:17:20.077000,413.9961502953454,14
2024-09-17 10:17:20.123000,413.976838808885,9
2024-09-17 10:17:20.143000,413.98324309679066,998
2024-09-17 10:17:20.451000,414.0022228108568,100
2024-09-17 10:17:20.581000,413.9757030148374,15
2024-09-17 10:17:20.699000,413.9720236318163,998
2024-09-17 10:17:20.757000,414.00683285611575,1003
2024-09-17 10:17:20.791000,413.9938063103624,95
2024-09-17 10:17:20.978000,413.97672073417584,95
2024-09-17 10:17:21.071000,414.02174134301646,97
2024-09-17 10:17:21.172000,414.0023140427999,98
2024-09-17 10:17:21.283000,414.0080538222423,6
2024-09-17 10:17:21.287000,413.9847021315446,1000
2024-09-17 10:17:21.436000,414.008449012342,98
2024-09-17 10:17:21.442000,414.01630023889015,105
2024-09-17 10:17:21.449000,414.0127247514642,95
2024-09-17 10:17:21.549000,413.9996109198982,8
2024-09-17 10:17:21.564000,414.0146740277999,9
2024-09-17 10:17:21.710000,414.0281638473583,996
2024-09-17 10:17:21.799000,414.0262614713654,13
2024-09-17 10:17:21.906000,414.0046181428976,8
2024-09-17 10:17:21.919000,414.0220296507597,1002
2024-09-17 10:17:21.922000,414.0275866051824,997
2024-09-17 10:17:22.008000,413.94654484587466,997
2024-09-17 10:17:22.038000,413.9478701455247,1000
2024-09-17 10:17:22.069000,413.927865796032,1004
2024-09-17 10:17:22.144000,413.9436193373387,101
2024-09-17 10:17:22.288000,413.977754223394,1003
2024-09-17 10:17:22.297000,413.9684093438268,1003
2024-09-17 10:17:22.422000,413.937790373952,105
2024-09-17 10:17:22.442000,413.94421728824847,9
2024-09-17 10:17:22.447000,413.9795567711954,102
2024-09-17 10:17:22.453000,413.9274901051806,100
2024-09-17 10:17:22.532000,413.941420212269,101
2024-09-17 10:17:22.552000,413.9186407617699,95
2024-09-17 10:17:22.684000,413.95542352465344,14
2024-09-17 10:17:22.699000,413.9472700229747,105
2024-09-17 10:17:22.709000,413.91386077614015,101
2024-09-17 10:17:22.799000,413.962128452523,100
2024-09-17 10:17:22.801000,413.9567096190236,104
2024-09-17 10:17:22.881000,413.9512616907795,97
2024-09-17 10:17:22.904000,413.90457678934735,99
2024-09-17 10:17:23.022000,413.95511406409753,999
2024-09-17 10:17:23.203000,413.9456968708101,15
2024-09-17 10:17:23.272000,413.93942195274747,100
2024-09-17 10:17:23.313000,413.9049394813168,99
2024-09-17 10:17:23.332000,413.8983630648119,8
2024-09-17 10:17:23.375000,413.9118617727503,1005
2024-09-17 10:17:23.423000,413.9239963766788,15
2024-09-17 10:17:23.536000,413.9501636141508,1003
2024-09-17 10:17:23.538000,413.94278215168833,15
2024-09-17 10:17:23.547000,413.9515393770054,1003
2024-09-17 10:17:23.553000,413.9322227151957,1003
2024-09-17 10:17:23.579000,413.9714749434531,97
2024-09-17 10:17:23.583000,413.9590837334554,13
2024-09-17 10:17:23.679000,413.91928792404656,14
2024-09-17 10:17:23.792000,413.9373409237514,98
2024-09-17 10:17:23.812000,413.92218355690056,102
2024-09-17 10:17:23.850000,413.90660202120745,996
2024-09-17 10:17:23.904000,413.94506312258807,10
2024-09-17 10:17:23.934000,413.9516756030105,101
2024-09-17 10:17:23.979000,413.9640143049857,14
2024-09-17 10:17:23.984000,413.9282605543677,15
2024-09-17 10:17:24.011000,413.9600149623109,997
2024-09-17 10:17:24.047000,413.969034287721,8
2024-09-17 10:17:24.156000,413.9676411480789,100
2024-09-17 10:17:24.234000,413.9839610418821,995
2024-09-17 10:17:24.273000,413.9688329924885,100
2024-09-17 10:17:24.740000,413.938514429093,1001
2024-09-17 10:17:25.142000,413.959027952305,99
2024-09-17 10:17:25.154000,413.9401890671556,105
2024-09-17 10:17:25.179000,413.9320508089887,10
2024-09-17 10:17:25.185000,413.9741169889145,1005
2024-09-17 10:17:25.263000,413.96206022406426,10
2024-09-17 10:17:25.290000,413.95843301798,12
2024-09-17 10:17:25.337000,413.9488501985777,6
2024-09-17 10:17:25.357000,413.9448763849697,10
2024-09-17 10:17:25.395000,413.9442226147179,1004
2024-09-17 10:17:25.434000,413.9416379644903,104
2024-09-17 10:17:25.438000,413.9389166363149,104
2024-09-17 10:17:25.445000,413.9384712871748,9
2024-09-17 10:17:25.476000,413.9619819487615,10
2024-09-17 10:17:25.522000,413.9638214216179,999
2024-09-17 10:17:25.777000,413.9448830652668,996
2024-09-17 10:17:25.923000,413.9604454896185,12
2024-09-17 10:17:25.968000,413.94148599762286,95
2024-09-17 10:17:26.015000,413.9754876949208,101
2024-09-17 10:17:26.030000,413.9775331409692,104
2024-09-17 10:17:26.046000,413.9549022084887,13
2024-09-17 10:17:26.099000,414.0062771529656,995
2024-09-17 10:17:26.152000,413.9625217039737,102
2024-09-17 10:17:26.182000,413.9900541279897,105
2024-09-17 10:17:26.203000,414.00699608472354,14
2024-09-17 10:17:26.211000,413.9632647225612,999
2024-09-17 10:17:26.271000,413.9655069009691,998
2024-09-17 10:17:26.276000,413.9978412501469,998
2024-09-17 10:17:26.314000,413.9905224034361,13
2024-09-17 10:17:26.328000,413.9641371412136,15
2024-09-17 10:17:26.333000,413.9722561942504,6
2024-09-17 10:17:26.392000,413.99107589555854,998
2024-09-17 10:17:26.396000,413.9603996198359,104
2024-09-17 10:17:26.510000,413.9823071696073,8
2024-09-17 10:17:26.571000,413.9934968626436,1003
2024-09-17 10:17:26.664000,413.9758949492886,9
2024-09-17 10:17:26.763000,413.9470174975109,96
2024-09-17 10:17:26.780000,413.9657805037679,10
2024-09-17 10:17:26.810000,413.96083174221496,11
2024-09-17 10:17:26.816000,413.9713759597892,1003
2024-09-17 10:17:26.833000,413.9710158580888,995
2024-09-17 10:17:26.850000,413.9582250739925,97
2024-09-17 10:17:27.076000,413.8851896082086,104
2024-09-17 10:17:27.085000,413.891560106122,1005
2024-09-17 10:17:27.109000,413.9096804113273,1000
2024-09-17 10:17:27.118000,413.91959533986216,104
2024-09-17 10:17:27.124000,413.9112555510444,6
2024-09-17 10:17:27.225000,413.91700123980695,7
2024-09-17 10:17:27.260000,413.904498486684,1003
2024-09-17 10:17:27.328000,413.8964418648177,10
2024-09-17 10:17:27.353000,413.9125171005804,11
2024-09-17 10:17:27.383000,413.90765727651416,9
2024-09-17 10:17:27.395000,413.9336525436054,8
2024-09-17 10:17:27.399000,413.8832544876529,15
2024-09-17 10:17:27.453000,413.894809429726,5
2024-09-17 10:17:27.641000,413.9189398847223,8
2024-09-17 10:17:27.645000,413.9175384462188,9
2024-09-17 10:17:27.684000,413.910615847387,1002
2024-09-17 10:17:27.697000,413.9272002949533,999
2024-09-17 10:17:27.713000,413.9699065573424,999
2024-09-17 10:17:27.785000,413.9357554562025,995
2024-09-17 10:17:27.815000,413.93197862077005,6
2024-09-17 10:17:27.873000,413.9059116776186,8
2024-09-17 10:17:27.922000,413.9290761465842,5
2024-09-17 10:17:27.931000,413.8811260044977,1000
2024-09-17 10:17:27.936000,413.9341114628082,15
2024-09-17 10:17:28.168000,413.9128430336975,10
2024-09-17 10:17:28.186000,413.919292431461,996
2024-09-17 10:17:28.274000,413.9031725414379,15
2024-09-17 10:17:28.661000,413.91019639998143,100
2024-09-17 10:17:28.964000,413.9255267911385,1004
2024-09-17 10:17:29.029000,413.88605916328646,101
2024-09-17 10:17:29.072000,413.8874611732394,100
2024-09-17 10:17:29.189000,413.9174305268243,13
2024-09-17 10:17:29.204000,413.87194816954906,98
2024-09-17 10:17:29.215000,413.8774251618514,105
2024-09-17 10:17:29.218000,413.8872697612071,9
2024-09-17 10:17:29.241000,413.8883014627708,6
2024-09-17 10:17:29.244000,413.8834162959892,997
2024-09-17 10:17:29.274000,413.880949477877,6
2024-09-17 10:17:29.379000,413.8658546474946,8
2024-09-17 10:17:29.425000,413.86807216806267,1004
2024-09-17 10:17:29.543000,413.8881464551473,999
2024-09-17 10:17:29.557000,413.8728770914824,1004
2024-09-17 10:17:29.617000,413.9084030330978,9
2024-09-17 10:17:29.629000,413.9000640846637,103
2024-09-17 10:17:29.642000,413.87894162837154,11
2024-09-17 10:17:29.917000,413.8884263665283,1001
2024-09-17 10:17:30.007000,413.838690057824,100
2024-09-17 10:17:30.046000,413.8532955160904,103
2024-09-17 10:17:30.103000,413.8448917820397,9
2024-09-17 10:17:30.111000,413.8376213931601,995
2024-09-17 10:17:30.296000,413.8482862744948,11
2024-09-17 10:17:30.318000,413.8460598027136,1005
2024-09-17 10:17:30.319000,413.86409843036336,101
2024-09-17 10:17:30.351000,413.84455829898,105
2024-09-17 10:17:30.391000,413.84533382791705,7
2024-09-17 10:17:30.421000,413.8564239475585,1003
2024-09-17 10:17:30.427000,413.8453050221636,8
2024-09-17 10:17:30.698000,413.8533266507748,97
2024-09-17 10:17:30.755000,413.8357963314738,101
2024-09-17 10:17:30.893000,413.8613573269953,11
2024-09-17 10:17:30.992000,413.8470673007911,5
2024-09-17 10:17:31.756000,413.8709109027194,102
2024-09-17 10:17:32.028000,413.8748156254289,15
2024-09-17 10:17:32.034000,413.9148974492177,7
2024-09-17 10:17:32.034000,413.9586006292808,14
2024-09-17 10:17:32.077000,413.9530875211321,97
2024-09-17 10:17:32.170000,413.9622242039592,7
2024-09-17 10:17:32.216000,413.9403557949111,101
2024-09-17 10:17:32.242000,413.97880250494495,96
2024-09-17 10:17:32.244000,413.9146606795834,998
2024-09-17 10:17:32.332000,413.9576781504483,15
2024-09-17 10:17:32.340000,413.8818898311288,999
2024-09-17 10:17:32.359000,413.9769061068416,9
2024-09-17 10:17:32.379000,413.9649331619547,7
2024-09-17 10:17:32.525000,413.8813176208336,15
2024-09-17 10:17:32.546000,413.8827694775257,10
2024-09-17 10:17:32.665000,413.9036857557149,997
2024-09-17 10:17:32.803000,413.8726051412455,96
2024-09-17 10:17:32.827000,413.9381718151317,7
2024-09-17 10:17:32.887000,413.8883119124305,95
2024-09-17 10:17:34.030000,413.9508346447836,1002
2024-09-17 10:17:34.050000,413.93978062106703,97
2024-09-17 10:17:34.066000,413.9415577890521,1004
2024-09-17 10:17:34.125000,413.9467170770112,13
2024-09-17 10:17:34.172000,413.946096647036,14
2024-09-17 10:17:34.212000,413.9389119799405,998
2024-09-17 10:17:34.230000,413.980064145957,1003
2024-09-17 10:17:34.246000,413.976654312502,11
2024-09-17 10:17:34.373000,413.9609870709814,997
2024-09-17 10:17:34.502000,413.9355636500183,1004
2024-09-17 10:17:34.567000,413.93440502085,997
2024-09-17 10:17:34.573000,413.93748973952097,13
2024-09-17 10:17:34.595000,413.9364811724262,10
2024-09-17 10:17:34.671000,413.9435160077402,1001
2024-09-17 10:17:34.705000,413.9439230057316,11
2024-09-17 10:17:34.838000,413.9623819421478,95
2024-09-17 10:17:34.859000,413.979698323353,995
2024-09-17 10:17:34.865000,413.95487961049855,6
2024-09-17 10:17:34.929000,413.9449366600398,102
2024-09-17 10:17:34.931000,413.9299656860779,101
2024-09-17 10:17:34.942000,413.9238787263112,102
2024-09-17 10:17:34.967000,413.9383352828707,6
2024-09-17 10:17:35.193000,414.0446695040185,998
2024-09-17 10:17:35.199000,413.9891585719452,97
2024-09-17 10:17:35.213000,414.03016152439903,995
2024-09-17 10:17:35.235000,413.98597013514535,12
2024-09-17 10:17:35.266000,413.978480894319,15
2024-09-17 10:17:35.271000,414.0376815475114,95
2024-09-17 10:17:35.285000,414.0404491576569,104
2024-09-17 10:17:35.310000,414.049624585,1004
2024-09-17 10:17:35.389000,413.9767825330471,12
2024-09-17 10:17:35.426000,414.0411736039136,997
2024-09-17 10:17:35.473000,414.0521325369418,10
2024-09-17 10:17:35.485000,414.0272883878709,97
2024-09-17 10:17:35.569000,413.96765698050353,995
2024-09-17 10:17:35.572000,414.0670476188511,105
2024-09-17 10:17:35.598000,414.0422038470758,95
2024-09-17 10:17:35.610000,413.9631442496257,998
2024-09-17 10:17:35.614000,413.9786353793037,13
2024-09-17 10:17:35.695000,414.00015814791374,10
2024-09-17 10:17:35.731000,413.9938713268909,1002
2024-09-17 10:17:35.751000,414.0389314188881,999
2024-09-17 10:17:35.792000,414.0305763583083,1003
2024-09-17 10:17:35.866000,414.0609172240016,1001
2024-09-17 10:17:35.876000,414.023929786644,98
2024-09-17 10:17:35.888000,413.9734895344885,1000
2024-09-17 10:17:35.900000,414.0396413471095,97
2024-09-17 10:17:35.946000,413.9652136779978,101
2024-09-17 10:17:35.990000,414.0365134991528,103
2024-09-17 10:17:35.992000,413.9718525425721,100
2024-09-17 10:17:35.997000,414.0371501145608,103
2024-09-17 10:17:36.112000,414.1339122985282,101
2024-09-17 10:17:36.130000,414.109396100113,99
2024-09-17 10:17:36.165000,414.1153313123253,1004
2024-09-17 10:17:36.176000,414.0957239907461,98
2024-09-17 10:17:36.227000,414.10720981853393,99
2024-09-17 10:17:36.232000,414.0578943021076,98
2024-09-17 10:17:36.251000,414.13426149930814,97
2024-09-17 10:17:36.311000,414.08915288943007,999
2024-09-17 10:17:36.404000,414.1501181281629,102
2024-09-17 10:17:36.429000,414.0991487150232,999
2024-09-17 10:17:36.485000,414.07356789012096,8
2024-09-17 10:17:36.498000,414.11425636525934,95
2024-09-17 10:17:36.530000,414.1440817384346,103
2024-09-17 10:17:36.568000,414.14397973310406,104
2024-09-17 10:17:36.584000,414.119545113989,1004
2024-09-17 10:17:36.634000,414.1251601307828,96
2024-09-17 10:17:36.635000,414.0991476343626,998
2024-09-17 10:17:36.767000,414.0800908574293,95
2024-09-17 10:17:36.812000,414.0770594676211,995
2024-09-17 10:17:36.866000,414.0759275576322,13
2024-09-17 10:17:36.881000,414.1467228924299,105
2024-09-17 10:17:36.895000,414.15572684768216,9
2024-09-17 10:17:36.963000,414.1477976450574,103
2024-09-17 10:17:36.987000,414.06319723072943,7
2024-09-17 10:17:37.127000,414.13297609828174,995
2024-09-17 10:17:37.197000,414.16805937989216,1002
2024-09-17 10:17:37.244000,414.1113431014849,1004
2024-09-17 10:17:37.554000,414.1356135125833,103
2024-09-17 10:17:37.757000,414.1245688907552,8
2024-09-17 10:17:37.820000,414.164746999318,998
2024-09-17 10:17:37.881000,414.1580999476053,13
2024-09-17 10:17:37.883000,414.130309383458,97
2024-09-17 10:17:37.922000,414.1369403715712,1004
2024-09-17 10:17:37.992000,414.1876692212642,12
2024-09-17 10:17:38.016000,414.2013487112502,95
2024-09-17 10:17:38.043000,414.1698474839285,101
2024-09-17 10:17:38.086000,414.20160540960507,12
2024-09-17 10:17:38.167000,414.1655206267317,995
2024-09-17 10:17:38.168000,414.1984305451892,12
2024-09-17 10:17:38.304000,414.1731452765111,1003
2024-09-17 10:17:38.333000,414.1966585178142,97
2024-09-17 10:17:38.392000,414.20062303384,103
2024-09-17 10:17:38.401000,414.2042442673748,1005
2024-09-17 10:17:38.422000,414.17354383047103,98
2024-09-17 10:17:38.521000,414.2018500839186,1005
2024-09-17 10:17:38.531000,414.19338950576827,11
2024-09-17 10:17:38.546000,414.1917369938606,1004
2024-09-17 10:17:38.657000,414.1776647803106,11
2024-09-17 10:17:38.685000,414.191683810345,99
2024-09-17 10:17:38.804000,414.1935900442113,95
2024-09-17 10:17:38.892000,414.1978620349301,15
2024-09-17 10:17:38.939000,414.1816370060825,10
2024-09-17 10:17:38.941000,414.208352662512,102
2024-09-17 10:17:39.277000,414.21222207840674,1001
2024-09-17 10:17:39.363000,414.20320029172746,15
2024-09-17 10:17:39.898000,414.2035939241855,105
2024-09-17 10:17:39.945000,414.19127900924445,99
2024-09-17 10:17:40.094000,414.1839598576017,11
2024-09-17 10:17:40.112000,414.1675952684071,996
2024-09-17 10:17:40.126000,414.2049380556418,5
2024-09-17 10:17:40.250000,414.1892332213583,5
2024-09-17 10:17:40.259000,414.1616719309315,997
2024-09-17 10:17:40.407000,414.19012800147146,1004
2024-09-17 10:17:40.448000,414.161928198678,9
2024-09-17 10:17:40.492000,414.1871779682151,12
2024-09-17 10:17:40.752000,414.1387075204048,10
2024-09-17 10:17:40.838000,414.1363425828736,1001
2024-09-17 10:17:40.869000,414.17767424354633,103
2024-09-17 10:17:40.871000,414.1648415766427,1005
2024-09-17 10:17:40.962000,414.1589393313457,99
2024-09-17 10:17:40.975000,414.1459107167383,105
2024-09-17 10:17:41.028000,414.1106771836664,1000
2024-09-17 10:17:41.029000,414.1452410308508,1001
2024-09-17 10:17:41.039000,414.118621672356,104
2024-09-17 10:17:41.105000,414.1277286516468,1000
2024-09-17 10:17:41.146000,414.1328058604212,996
2024-09-17 10:17:41.190000,414.12128811552486,97
2024-09-17 10:17:41.229000,414.12657538657686,12
2024-09-17 10:17:41.268000,414.13421231090166,8
2024-09-17 10:17:41.326000,414.1431106216496,996
2024-09-17 10:17:41.329000,414.1147146501295,99
2024-09-17 10:17:41.378000,414.1257960536612,996
2024-09-17 10:17:41.390000,414.1479359891542,99
2024-09-17 10:17:41.455000,414.1547956304077,14
2024-09-17 10:17:41.522000,414.1148830761428,996
2024-09-17 10:17:41.756000,414.1644452941127,6
2024-09-17 10:17:41.858000,414.1261988532541,997
2024-09-17 10:17:41.891000,414.140787301661,101
2024-09-17 10:17:41.915000,414.1008745612819,997
2024-09-17 10:17:41.961000,414.13608147137785,1005
2024-09-17 10:17:41.970000,414.1403310880755,1001
2024-09-17 10:17:43.048000,414.19014091610063,1002
2024-09-17 10:17:43.068000,414.1630478913156,13
2024-09-17 10:17:43.131000,414.1811384468965,8
2024-09-17 10:17:43.157000,414.1178631613444,5
2024-09-17 10:17:43.289000,414.17946726594266,100
2024-09-17 10:17:43.289000,414.13521694271066,1002
2024-09-17 10:17:43.510000,414.1922737166684,10
2024-09-17 10:17:43.545000,414.2225819177044,1004
2024-09-17 10:17:43.606000,414.1869413624569,8
2024-09-17 10:17:43.608000,414.1013300982802,98
2024-09-17 10:17:43.641000,414.1780329707143,996
2024-09-17 10:17:43.704000,414.12883084235233,101
2024-09-17 10:17:43.706000,414.14913890972576,1004
2024-09-17 10:17:43.712000,414.2157620825813,98
2024-09-17 10:17:43.769000,414.213616971116,1003
2024-09-17 10:17:43.873000,414.222868404934,97
2024-09-17 10:17:43.995000,414.1113787689613,99
2024-09-17 10:17:44.015000,414.24078774617465,999
2024-09-17 10:17:44.129000,414.2561522144292,105
2024-09-17 10:17:44.150000,414.2201703446784,15
2024-09-17 10:17:44.176000,414.2412476311621,102
2024-09-17 10:17:44.270000,414.2371638010027,999
2024-09-17 10:17:44.360000,414.2254224613243,105
2024-09-17 10:17:44.424000,414.2542117780212,15
2024-09-17 10:17:44.699000,414.2366410278871,12
2024-09-17 10:17:44.747000,414.2326961509257,96
2024-09-17 10:17:44.809000,414.2023560653936,5
2024-09-17 10:17:44.813000,414.2452038490146,96
2024-09-17 10:17:44.991000,414.2217497155154,100
2024-09-17 10:17:45.262000,414.18697566918,104
2024-09-17 10:17:45.797000,414.1885852071496,104
2024-09-17 10:17:46.325000,414.1848579407456,996
2024-09-17 10:17:47.045000,414.1992720626245,9
2024-09-17 10:17:47.174000,414.1717441745103,8
2024-09-17 10:17:47.281000,414.18429765542095,99
2024-09-17 10:17:47.305000,414.14726634054426,8
2024-09-17 10:17:47.312000,414.1631358550104,5
2024-09-17 10:17:47.368000,414.1526094641882,14
2024-09-17 10:17:47.400000,414.14582724233605,1002
2024-09-17 10:17:47.438000,414.1741500155758,1002
2024-09-17 10:17:47.497000,414.1657252161856,1005
2024-09-17 10:17:47.501000,414.17677951158186,996
2024-09-17 10:17:47.517000,414.164794477138,995
2024-09-17 10:17:47.567000,414.15930951850856,1004
2024-09-17 10:17:47.664000,414.1424260889615,104
2024-09-17 10:17:47.701000,414.1814355252294,5
2024-09-17 10:17:47.718000,414.16397855020966,8
2024-09-17 10:17:47.731000,414.1743204239692,102
2024-09-17 10:17:47.759000,414.1625147395702,1004
2024-09-17 10:17:47.816000,414.1633106777862,1003
2024-09-17 10:17:47.824000,414.1784887283202,12
2024-09-17 10:17:47.867000,414.1836247283862,103
2024-09-17 10:17:47.890000,414.1667193110353,8
2024-09-17 10:17:47.927000,414.1570962900892,7
2024-09-17 10:17:47.975000,414.1639417101432,103
2024-09-17 10:17:48.060000,414.1662454664436,9
2024-09-17 10:17:48.196000,414.1528104918421,9
2024-09-17 10:17:48.256000,414.1528761875248,102
2024-09-17 10:17:48.412000,414.12796525016734,1004
2024-09-17 10:17:49.006000,414.1570196534156,996
2024-09-17 10:17:49.018000,414.15495197102535,998
2024-09-17 10:17:49.021000,414.1586897957472,15
2024-09-17 10:17:49.023000,414.1574546446895,102
2024-09-17 10:17:49.201000,414.1517372674028,104
2024-09-17 10:17:49.229000,414.1419302168084,11
2024-09-17 10:17:49.238000,414.1495398007317,12
2024-09-17 10:17:49.293000,414.1723803431536,7
2024-09-17 10:17:49.480000,414.16498079775647,96
2024-09-17 10:17:49.595000,414.1589218122107,13
2024-09-17 10:17:49.613000,414.1591294044602,5
2024-09-17 10:17:49.690000,414.1540244618935,105
2024-09-17 10:17:49.728000,414.1591086846613,14
2024-09-17 10:17:49.870000,414.14946889426113,9
2024-09-17 10:17:50.027000,414.2242337574632,95
2024-09-17 10:17:50.065000,414.2305973827537,12
2024-09-17 10:17:50.093000,414.2623463179247,105
2024-09-17 10:17:50.124000,414.200967560841,11
2024-09-17 10:17:50.196000,414.1599697274378,98
2024-09-17 10:17:50.282000,414.1820827237862,11
2024-09-17 10:17:50.288000,414.2406877271171,999
2024-09-17 10:17:50.322000,414.2223995510418,99
2024-09-17 10:17:50.399000,414.2399352787588,6
2024-09-17 10:17:50.400000,414.2390362452166,105
2024-09-17 10:17:50.545000,414.24568737722575,7
2024-09-17 10:17:50.691000,414.2723513252296,998
2024-09-17 10:17:50.692000,414.2426450421849,97
2024-09-17 10:17:50.712000,414.2207922712596,6
2024-09-17 10:17:50.722000,414.2413697447634,10
2024-09-17 10:17:50.724000,414.1711145577588,9
2024-09-17 10:17:50.766000,414.2481933326872,1003
2024-09-17 10:17:50.787000,414.2392945306253,13
2024-09-17 10:17:50.790000,414.2616518592322,98
2024-09-17 10:17:50.806000,414.2159830443108,6
2024-09-17 10:17:50.834000,414.2254611290532,100
2024-09-17 10:17:50.856000,414.2439699275926,998
2024-09-17 10:17:50.893000,414.2276879983205,105
2024-09-17 10:17:50.913000,414.26747790174016,101
2024-09-17 10:17:50.988000,414.2549453705988,15
2024-09-17 10:17:51.010000,414.2817477545758,996
2024-09-17 10:17:51.019000,414.29816626304097,1002
2024-09-17 10:17:51.142000,414.30509369083154,98
2024-09-17 10:17:51.168000,414.2962036009119,1001
2024-09-17 10:17:51.179000,414.2756421622088,6
2024-09-17 10:17:51.250000,414.2877472384619,998
2024-09-17 10:17:51.303000,414.2825975425415,98
2024-09-17 10:17:51.308000,414.2832684104698,997
2024-09-17 10:17:51.379000,414.2912937068,1004
2024-09-17 10:17:51.432000,414.3028526052197,9
2024-09-17 10:17:51.437000,414.26985483965024,105
2024-09-17 10:17:51.547000,414.28935542927815,1000
2024-09-17 10:17:51.652000,414.28483694542433,7
2024-09-17 10:17:51.779000,414.2648649022165,97
2024-09-17 10:17:51.979000,414.2781035812847,98
2024-09-17 10:17:51.989000,414.264856910906,1005
2024-09-17 10:17:51.990000,414.2955236669695,15
2024-09-17 10:17:53.186000,414.2654450948417,98
2024-09-17 10:17:53.265000,414.2889703885184,8
2024-09-17 10:17:53.273000,414.2797131987388,995
2024-09-17 10:17:53.289000,414.2884110851567,15
2024-09-17 10:17:53.341000,414.2779058461528,7
2024-09-17 10:17:53.451000,414.2950861337272,8
2024-09-17 10:17:53.606000,414.2669710012711,97
2024-09-17 10:17:53.620000,414.26730539323006,105
2024-09-17 10:17:53.623000,414.3027846271861,98
2024-09-17 10:17:53.767000,414.28863961486593,996
2024-09-17 10:17:53.952000,414.2614123755871,5
2024-09-17 10:17:53.966000,414.2694064900184,104
2024-09-17 10:17:53.991000,414.2791462779824,100
2024-09-17 10:17:54.145000,414.2972183294583,97
2024-09-17 10:17:54.153000,414.285729584574,8
2024-09-17 10:17:54.154000,414.2749280538145,1003
2024-09-17 10:17:54.166000,414.2804106618151,6
2024-09-17 10:17:54.314000,414.2943617006216,15
2024-09-17 10:17:54.407000,414.3000683903042,98
2024-09-17 10:17:54.415000,414.3086091043082,9
2024-09-17 10:17:54.496000,414.284767798133,11
2024-09-17 10:17:54.526000,414.3263643512779,1001
2024-09-17 10:17:54.560000,414.2454383392628,13
2024-09-17 10:17:54.566000,414.2708215154884,999
2024-09-17 10:17:54.700000,414.2718374596424,96
2024-09-17 10:17:54.704000,414.2500393981857,10
2024-09-17 10:17:54.761000,414.3060709424095,95
2024-09-17 10:17:54.815000,414.27002546745854,8
2024-09-17 10:17:54.835000,414.2703593123354,103
2024-09-17 10:17:54.847000,414.3226397463491,5
2024-09-17 10:17:54.867000,414.28345921127567,96
2024-09-17 10:17:54.891000,414.26551326970014,101
2024-09-17 10:17:54.908000,414.24457344791495,99
2024-09-17 10:17:54.919000,414.2576306717496,100
2024-09-17 10:17:55.197000,414.272065496019,13
2024-09-17 10:17:55.222000,414.2682616207347,7
2024-09-17 10:17:55.237000,414.2715905867921,999
2024-09-17 10:17:55.308000,414.2376111320245,12
2024-09-17 10:17:55.350000,414.2504588208511,1001
2024-09-17 10:17:55.513000,414.2682747547282,9
2024-09-17 10:17:55.784000,414.25021635099927,98
2024-09-17 10:17:55.843000,414.26230094366775,996
2024-09-17 10:17:56.024000,414.2097936139143,100
2024-09-17 10:17:56.100000,414.2237723216416,13
2024-09-17 10:17:56.201000,414.1832727352014,6
2024-09-17 10:17:56.236000,414.2125711743356,97
2024-09-17 10:17:56.412000,414.1843782510704,997
2024-09-17 10:17:56.436000,414.2400291544161,1001
2024-09-17 10:17:56.448000,414.21045507928096,1005
2024-09-17 10:17:56.482000,414.1943897243879,98
2024-09-17 10:17:56.498000,414.22702330332856,99
2024-09-17 10:17:56.507000,414.23610210620814,10
2024-09-17 10:17:56.545000,414.232377107444,1005
2024-09-17 10:17:56.572000,414.23693364240336,105
2024-09-17 10:17:56.688000,414.214808943505,1003
2024-09-17 10:17:56.707000,414.24942992586847,101
2024-09-17 10:17:56.733000,414.21461747360814,95
2024-09-17 10:17:56.766000,414.2294401456989,6
2024-09-17 10:17:56.788000,414.24209448798615,13
2024-09-17 10:17:56.829000,414.23255509038665,1005
2024-09-17 10:17:56.850000,414.1820816995126,5
2024-09-17 10:17:56.853000,414.2226585496137,1005
2024-09-17 10:17:56.857000,414.2374695273514,99
2024-09-17 10:17:56.880000,414.2321214509088,1003
2024-09-17 10:17:56.919000,414.23459888681714,95
2024-09-17 10:17:56.970000,414.2062762019664,102
2024-09-17 10:17:56.974000,414.2298993013332,101
2024-09-17 10:17:56.995000,414.20000969552206,95
2024-09-17 10:17:57.035000,414.1806032673048,104
2024-09-17 10:17:57.035000,414.1593920113304,9
2024-09-17 10:17:57.057000,414.1819840836707,996
2024-09-17 10:17:57.110000,414.1515845469456,13
2024-09-17 10:17:57.113000,414.160510026614,96
2024-09-17 10:17:57.117000,414.18373147482015,102
2024-09-17 10:17:57.152000,414.16412159801774,100
2024-09-17 10:17:57.169000,414.1700168195175,95
2024-09-17 10:17:57.245000,414.150100989712,999
2024-09-17 10:17:57.309000,414.1894280630434,15
2024-09-17 10:17:57.399000,414.1540056716264,1005
2024-09-17 10:17:57.400000,414.2097185612376,98
2024-09-17 10:17:57.527000,414.2088664917049,1002
2024-09-17 10:17:57.662000,414.14919994095095,998
2024-09-17 10:17:57.732000,414.16518090314565,1000
2024-09-17 10:17:57.814000,414.1610877906597,1004
2024-09-17 10:17:57.842000,414.20080070040734,15
2024-09-17 10:17:57.847000,414.1571945883374,1004
2024-09-17 10:17:57.860000,414.1660494829728,1001
2024-09-17 10:17:57.881000,414.1604390898787,5
2024-09-17 10:17:57.929000,414.15768593941056,12
2024-09-17 10:17:57.980000,414.1572014632425,8
2024-09-17 10:17:58.209000,414.1983404513014,15
2024-09-17 10:17:58.344000,414.2034465381825,5
2024-09-17 10:17:58.497000,414.1861554737677,105
2024-09-17 10:17:58.566000,414.1785125316983,13
2024-09-17 10:17:59.051000,414.17933219575394,101
2024-09-17 10:17:59.100000,414.1968176498484,1000
2024-09-17 10:17:59.128000,414.20157970874106,5
2024-09-17 10:17:59.129000,414.2012675711304,8
2024-09-17 10:17:59.152000,414.18749411076567,104
2024-09-17 10:17:59.171000,414.1387235377089,1001
2024-09-17 10:17:59.194000,414.159217220938,95
2024-09-17 10:17:59.261000,414.16198612629256,14
2024-09-17 10:17:59.295000,414.1701299948014,99
2024-09-17 10:17:59.334000,414.1569477282604,100
2024-09-17 10:17:59.346000,414.1518211972996,6
2024-09-17 10:17:59.370000,414.1851241468784,102
2024-09-17 10:17:59.383000,414.2009480333354,104
2024-09-17 10:17:59.451000,414.1899082207999,96
2024-09-17 10:17:59.465000,414.1923870430712,102
2024-09-17 10:17:59.549000,414.160852410753,7
2024-09-17 10:17:59.556000,414.1616185868145,13
2024-09-17 10:17:59.623000,414.17801890954905,8
2024-09-17 10:17:59.722000,414.17653870862654,12
2024-09-17 10:17:59.731000,414.14779057604005,104
2024-09-17 10:17:59.739000,414.2048581947011,1003
2024-09-17 10:17:59.760000,414.1751650685106,13
2024-09-17 10:17:59.883000,414.1813130440755,5
2024-09-17 10:17:59.884000,414.1861943267195,999
2024-09-17 10:17:59.922000,414.1948849755851,1002
2024-09-17 10:17:59.930000,414.1813270984062,1002
