Timestamp,Price,Size
2024-09-18 11:06:00.006000,415.769335570977,97
2024-09-18 11:06:00.073000,415.7759322556012,1005
2024-09-18 11:06:00.139000,415.7771798992604,11
2024-09-18 11:06:00.158000,415.7838786943887,11
2024-09-18 11:06:00.211000,415.7926424506937,102
2024-09-18 11:06:00.238000,415.79875949839305,102
2024-09-18 11:06:00.278000,415.810518570453,10
2024-09-18 11:06:00.299000,415.79247093302246,8
2024-09-18 11:06:00.385000,415.7980542091892,97
2024-09-18 11:06:00.401000,415.7418754709777,999
2024-09-18 11:06:00.550000,415.7937167439648,10
2024-09-18 11:06:00.569000,415.7772684929698,1001
2024-09-18 11:06:00.572000,415.7873619084101,1002
2024-09-18 11:06:00.598000,415.7718972393191,98
2024-09-18 11:06:00.669000,415.8370547620966,13
2024-09-18 11:06:00.723000,415.7905566370536,100
2024-09-18 11:06:00.745000,415.7936831517815,100
2024-09-18 11:06:00.827000,415.7840751395806,996
2024-09-18 11:06:00.865000,415.7636272780056,999
2024-09-18 11:06:00.987000,415.7599335254868,1004
2024-09-18 11:06:00.994000,415.7970015990246,10
2024-09-18 11:06:01.094000,415.8017047120771,12
2024-09-18 11:06:01.129000,415.7870099046634,105
2024-09-18 11:06:01.208000,415.8268266910145,13
2024-09-18 11:06:01.224000,415.8258189288279,5
2024-09-18 11:06:01.240000,415.8004016252132,10
2024-09-18 11:06:01.330000,415.8030629382852,101
2024-09-18 11:06:01.359000,415.76445036156827,100
2024-09-18 11:06:01.414000,415.78603906676665,997
2024-09-18 11:06:01.493000,415.78300295830087,1005
2024-09-18 11:06:01.523000,415.8297864170505,103
2024-09-18 11:06:01.532000,415.787312242166,995
2024-09-18 11:06:01.555000,415.79244753668513,999
2024-09-18 11:06:01.718000,415.8290072981183,100
2024-09-18 11:06:01.718000,415.7970337815586,996
2024-09-18 11:06:01.745000,415.7744730648675,1002
2024-09-18 11:06:01.775000,415.8167437737112,97
2024-09-18 11:06:01.839000,415.8193906546608,995
2024-09-18 11:06:01.841000,415.7837327073764,9
2024-09-18 11:06:01.850000,415.7727025880215,995
2024-09-18 11:06:02.373000,415.7892803887822,102
2024-09-18 11:06:02.698000,415.80373715816927,100
2024-09-18 11:06:03.005000,415.7976637183459,104
2024-09-18 11:06:03.125000,415.7983408605965,9
2024-09-18 11:06:03.184000,415.78796921553146,101
2024-09-18 11:06:03.214000,415.80062636935247,99
2024-09-18 11:06:03.292000,415.8131852472635,13
2024-09-18 11:06:03.394000,415.7958044306395,997
2024-09-18 11:06:03.417000,415.7765752543953,97
2024-09-18 11:06:03.419000,415.7950015079376,1000
2024-09-18 11:06:03.435000,415.7613388426758,5
2024-09-18 11:06:03.463000,415.7935515058776,99
2024-09-18 11:06:03.498000,415.7780337564582,7
2024-09-18 11:06:03.582000,415.7812990807955,11
2024-09-18 11:06:03.616000,415.8044446287112,1000
2024-09-18 11:06:03.656000,415.7884853488997,995
2024-09-18 11:06:03.712000,415.8111057883353,99
2024-09-18 11:06:03.718000,415.77960558901015,998
2024-09-18 11:06:03.794000,415.7964920357175,11
2024-09-18 11:06:03.855000,415.78140624211807,12
2024-09-18 11:06:03.867000,415.7464111839096,995
2024-09-18 11:06:03.992000,415.7992921221778,997
2024-09-18 11:06:04.021000,415.72510516800986,995
2024-09-18 11:06:04.081000,415.7484631053019,103
2024-09-18 11:06:04.116000,415.7437431106837,1003
2024-09-18 11:06:04.229000,415.7542697384917,1005
2024-09-18 11:06:04.267000,415.7354622791011,6
2024-09-18 11:06:04.409000,415.7203079572923,98
2024-09-18 11:06:04.452000,415.7505226404047,1005
2024-09-18 11:06:04.526000,415.7747788740797,7
2024-09-18 11:06:04.541000,415.7742515808611,97
2024-09-18 11:06:05.030000,415.7098967045197,1005
2024-09-18 11:06:05.044000,415.7328394196263,1000
2024-09-18 11:06:05.082000,415.7724562454882,1004
2024-09-18 11:06:05.185000,415.7459353777422,1001
2024-09-18 11:06:05.338000,415.7543817230396,101
2024-09-18 11:06:05.431000,415.7072759767712,103
2024-09-18 11:06:05.562000,415.7109401984554,14
2024-09-18 11:06:05.613000,415.7796639602894,98
2024-09-18 11:06:05.626000,415.7519157197749,98
2024-09-18 11:06:05.634000,415.75777823471856,98
2024-09-18 11:06:05.656000,415.7653654377661,101
2024-09-18 11:06:05.668000,415.7471911676058,9
2024-09-18 11:06:05.719000,415.7089981875739,102
2024-09-18 11:06:05.816000,415.7342111442363,8
2024-09-18 11:06:05.963000,415.72701976869627,6
2024-09-18 11:06:06.129000,415.7045108463543,1002
2024-09-18 11:06:06.212000,415.6975792937426,98
2024-09-18 11:06:06.220000,415.693492725532,104
2024-09-18 11:06:06.243000,415.6770587215914,12
2024-09-18 11:06:06.272000,415.6950985414984,998
2024-09-18 11:06:06.284000,415.7294739265487,7
2024-09-18 11:06:06.290000,415.6945371287238,95
2024-09-18 11:06:06.385000,415.7123321186276,6
2024-09-18 11:06:06.395000,415.7079311879969,1003
2024-09-18 11:06:06.509000,415.6818025121604,995
2024-09-18 11:06:06.547000,415.671610408675,100
2024-09-18 11:06:06.572000,415.707290360809,95
2024-09-18 11:06:06.643000,415.7071379817477,996
2024-09-18 11:06:06.666000,415.6817016962909,100
2024-09-18 11:06:06.713000,415.7208946648495,100
2024-09-18 11:06:06.715000,415.6979341720918,14
2024-09-18 11:06:06.766000,415.6454308213373,99
2024-09-18 11:06:06.870000,415.6804174011533,1003
2024-09-18 11:06:06.878000,415.6624356779518,11
2024-09-18 11:06:06.941000,415.68633553109134,99
2024-09-18 11:06:06.941000,415.70300717173535,8
2024-09-18 11:06:07.117000,415.682004012866,104
2024-09-18 11:06:07.233000,415.6879680803693,1000
2024-09-18 11:06:07.301000,415.7002026374116,99
2024-09-18 11:06:07.412000,415.6707105894639,13
2024-09-18 11:06:07.429000,415.6914056470547,96
2024-09-18 11:06:07.509000,415.7090921301401,1002
2024-09-18 11:06:07.525000,415.6952998944749,1001
2024-09-18 11:06:07.580000,415.71726653527605,103
2024-09-18 11:06:07.669000,415.6999109256657,103
2024-09-18 11:06:07.753000,415.7083105870195,104
2024-09-18 11:06:07.776000,415.6720227787764,99
2024-09-18 11:06:07.846000,415.6812920355416,105
2024-09-18 11:06:07.907000,415.6946235373248,96
2024-09-18 11:06:07.908000,415.7023104030407,995
2024-09-18 11:06:08.046000,415.6955626814454,6
2024-09-18 11:06:08.130000,415.7234547340044,999
2024-09-18 11:06:08.137000,415.7088765391308,95
2024-09-18 11:06:08.192000,415.7090116258066,105
2024-09-18 11:06:08.202000,415.7211213771204,11
2024-09-18 11:06:08.213000,415.7282154021926,96
2024-09-18 11:06:08.255000,415.7272425496353,5
2024-09-18 11:06:08.298000,415.73837373902654,100
2024-09-18 11:06:08.300000,415.7429691332548,1001
2024-09-18 11:06:08.303000,415.7141444820265,1001
2024-09-18 11:06:08.348000,415.712752279838,1001
2024-09-18 11:06:08.387000,415.7246051725384,102
2024-09-18 11:06:08.512000,415.73872743464193,998
2024-09-18 11:06:08.541000,415.7320497466688,14
2024-09-18 11:06:08.543000,415.7272002301015,14
2024-09-18 11:06:08.669000,415.7369170027311,12
2024-09-18 11:06:08.729000,415.7146389345265,12
2024-09-18 11:06:08.824000,415.7489045788906,9
2024-09-18 11:06:08.834000,415.7114429905383,15
2024-09-18 11:06:08.843000,415.7164380644925,14
2024-09-18 11:06:08.879000,415.7340495865704,1002
2024-09-18 11:06:08.895000,415.7354990979954,1004
2024-09-18 11:06:08.896000,415.736957866454,8
2024-09-18 11:06:08.908000,415.7381514031442,105
2024-09-18 11:06:08.915000,415.7404324764178,995
2024-09-18 11:06:08.925000,415.74935512166815,13
2024-09-18 11:06:08.942000,415.7347060100676,97
2024-09-18 11:06:08.957000,415.7184920106004,1000
2024-09-18 11:06:08.959000,415.73244102605656,999
2024-09-18 11:06:09.157000,415.7552816483891,998
2024-09-18 11:06:09.189000,415.7187820287284,11
2024-09-18 11:06:09.260000,415.7265017201665,96
2024-09-18 11:06:09.388000,415.7127156628344,100
2024-09-18 11:06:09.389000,415.7325268698273,1002
2024-09-18 11:06:09.416000,415.7200343595764,10
2024-09-18 11:06:09.422000,415.74588755213705,996
2024-09-18 11:06:09.513000,415.7210985465584,996
2024-09-18 11:06:09.547000,415.7320013406184,1001
2024-09-18 11:06:09.552000,415.7272076254157,9
2024-09-18 11:06:09.591000,415.7212354806063,1003
2024-09-18 11:06:09.610000,415.7066858358276,15
2024-09-18 11:06:09.680000,415.7392728182633,997
2024-09-18 11:06:09.902000,415.7439432354523,11
2024-09-18 11:06:09.925000,415.744254458864,997
2024-09-18 11:06:09.943000,415.7265517511256,995
2024-09-18 11:06:10.030000,415.84176230588525,996
2024-09-18 11:06:10.069000,415.7553774159042,997
2024-09-18 11:06:10.200000,415.7463352588145,1000
2024-09-18 11:06:10.256000,415.7754648290213,15
2024-09-18 11:06:10.286000,415.7838019267751,100
2024-09-18 11:06:10.299000,415.83904110286,1000
2024-09-18 11:06:10.331000,415.74919275990834,6
2024-09-18 11:06:10.336000,415.7560862383117,101
2024-09-18 11:06:10.382000,415.7660593415199,12
2024-09-18 11:06:10.396000,415.8380444963665,12
2024-09-18 11:06:10.425000,415.7533154547448,12
2024-09-18 11:06:10.438000,415.8320519716858,8
2024-09-18 11:06:10.481000,415.7363006731106,11
2024-09-18 11:06:10.596000,415.8625274842998,5
2024-09-18 11:06:10.620000,415.7712688969748,996
2024-09-18 11:06:10.643000,415.7574444584968,996
2024-09-18 11:06:10.670000,415.78390152209664,8
2024-09-18 11:06:10.676000,415.8378397286862,98
2024-09-18 11:06:10.740000,415.76272191619904,100
2024-09-18 11:06:10.829000,415.7529827321195,13
2024-09-18 11:06:10.832000,415.84773347195375,95
2024-09-18 11:06:10.867000,415.745885374484,11
2024-09-18 11:06:10.898000,415.7597866433212,14
2024-09-18 11:06:10.919000,415.72822093239887,101
2024-09-18 11:06:10.973000,415.73527320264753,96
2024-09-18 11:06:11.049000,415.891131584357,7
2024-09-18 11:06:11.055000,415.8480274943307,1000
2024-09-18 11:06:11.059000,415.860392902612,1005
2024-09-18 11:06:11.061000,415.86413459874166,1002
2024-09-18 11:06:11.071000,415.8847029010957,1005
2024-09-18 11:06:11.106000,415.8284107313024,1000
2024-09-18 11:06:11.145000,415.8847289341023,96
2024-09-18 11:06:11.166000,415.81337937719394,13
2024-09-18 11:06:11.168000,415.89313016724464,95
2024-09-18 11:06:11.182000,415.86885999467313,6
2024-09-18 11:06:11.226000,415.8640033530553,100
2024-09-18 11:06:11.273000,415.8580905409759,13
2024-09-18 11:06:11.352000,415.9001148305727,1004
2024-09-18 11:06:11.354000,415.8392221454168,99
2024-09-18 11:06:11.448000,415.83870273921417,14
2024-09-18 11:06:11.457000,415.8326210555838,995
2024-09-18 11:06:11.497000,415.8730395716657,98
2024-09-18 11:06:11.615000,415.8663808414215,997
2024-09-18 11:06:11.618000,415.8641341210259,13
2024-09-18 11:06:11.628000,415.8551181990836,999
2024-09-18 11:06:11.647000,415.8932995592671,96
2024-09-18 11:06:11.751000,415.8457249401176,103
2024-09-18 11:06:11.789000,415.87832324787286,14
2024-09-18 11:06:11.875000,415.8386454172361,97
2024-09-18 11:06:11.892000,415.8581926415353,5
2024-09-18 11:06:12.068000,415.8204241450062,997
2024-09-18 11:06:12.100000,415.8340921232092,10
2024-09-18 11:06:12.193000,415.8256697665424,98
2024-09-18 11:06:12.261000,415.8152937605927,12
2024-09-18 11:06:12.446000,415.8132987312701,105
2024-09-18 11:06:12.497000,415.8381033522844,5
2024-09-18 11:06:12.599000,415.85051974374585,1000
2024-09-18 11:06:12.644000,415.802564126786,1000
2024-09-18 11:06:12.695000,415.7894744853925,998
2024-09-18 11:06:12.811000,415.788746259764,1004
2024-09-18 11:06:12.838000,415.795241043883,103
2024-09-18 11:06:12.886000,415.8214415074472,1003
2024-09-18 11:06:12.941000,415.82557106804353,100
2024-09-18 11:06:12.978000,415.7868275943354,98
2024-09-18 11:06:13.056000,415.843571136706,1005
2024-09-18 11:06:13.109000,415.8424577269393,96
2024-09-18 11:06:13.218000,415.7923203624987,1001
2024-09-18 11:06:13.281000,415.7970872543956,98
2024-09-18 11:06:13.374000,415.8138853543241,104
2024-09-18 11:06:13.658000,415.8554186634337,104
2024-09-18 11:06:13.866000,415.8395327258472,101
2024-09-18 11:06:13.884000,415.80897913768615,1002
2024-09-18 11:06:14.033000,415.9008741566795,101
2024-09-18 11:06:14.200000,415.8576290382768,8
2024-09-18 11:06:14.223000,415.8612202106034,1002
2024-09-18 11:06:14.242000,415.8952137355884,104
2024-09-18 11:06:14.282000,415.8963196900792,104
2024-09-18 11:06:14.315000,415.9165313828111,105
2024-09-18 11:06:14.354000,415.86288898796766,998
2024-09-18 11:06:14.531000,415.9118264228527,98
2024-09-18 11:06:14.563000,415.8694428525283,1005
2024-09-18 11:06:14.618000,415.8959477460973,1002
2024-09-18 11:06:14.619000,415.9039231967721,1002
2024-09-18 11:06:14.633000,415.8470231865186,14
2024-09-18 11:06:14.647000,415.90380835802176,105
2024-09-18 11:06:14.655000,415.8959860031399,11
2024-09-18 11:06:14.665000,415.86342985849,1003
2024-09-18 11:06:14.696000,415.8950907407371,1003
2024-09-18 11:06:14.697000,415.8873211526074,96
2024-09-18 11:06:14.790000,415.9247940434622,14
2024-09-18 11:06:14.829000,415.8617007696751,996
2024-09-18 11:06:14.841000,415.8984108562756,14
2024-09-18 11:06:14.965000,415.8488744447734,99
2024-09-18 11:06:15.014000,415.9653534883965,1004
2024-09-18 11:06:15.088000,415.9425343940477,95
2024-09-18 11:06:15.206000,415.9653369155441,15
2024-09-18 11:06:15.209000,415.9861968017004,999
2024-09-18 11:06:15.246000,415.94010579057806,5
2024-09-18 11:06:15.289000,415.9718896816937,13
2024-09-18 11:06:15.294000,415.9262934363548,1000
2024-09-18 11:06:15.351000,415.9250627092412,9
2024-09-18 11:06:15.417000,415.9255829007631,101
2024-09-18 11:06:15.423000,415.9334827450452,1000
2024-09-18 11:06:15.502000,415.9551030262264,10
2024-09-18 11:06:15.526000,415.9090816043526,104
2024-09-18 11:06:15.828000,415.9227610663072,11
2024-09-18 11:06:15.893000,415.9618655072764,8
2024-09-18 11:06:15.915000,415.9680683350358,995
2024-09-18 11:06:15.957000,415.9552584512716,98
2024-09-18 11:06:15.963000,415.9453649799335,103
2024-09-18 11:06:15.988000,415.9617225294467,102
2024-09-18 11:06:17.195000,415.9937892239578,10
2024-09-18 11:06:17.221000,415.9806128364179,99
2024-09-18 11:06:17.224000,415.9564228508453,103
2024-09-18 11:06:17.236000,415.9866788285432,5
2024-09-18 11:06:17.277000,415.9707764365084,105
2024-09-18 11:06:17.290000,415.9666364552954,13
2024-09-18 11:06:17.317000,415.9862689610058,998
2024-09-18 11:06:17.422000,415.96282158829536,1005
2024-09-18 11:06:17.459000,415.9578953595782,104
2024-09-18 11:06:17.486000,415.9682515512341,98
2024-09-18 11:06:17.531000,415.981960896591,99
2024-09-18 11:06:17.552000,415.9778654053109,1002
2024-09-18 11:06:17.660000,415.9699746428042,1004
2024-09-18 11:06:17.698000,415.9754728329043,100
2024-09-18 11:06:17.727000,415.96337232435656,100
2024-09-18 11:06:17.808000,415.9974775454921,13
2024-09-18 11:06:17.850000,415.991697567955,6
2024-09-18 11:06:17.861000,415.96638516232207,8
2024-09-18 11:06:17.878000,415.9697263994198,95
2024-09-18 11:06:17.893000,415.94140881833744,13
2024-09-18 11:06:17.906000,415.98220204233206,95
2024-09-18 11:06:17.914000,415.9890625643007,15
2024-09-18 11:06:17.942000,415.96499464679897,15
2024-09-18 11:06:17.973000,415.9707192981202,6
2024-09-18 11:06:17.977000,415.9957429689161,104
2024-09-18 11:06:17.984000,415.9489016241499,97
2024-09-18 11:06:17.991000,415.947778883719,99
2024-09-18 11:06:18.017000,415.9875358243828,8
2024-09-18 11:06:18.024000,415.967865780688,1005
2024-09-18 11:06:18.060000,415.9763172399024,97
2024-09-18 11:06:18.102000,415.9972024494744,11
2024-09-18 11:06:18.114000,415.9822384333735,102
2024-09-18 11:06:18.164000,415.9496005352688,99
2024-09-18 11:06:18.198000,416.0053852801104,995
2024-09-18 11:06:18.373000,415.9990307390828,102
2024-09-18 11:06:18.412000,416.0083291654954,99
2024-09-18 11:06:18.437000,415.99282248700473,5
2024-09-18 11:06:18.456000,415.9675282559013,12
2024-09-18 11:06:18.488000,415.9920059264067,1004
2024-09-18 11:06:18.592000,415.9683060247771,995
2024-09-18 11:06:18.634000,415.9725671445745,1003
2024-09-18 11:06:18.651000,415.999526087811,1004
2024-09-18 11:06:18.748000,416.0055157749025,102
2024-09-18 11:06:18.827000,415.98912815877816,105
2024-09-18 11:06:18.866000,415.97366952871255,6
2024-09-18 11:06:18.867000,415.9960760426475,11
2024-09-18 11:06:18.912000,415.9905675736753,102
2024-09-18 11:06:18.923000,416.0025656475511,99
2024-09-18 11:06:18.958000,415.9726318269542,999
2024-09-18 11:06:18.980000,416.0154868985754,999
2024-09-18 11:06:19.067000,415.9526124785651,100
2024-09-18 11:06:19.092000,415.9712768603808,1000
2024-09-18 11:06:19.118000,416.00015891735273,1005
2024-09-18 11:06:19.233000,415.9580379769377,15
2024-09-18 11:06:19.256000,415.9116496361033,995
2024-09-18 11:06:19.310000,415.98637531329007,103
2024-09-18 11:06:19.349000,415.9884771455275,995
2024-09-18 11:06:19.448000,415.9875820294346,1003
2024-09-18 11:06:19.449000,415.98950266724734,12
2024-09-18 11:06:19.454000,415.9993668350109,1001
2024-09-18 11:06:19.634000,415.93601598150406,104
2024-09-18 11:06:19.736000,415.9738421886875,999
2024-09-18 11:06:19.785000,415.9876000126888,1004
2024-09-18 11:06:19.844000,415.9719668110319,1002
2024-09-18 11:06:19.928000,415.9843226387137,998
2024-09-18 11:06:19.934000,416.01769086358047,998
2024-09-18 11:06:19.990000,415.9906817238732,996
2024-09-18 11:06:20.032000,415.893131794698,1002
2024-09-18 11:06:20.048000,415.8279200199311,103
2024-09-18 11:06:20.091000,415.9163596129468,8
2024-09-18 11:06:20.164000,415.9168641109344,996
2024-09-18 11:06:20.201000,415.8442097723949,15
2024-09-18 11:06:20.211000,415.89388345903177,105
2024-09-18 11:06:20.237000,415.8378200869962,102
2024-09-18 11:06:20.281000,415.928856310386,101
2024-09-18 11:06:20.308000,415.8743753120996,100
2024-09-18 11:06:20.313000,415.8811547982788,998
2024-09-18 11:06:20.318000,415.9325848510952,10
2024-09-18 11:06:20.428000,415.8590345371496,995
2024-09-18 11:06:20.437000,415.9220289597003,11
2024-09-18 11:06:20.485000,415.8533970507294,1003
2024-09-18 11:06:20.493000,415.84250636333365,8
2024-09-18 11:06:20.518000,415.8955593410598,97
2024-09-18 11:06:20.601000,415.9286730104472,1002
2024-09-18 11:06:20.684000,415.8361727243447,1001
2024-09-18 11:06:20.697000,415.84490934096624,102
2024-09-18 11:06:20.698000,415.9096537572025,997
2024-09-18 11:06:20.707000,415.9110876696457,997
2024-09-18 11:06:20.708000,415.9026561645008,105
2024-09-18 11:06:20.769000,415.9054950681521,101
2024-09-18 11:06:20.806000,415.9160190469099,101
2024-09-18 11:06:20.912000,415.83675454455255,9
2024-09-18 11:06:20.924000,415.8467395683819,97
2024-09-18 11:06:20.948000,415.9108334934382,10
2024-09-18 11:06:20.988000,415.8525384511372,97
2024-09-18 11:06:20.993000,415.8800604085909,103
2024-09-18 11:06:21.003000,415.8199217561525,13
2024-09-18 11:06:21.005000,415.7892709691088,6
2024-09-18 11:06:21.056000,415.8332467446596,12
2024-09-18 11:06:21.135000,415.8050327925594,1000
2024-09-18 11:06:21.137000,415.8274191936511,12
2024-09-18 11:06:21.200000,415.8406864543276,103
2024-09-18 11:06:21.220000,415.8018620917405,1003
2024-09-18 11:06:21.421000,415.8462303336125,100
2024-09-18 11:06:21.441000,415.8100388713036,101
2024-09-18 11:06:21.522000,415.8124017510142,98
2024-09-18 11:06:21.547000,415.832023392362,1000
2024-09-18 11:06:21.560000,415.8137130962178,15
2024-09-18 11:06:21.654000,415.8245077230202,11
2024-09-18 11:06:21.694000,415.82348109668175,15
2024-09-18 11:06:21.735000,415.8533080903848,999
2024-09-18 11:06:21.788000,415.8174458784574,14
2024-09-18 11:06:21.805000,415.80309595965855,5
2024-09-18 11:06:21.838000,415.79716670509833,102
2024-09-18 11:06:21.845000,415.8200319603548,103
2024-09-18 11:06:21.888000,415.81759716729766,997
2024-09-18 11:06:21.916000,415.809630972998,15
2024-09-18 11:06:21.945000,415.8552368323876,103
2024-09-18 11:06:21.948000,415.79772708011967,995
2024-09-18 11:06:22.053000,415.8060746552634,995
2024-09-18 11:06:22.129000,415.8089974751565,5
2024-09-18 11:06:22.219000,415.799457432902,5
2024-09-18 11:06:22.391000,415.7985485288589,1000
2024-09-18 11:06:23.343000,415.76670027871234,105
2024-09-18 11:06:23.679000,415.7815972079808,9
2024-09-18 11:06:23.802000,415.756582464856,103
2024-09-18 11:06:23.899000,415.7645469327213,9
2024-09-18 11:06:23.950000,415.76055768090856,6
2024-09-18 11:06:24.121000,415.778665440493,104
2024-09-18 11:06:24.128000,415.79801529368666,14
2024-09-18 11:06:24.186000,415.8018700308224,14
2024-09-18 11:06:24.219000,415.778135634864,998
2024-09-18 11:06:24.456000,415.8101351705026,995
2024-09-18 11:06:24.492000,415.7912923505679,105
2024-09-18 11:06:24.546000,415.78410232429553,1003
2024-09-18 11:06:24.684000,415.7984357927202,14
2024-09-18 11:06:24.724000,415.7666849974035,96
2024-09-18 11:06:24.865000,415.7992538463583,996
2024-09-18 11:06:24.940000,415.7813554323526,13
2024-09-18 11:06:25.339000,415.7654199595104,99
2024-09-18 11:06:25.594000,415.767780185374,12
2024-09-18 11:06:26.143000,415.7637494007437,99
2024-09-18 11:06:26.150000,415.7053741282086,105
2024-09-18 11:06:26.417000,415.7151378646312,98
2024-09-18 11:06:26.419000,415.69568467706586,11
2024-09-18 11:06:26.678000,415.69475757948607,12
2024-09-18 11:06:26.836000,415.7407610687936,5
2024-09-18 11:06:26.939000,415.7666323286012,98
2024-09-18 11:06:26.979000,415.7108411133775,1005
2024-09-18 11:06:27.452000,415.7202617837454,14
2024-09-18 11:06:27.521000,415.6917722998851,1004
2024-09-18 11:06:27.595000,415.70131044352365,5
2024-09-18 11:06:27.742000,415.7126688693945,99
2024-09-18 11:06:27.957000,415.722440807459,101
2024-09-18 11:06:28.081000,415.6692264099252,97
2024-09-18 11:06:28.158000,415.7045791640076,1000
2024-09-18 11:06:28.454000,415.6970426240203,97
2024-09-18 11:06:28.472000,415.619713830534,100
2024-09-18 11:06:28.581000,415.6963805252576,995
2024-09-18 11:06:28.584000,415.68708563513553,100
2024-09-18 11:06:28.593000,415.6499162157505,1003
2024-09-18 11:06:28.630000,415.6357786141081,104
2024-09-18 11:06:28.717000,415.6045003154526,102
2024-09-18 11:06:28.795000,415.6522139842559,102
2024-09-18 11:06:28.822000,415.6229793494202,6
2024-09-18 11:06:28.844000,415.64404425322886,1005
2024-09-18 11:06:28.952000,415.707519979606,1000
2024-09-18 11:06:29.005000,415.8595452426643,7
2024-09-18 11:06:29.028000,415.6402580459841,8
2024-09-18 11:06:29.171000,415.803332897085,1003
2024-09-18 11:06:29.174000,415.7765085590702,103
2024-09-18 11:06:29.202000,415.6942925743141,996
2024-09-18 11:06:29.242000,415.6471280578392,14
2024-09-18 11:06:29.264000,415.8101519458416,10
2024-09-18 11:06:29.284000,415.65896020771714,9
2024-09-18 11:06:29.319000,415.78635919232414,8
2024-09-18 11:06:29.369000,415.6338337102701,9
2024-09-18 11:06:29.422000,415.7890104117331,995
2024-09-18 11:06:29.575000,415.7543803122494,999
2024-09-18 11:06:29.581000,415.832075935488,1000
2024-09-18 11:06:29.598000,415.6232827631755,99
2024-09-18 11:06:29.674000,415.6777612824162,13
2024-09-18 11:06:29.787000,415.7465034892481,101
2024-09-18 11:06:29.875000,415.71076879782623,13
2024-09-18 11:06:30.033000,415.9365197715055,13
2024-09-18 11:06:30.208000,415.9206889185233,1001
2024-09-18 11:06:30.251000,415.89647428865175,1000
2024-09-18 11:06:30.265000,415.9202641638769,95
2024-09-18 11:06:30.344000,415.8787213312335,9
2024-09-18 11:06:30.429000,415.92561021603376,14
2024-09-18 11:06:30.466000,415.8935189638384,1001
2024-09-18 11:06:30.533000,415.89569822709205,997
2024-09-18 11:06:30.660000,415.8848045569891,1005
2024-09-18 11:06:30.697000,415.8982472319335,13
2024-09-18 11:06:30.766000,415.9234905421152,100
2024-09-18 11:06:30.864000,415.8942463685903,1002
2024-09-18 11:06:30.920000,415.9025023863916,98
2024-09-18 11:06:30.967000,415.8759947501419,105
2024-09-18 11:06:30.967000,415.8854075733903,9
2024-09-18 11:06:31.021000,415.9562741494972,1003
2024-09-18 11:06:31.069000,415.9012759698744,998
2024-09-18 11:06:31.076000,415.8794195533367,98
2024-09-18 11:06:31.116000,415.9361238894501,10
2024-09-18 11:06:31.128000,415.9396926161139,99
2024-09-18 11:06:31.131000,415.9741236311148,10
2024-09-18 11:06:31.192000,415.9581169689523,5
2024-09-18 11:06:31.287000,415.9570576500559,100
2024-09-18 11:06:31.293000,415.9412746817839,9
2024-09-18 11:06:31.306000,415.9224074005661,14
2024-09-18 11:06:31.400000,415.8906960120178,105
2024-09-18 11:06:31.473000,415.9112031725234,999
2024-09-18 11:06:31.617000,415.9677355443218,998
2024-09-18 11:06:31.721000,415.9232438596177,1004
2024-09-18 11:06:31.745000,415.9516853229951,5
2024-09-18 11:06:31.766000,415.9482320243059,998
2024-09-18 11:06:31.778000,415.90195254052526,1002
2024-09-18 11:06:31.784000,415.9322655411871,12
2024-09-18 11:06:31.815000,415.9418101252775,10
2024-09-18 11:06:31.831000,415.9378928157018,1005
2024-09-18 11:06:31.845000,415.8821987811535,6
2024-09-18 11:06:31.859000,415.9406701335461,13
2024-09-18 11:06:32.108000,415.899976088548,105
2024-09-18 11:06:32.123000,415.9000212417697,101
2024-09-18 11:06:32.329000,415.9072087284485,95
2024-09-18 11:06:32.365000,415.9092595099368,97
2024-09-18 11:06:32.391000,415.9015398292972,105
2024-09-18 11:06:32.445000,415.9059632664028,997
2024-09-18 11:06:32.446000,415.8980369042885,102
2024-09-18 11:06:32.487000,415.87236424019886,995
2024-09-18 11:06:32.711000,415.90352785406697,997
2024-09-18 11:06:32.770000,415.9148071715401,9
2024-09-18 11:06:32.905000,415.9109231075654,8
2024-09-18 11:06:32.990000,415.914353327496,996
2024-09-18 11:06:34.213000,415.9080241843893,15
2024-09-18 11:06:34.489000,415.9316449488153,97
2024-09-18 11:06:34.685000,415.92539672114674,1003
2024-09-18 11:06:34.713000,415.8881800215547,11
2024-09-18 11:06:35.084000,415.85685398767566,5
2024-09-18 11:06:35.126000,415.8726264320775,100
2024-09-18 11:06:35.344000,415.86947155915584,5
2024-09-18 11:06:35.380000,415.8689884140171,8
2024-09-18 11:06:35.405000,415.8947432578868,9
2024-09-18 11:06:35.707000,415.8722712672584,12
2024-09-18 11:06:35.759000,415.8984961220734,15
2024-09-18 11:06:35.770000,415.8957213552096,11
2024-09-18 11:06:35.791000,415.86780103073113,102
2024-09-18 11:06:35.827000,415.8507695638728,101
2024-09-18 11:06:35.869000,415.86333176317817,11
2024-09-18 11:06:35.962000,415.8617714772687,105
2024-09-18 11:06:36.006000,415.89472085815817,98
2024-09-18 11:06:36.067000,415.8712783013457,95
2024-09-18 11:06:36.141000,415.9075122019864,1005
2024-09-18 11:06:36.199000,415.8791296710844,97
2024-09-18 11:06:36.227000,415.86899570074206,9
2024-09-18 11:06:36.283000,415.87585169016864,98
2024-09-18 11:06:36.392000,415.85797050106265,101
2024-09-18 11:06:36.507000,415.8817079269221,11
2024-09-18 11:06:36.580000,415.8955116607977,1002
2024-09-18 11:06:36.620000,415.86151369607455,996
2024-09-18 11:06:36.637000,415.8775264827785,9
2024-09-18 11:06:36.756000,415.89136106866863,98
2024-09-18 11:06:36.818000,415.8781363345144,99
2024-09-18 11:06:36.837000,415.90492566035886,102
2024-09-18 11:06:36.887000,415.88058650290026,96
2024-09-18 11:06:36.946000,415.8935628064113,104
2024-09-18 11:06:37.137000,415.9060602408755,100
2024-09-18 11:06:37.146000,415.9286941871808,103
2024-09-18 11:06:37.180000,415.980659356561,15
2024-09-18 11:06:37.242000,415.9968368380806,10
2024-09-18 11:06:37.297000,415.97108551874703,100
2024-09-18 11:06:37.321000,415.9451280421398,995
2024-09-18 11:06:37.322000,415.9309672338314,6
2024-09-18 11:06:37.356000,415.9282131781529,104
2024-09-18 11:06:37.489000,415.9746830301737,1004
2024-09-18 11:06:37.511000,415.9844808442355,7
2024-09-18 11:06:37.555000,415.9363150713176,5
2024-09-18 11:06:37.561000,415.9878989364,97
2024-09-18 11:06:37.561000,415.8829837817419,99
2024-09-18 11:06:37.642000,415.92845720153406,96
2024-09-18 11:06:37.695000,415.9982474187238,95
2024-09-18 11:06:37.715000,415.9975094034172,105
2024-09-18 11:06:37.758000,415.9669925272179,11
2024-09-18 11:06:37.759000,415.9444702880755,996
2024-09-18 11:06:37.766000,415.9849460560844,1003
2024-09-18 11:06:37.782000,415.9750887920426,103
2024-09-18 11:06:37.791000,415.9838522844675,104
2024-09-18 11:06:37.884000,415.9354738539442,1004
2024-09-18 11:06:37.887000,416.00130568463,998
2024-09-18 11:06:37.971000,415.9221869586933,99
2024-09-18 11:06:38.059000,416.01364192310297,100
2024-09-18 11:06:38.076000,415.9988766818563,997
2024-09-18 11:06:38.213000,416.0057951816146,6
2024-09-18 11:06:38.425000,416.0151760758194,102
2024-09-18 11:06:38.456000,416.0401746282535,1005
2024-09-18 11:06:38.475000,416.0114033460245,12
2024-09-18 11:06:38.576000,416.0069239173049,99
2024-09-18 11:06:38.616000,416.0054738176862,98
2024-09-18 11:06:38.810000,415.9908795625081,995
2024-09-18 11:06:38.995000,416.00968937012414,995
2024-09-18 11:06:39.151000,416.0542141698567,13
2024-09-18 11:06:39.179000,416.03932957152375,15
2024-09-18 11:06:39.192000,416.0415088456968,101
2024-09-18 11:06:39.215000,416.04988584469135,1005
2024-09-18 11:06:39.243000,416.03821453502695,1004
2024-09-18 11:06:39.339000,416.0397298666669,9
2024-09-18 11:06:39.341000,416.0411140579037,1003
2024-09-18 11:06:39.370000,416.0384293818251,1002
2024-09-18 11:06:39.394000,416.0394890611773,1002
2024-09-18 11:06:39.745000,416.0099525745313,1004
2024-09-18 11:06:39.876000,416.0324765839701,8
2024-09-18 11:06:39.934000,416.030042166169,996
2024-09-18 11:06:40.040000,416.04046542431934,97
2024-09-18 11:06:40.090000,416.05378590241,9
2024-09-18 11:06:40.194000,416.0365102630107,5
2024-09-18 11:06:40.250000,416.0574459188322,104
2024-09-18 11:06:40.282000,416.019175705339,995
2024-09-18 11:06:40.626000,416.0436845173566,13
2024-09-18 11:06:40.801000,416.018344495114,1005
2024-09-18 11:06:40.964000,416.0344567801497,5
2024-09-18 11:06:41.221000,416.0460564626848,100
2024-09-18 11:06:41.568000,415.99725646476026,997
2024-09-18 11:06:41.605000,416.0183358976271,97
2024-09-18 11:06:41.674000,416.015857585704,15
2024-09-18 11:06:41.899000,416.02337045252654,1005
2024-09-18 11:06:42.095000,416.021884376743,8
2024-09-18 11:06:42.328000,416.031016361192,15
2024-09-18 11:06:42.437000,415.9884803214534,1005
2024-09-18 11:06:42.720000,416.0281207226217,10
2024-09-18 11:06:42.949000,416.0297228866762,104
2024-09-18 11:06:43.161000,415.95642173574873,15
2024-09-18 11:06:43.178000,415.9781018573344,105
2024-09-18 11:06:43.213000,415.9815235308917,6
2024-09-18 11:06:43.292000,416.02255792768136,100
2024-09-18 11:06:43.295000,416.07507833101727,7
2024-09-18 11:06:43.304000,416.0624745614505,1003
2024-09-18 11:06:43.340000,416.0398423519104,104
2024-09-18 11:06:43.377000,416.04507425888977,97
2024-09-18 11:06:43.381000,415.9650920799596,1004
2024-09-18 11:06:43.383000,416.04708517512194,102
2024-09-18 11:06:43.471000,416.0003942628282,9
2024-09-18 11:06:43.545000,415.9855501044448,1005
2024-09-18 11:06:43.584000,416.0348140455569,10
2024-09-18 11:06:43.693000,416.0348433225624,13
2024-09-18 11:06:43.713000,415.9942523195109,1002
2024-09-18 11:06:43.753000,416.00277234500777,14
2024-09-18 11:06:43.809000,416.0739925473019,1004
2024-09-18 11:06:43.814000,416.07550359641664,1003
2024-09-18 11:06:43.840000,416.0505000122,12
2024-09-18 11:06:43.842000,415.9844478603097,10
2024-09-18 11:06:43.890000,415.9927164189171,997
2024-09-18 11:06:43.927000,416.0662504242241,1004
2024-09-18 11:06:43.993000,415.9806997595471,1000
2024-09-18 11:06:43.994000,416.0592696295649,1002
2024-09-18 11:06:44.009000,415.9147468793864,101
2024-09-18 11:06:44.016000,415.9562829858141,1005
2024-09-18 11:06:44.069000,415.9797288453199,1004
2024-09-18 11:06:44.072000,415.9474118815474,998
2024-09-18 11:06:44.113000,415.9437636405052,101
2024-09-18 11:06:44.136000,415.9365964497711,1001
2024-09-18 11:06:44.143000,415.8885725363484,7
2024-09-18 11:06:44.169000,415.9477220540296,996
2024-09-18 11:06:44.220000,415.97470522223904,9
2024-09-18 11:06:44.250000,415.9386869603361,104
2024-09-18 11:06:44.303000,415.9456410035497,95
2024-09-18 11:06:44.322000,415.9473884218568,1005
2024-09-18 11:06:44.398000,415.9647289128518,103
2024-09-18 11:06:44.514000,415.95017455140834,101
2024-09-18 11:06:44.530000,415.9672585744853,6
2024-09-18 11:06:44.556000,415.9052696387921,101
2024-09-18 11:06:44.573000,415.9864515079983,101
2024-09-18 11:06:44.581000,415.9545661961069,13
2024-09-18 11:06:44.582000,415.9789101648593,14
2024-09-18 11:06:44.661000,415.97619850939446,105
2024-09-18 11:06:44.721000,416.004147878321,99
2024-09-18 11:06:44.726000,415.89235994146696,105
2024-09-18 11:06:44.764000,415.9356379638549,997
2024-09-18 11:06:44.870000,415.93560492779466,104
2024-09-18 11:06:44.910000,415.9427018227867,8
2024-09-18 11:06:44.936000,415.9445692296468,997
2024-09-18 11:06:44.942000,415.9690743336316,997
2024-09-18 11:06:44.991000,415.9731345942412,1004
2024-09-18 11:06:45.484000,415.86341728599416,15
2024-09-18 11:06:45.646000,415.9093737768002,999
2024-09-18 11:06:45.814000,415.91571985451,97
2024-09-18 11:06:45.836000,415.90124251831065,14
2024-09-18 11:06:46.005000,415.8396535788073,9
2024-09-18 11:06:46.018000,415.8131920231218,7
2024-09-18 11:06:46.083000,415.78501456373033,13
2024-09-18 11:06:46.110000,415.8773001416838,95
2024-09-18 11:06:46.128000,415.8448535290266,995
2024-09-18 11:06:46.192000,415.85927532326,105
2024-09-18 11:06:46.229000,415.7829729899853,1003
2024-09-18 11:06:46.275000,415.838889623627,96
2024-09-18 11:06:46.297000,415.8809708220334,97
2024-09-18 11:06:46.339000,415.85222833887366,10
2024-09-18 11:06:46.359000,415.8662657760093,102
2024-09-18 11:06:46.368000,415.84843799446327,96
2024-09-18 11:06:46.368000,415.8843885575917,98
2024-09-18 11:06:46.465000,415.86358587856176,1004
2024-09-18 11:06:46.531000,415.8253123335969,996
2024-09-18 11:06:46.545000,415.8259009617048,1005
2024-09-18 11:06:46.640000,415.84937391029473,996
2024-09-18 11:06:46.760000,415.8786059379776,995
2024-09-18 11:06:46.803000,415.86269143137474,7
2024-09-18 11:06:46.835000,415.838192361175,1005
2024-09-18 11:06:46.842000,415.80468801978986,1004
2024-09-18 11:06:46.891000,415.7942570313072,6
2024-09-18 11:06:46.908000,415.84738958605465,5
2024-09-18 11:06:46.995000,415.858230926704,96
2024-09-18 11:06:47.088000,415.80149788319966,1003
2024-09-18 11:06:47.092000,415.82034896831135,1002
2024-09-18 11:06:47.113000,415.8160281482904,998
2024-09-18 11:06:47.117000,415.8253558323663,1002
2024-09-18 11:06:47.212000,415.815683371968,1002
2024-09-18 11:06:47.256000,415.8578205530837,98
2024-09-18 11:06:47.281000,415.80844629530776,8
2024-09-18 11:06:47.404000,415.8438264117382,99
2024-09-18 11:06:47.471000,415.8183732126947,102
2024-09-18 11:06:47.572000,415.7936074301364,103
2024-09-18 11:06:47.574000,415.8296474143228,105
2024-09-18 11:06:47.612000,415.8166729351104,1005
2024-09-18 11:06:47.691000,415.822389214389,1005
2024-09-18 11:06:47.694000,415.82290920662655,1004
2024-09-18 11:06:47.725000,415.8213164862583,98
2024-09-18 11:06:47.764000,415.8728796717378,98
2024-09-18 11:06:47.856000,415.7893094199884,1000
2024-09-18 11:06:47.948000,415.8173084897026,996
2024-09-18 11:06:47.969000,415.8167852320906,1001
2024-09-18 11:06:47.978000,415.8471190021789,999
2024-09-18 11:06:48.088000,415.8350996438392,11
2024-09-18 11:06:48.119000,415.8731877758419,1003
2024-09-18 11:06:48.131000,415.85818686631495,999
2024-09-18 11:06:48.144000,415.84907470167786,999
2024-09-18 11:06:48.511000,415.8737488891076,1004
2024-09-18 11:06:48.611000,415.81411150729775,999
2024-09-18 11:06:48.611000,415.88543496888906,1001
2024-09-18 11:06:48.656000,415.8280737276082,96
2024-09-18 11:06:48.717000,415.8245575766437,12
2024-09-18 11:06:48.791000,415.8700083799757,998
2024-09-18 11:06:48.804000,415.8355330121773,995
2024-09-18 11:06:48.830000,415.83345704767015,995
2024-09-18 11:06:49.087000,415.7668178774124,96
2024-09-18 11:06:49.136000,415.76864549711416,6
2024-09-18 11:06:49.162000,415.7455207676642,99
2024-09-18 11:06:49.282000,415.7576678423332,15
2024-09-18 11:06:49.336000,415.7515493998163,1004
2024-09-18 11:06:49.633000,415.7631515142422,101
2024-09-18 11:06:49.717000,415.77961769391584,1000
2024-09-18 11:06:49.758000,415.7414871344952,1001
2024-09-18 11:06:49.812000,415.7565909468044,12
2024-09-18 11:06:49.894000,415.7904747904644,15
2024-09-18 11:06:49.908000,415.805179764043,995
2024-09-18 11:06:49.941000,415.7762578385336,14
2024-09-18 11:06:50.176000,415.7401286439122,103
2024-09-18 11:06:50.407000,415.7381854719225,7
2024-09-18 11:06:50.952000,415.7657665378376,11
2024-09-18 11:06:51.686000,415.71844432927855,98
2024-09-18 11:06:52.487000,415.7213312598667,997
2024-09-18 11:06:53.085000,415.7643981882291,995
2024-09-18 11:06:53.095000,415.7440891854685,7
2024-09-18 11:06:53.124000,415.74933130164106,99
2024-09-18 11:06:53.194000,415.7259422312424,996
2024-09-18 11:06:53.239000,415.7459424697676,15
2024-09-18 11:06:53.254000,415.7565712086685,13
2024-09-18 11:06:53.255000,415.7335821047532,996
2024-09-18 11:06:53.259000,415.7686183629392,11
2024-09-18 11:06:53.284000,415.7203612996566,103
2024-09-18 11:06:53.297000,415.7272252836676,102
2024-09-18 11:06:53.368000,415.732579624953,12
2024-09-18 11:06:53.469000,415.7263985474969,7
2024-09-18 11:06:53.512000,415.74227176615807,1004
2024-09-18 11:06:53.589000,415.758895698459,11
2024-09-18 11:06:53.643000,415.7182478770659,1001
2024-09-18 11:06:53.689000,415.7502611494584,104
2024-09-18 11:06:53.700000,415.7173275496799,99
2024-09-18 11:06:53.762000,415.7564716366397,102
2024-09-18 11:06:53.795000,415.7592226671345,996
2024-09-18 11:06:53.819000,415.7236918539298,996
2024-09-18 11:06:53.829000,415.7375279698496,9
2024-09-18 11:06:53.849000,415.7767688991861,98
2024-09-18 11:06:53.860000,415.7191578718011,1001
2024-09-18 11:06:53.915000,415.76829806537046,103
2024-09-18 11:06:53.918000,415.73547110845504,105
2024-09-18 11:06:53.922000,415.73204800487775,14
2024-09-18 11:06:53.926000,415.7465447960028,10
2024-09-18 11:06:53.967000,415.7727916231351,10
2024-09-18 11:06:54.003000,415.83480529146783,11
2024-09-18 11:06:54.069000,415.8098964549441,1002
2024-09-18 11:06:54.169000,415.8363579244116,95
2024-09-18 11:06:54.186000,415.80631549311846,10
2024-09-18 11:06:54.226000,415.8132217557766,97
2024-09-18 11:06:54.262000,415.8157277923745,9
2024-09-18 11:06:54.383000,415.8114358467476,1004
2024-09-18 11:06:54.410000,415.7950740991976,97
2024-09-18 11:06:54.413000,415.8258686476513,96
2024-09-18 11:06:54.428000,415.78572543925,101
2024-09-18 11:06:54.573000,415.8106069748262,1002
2024-09-18 11:06:54.619000,415.80802451749736,11
2024-09-18 11:06:54.623000,415.81688472226335,1005
2024-09-18 11:06:54.734000,415.7571568318892,9
2024-09-18 11:06:54.738000,415.8174692338432,103
2024-09-18 11:06:54.743000,415.7869869091875,13
2024-09-18 11:06:54.768000,415.7946263178433,98
2024-09-18 11:06:54.773000,415.8228228730904,99
2024-09-18 11:06:54.839000,415.8028576031223,96
2024-09-18 11:06:54.871000,415.8233253173581,1004
2024-09-18 11:06:54.900000,415.8154667750026,999
2024-09-18 11:06:54.902000,415.7884587652728,10
2024-09-18 11:06:54.905000,415.8257167771556,11
2024-09-18 11:06:54.916000,415.8092337195124,103
2024-09-18 11:06:54.923000,415.8209879839056,9
2024-09-18 11:06:54.973000,415.7413448467218,103
2024-09-18 11:06:54.979000,415.8008136520816,13
2024-09-18 11:06:55.001000,415.7995100577719,99
2024-09-18 11:06:55.018000,415.8413762856461,996
2024-09-18 11:06:55.119000,415.8332889614811,997
2024-09-18 11:06:55.137000,415.8149268396809,13
2024-09-18 11:06:55.209000,415.85335269897234,1000
2024-09-18 11:06:55.222000,415.8134416010394,6
2024-09-18 11:06:55.233000,415.8485571368606,997
2024-09-18 11:06:55.302000,415.82275515786495,95
2024-09-18 11:06:55.597000,415.81119831371217,1004
2024-09-18 11:06:55.728000,415.8706489004084,14
2024-09-18 11:06:55.785000,415.8025562722812,1003
2024-09-18 11:06:55.798000,415.83713884173176,15
2024-09-18 11:06:55.818000,415.8435834403417,1002
2024-09-18 11:06:55.955000,415.8141899688106,96
2024-09-18 11:06:55.967000,415.7978401292126,7
2024-09-18 11:06:55.968000,415.8659593289611,1004
2024-09-18 11:06:56.152000,415.8375250269815,10
2024-09-18 11:06:56.222000,415.86550632142695,13
2024-09-18 11:06:56.243000,415.89281748752165,1003
2024-09-18 11:06:56.335000,415.870850347906,14
2024-09-18 11:06:56.566000,415.8702001015811,1000
2024-09-18 11:06:56.763000,415.8748164219243,1005
2024-09-18 11:06:56.852000,415.8677144686276,102
2024-09-18 11:06:56.856000,415.8815009331624,997
2024-09-18 11:06:56.861000,415.8516256023485,996
2024-09-18 11:06:57.002000,415.80968141971607,13
2024-09-18 11:06:57.025000,415.7999609405034,12
2024-09-18 11:06:57.187000,415.8006956954337,1000
2024-09-18 11:06:57.229000,415.8111320886596,998
2024-09-18 11:06:57.261000,415.8056767817798,10
2024-09-18 11:06:57.381000,415.8061666644298,11
2024-09-18 11:06:57.404000,415.8146930943535,96
2024-09-18 11:06:57.483000,415.8154605924014,997
2024-09-18 11:06:57.518000,415.8250497696203,997
2024-09-18 11:06:57.541000,415.816002743702,100
2024-09-18 11:06:57.620000,415.8373688290311,6
2024-09-18 11:06:57.894000,415.8271753429361,100
2024-09-18 11:06:57.932000,415.8112330357137,98
2024-09-18 11:06:58.018000,415.8689394194892,96
2024-09-18 11:06:58.033000,415.88310386687454,9
2024-09-18 11:06:58.183000,415.8143803737138,105
2024-09-18 11:06:58.372000,415.82560504962464,8
2024-09-18 11:06:58.376000,415.8555671529701,1002
2024-09-18 11:06:58.452000,415.8410671864613,15
2024-09-18 11:06:58.515000,415.82643724303296,995
2024-09-18 11:06:58.646000,415.83003437030527,8
2024-09-18 11:06:58.646000,415.8380576586667,1005
2024-09-18 11:06:58.751000,415.8677618796166,9
2024-09-18 11:06:58.761000,415.8538780360994,1000
2024-09-18 11:06:58.794000,415.8437713464465,95
2024-09-18 11:06:58.807000,415.8539986693647,97
2024-09-18 11:06:58.814000,415.8638614031567,1000
2024-09-18 11:06:58.818000,415.8558051373666,5
2024-09-18 11:06:58.826000,415.81679382047815,9
2024-09-18 11:06:58.899000,415.8358863014676,1002
2024-09-18 11:06:58.913000,415.8192621482615,11
2024-09-18 11:06:59.008000,415.809706643086,101
2024-09-18 11:06:59.053000,415.8083460568368,95
2024-09-18 11:06:59.061000,415.8087295780147,9
2024-09-18 11:06:59.100000,415.80185240738814,996
2024-09-18 11:06:59.150000,415.76316882146966,998
2024-09-18 11:06:59.317000,415.7788590439263,102
2024-09-18 11:06:59.440000,415.8180402054887,9
2024-09-18 11:06:59.476000,415.8079877408706,105
2024-09-18 11:06:59.542000,415.7744858269314,11
2024-09-18 11:06:59.630000,415.7875372612428,105
2024-09-18 11:06:59.648000,415.8090522305654,1005
2024-09-18 11:06:59.739000,415.7623976594738,97
2024-09-18 11:06:59.798000,415.7884124636203,13
2024-09-18 11:06:59.816000,415.79876774337424,104
2024-09-18 11:06:59.980000,415.81186229220896,1004
