Timestamp,Price,Size
2024-09-18 15:14:00.064000,415.4368035082985,1002
2024-09-18 15:14:00.102000,415.4747436761144,1002
2024-09-18 15:14:00.302000,415.4677026805451,998
2024-09-18 15:14:00.596000,415.4511253109917,6
2024-09-18 15:14:00.811000,415.44412451103216,12
2024-09-18 15:14:00.975000,415.4454750544279,9
2024-09-18 15:14:01.106000,415.4751911934546,6
2024-09-18 15:14:01.136000,415.4645833432209,14
2024-09-18 15:14:01.251000,415.46816663225496,6
2024-09-18 15:14:01.387000,415.45941695834847,1004
2024-09-18 15:14:01.497000,415.4915759136484,1004
2024-09-18 15:14:01.625000,415.440185485124,13
2024-09-18 15:14:01.655000,415.44654114772567,100
2024-09-18 15:14:01.666000,415.4638650047688,99
2024-09-18 15:14:01.710000,415.4807157769232,14
2024-09-18 15:14:01.894000,415.4786910234495,999
2024-09-18 15:14:01.898000,415.42828277439065,95
2024-09-18 15:14:01.948000,415.45348586569713,98
2024-09-18 15:14:02.455000,415.4542222074456,98
2024-09-18 15:14:02.507000,415.4558569097011,6
2024-09-18 15:14:02.565000,415.4422067398892,10
2024-09-18 15:14:02.572000,415.44584097431056,97
2024-09-18 15:14:02.581000,415.4593793592282,995
2024-09-18 15:14:02.589000,415.4411694338042,11
2024-09-18 15:14:02.708000,415.46033483424907,13
2024-09-18 15:14:03.025000,415.3931623254472,102
2024-09-18 15:14:03.037000,415.368167652782,998
2024-09-18 15:14:03.141000,415.368381732752,1001
2024-09-18 15:14:03.145000,415.3770913815628,996
2024-09-18 15:14:03.170000,415.40318406271206,14
2024-09-18 15:14:03.177000,415.4285328903932,997
2024-09-18 15:14:03.228000,415.3597866967024,99
2024-09-18 15:14:03.321000,415.3895860027571,101
2024-09-18 15:14:03.339000,415.3796456671529,995
2024-09-18 15:14:03.351000,415.3807682508155,105
2024-09-18 15:14:03.365000,415.3818332918726,1000
2024-09-18 15:14:03.373000,415.3697385368309,1002
2024-09-18 15:14:03.417000,415.4032356598993,1001
2024-09-18 15:14:03.476000,415.4048646348808,8
2024-09-18 15:14:03.512000,415.4046545306595,998
2024-09-18 15:14:03.539000,415.452817856385,1005
2024-09-18 15:14:03.572000,415.3890144106738,1003
2024-09-18 15:14:03.609000,415.34832950817054,5
2024-09-18 15:14:03.614000,415.3632321161329,996
2024-09-18 15:14:03.632000,415.3491233569655,101
2024-09-18 15:14:03.758000,415.3680512470317,995
2024-09-18 15:14:03.801000,415.37079126571086,96
2024-09-18 15:14:03.910000,415.3653957256635,102
2024-09-18 15:14:03.983000,415.4099573091577,98
2024-09-18 15:14:03.987000,415.3884970063688,1000
2024-09-18 15:14:04.045000,415.3887015543913,101
2024-09-18 15:14:04.088000,415.38711874165074,9
2024-09-18 15:14:04.130000,415.3696189107434,1001
2024-09-18 15:14:04.221000,415.3712049203546,11
2024-09-18 15:14:04.340000,415.3577575566541,998
2024-09-18 15:14:04.574000,415.3809773579261,8
2024-09-18 15:14:04.595000,415.38784341667554,15
2024-09-18 15:14:04.631000,415.374403250372,5
2024-09-18 15:14:04.666000,415.3654434880975,14
2024-09-18 15:14:04.680000,415.3603704511138,1003
2024-09-18 15:14:04.954000,415.36258007391575,7
2024-09-18 15:14:06.081000,415.359342298865,101
2024-09-18 15:14:06.112000,415.3358789615856,99
2024-09-18 15:14:06.190000,415.3829797673816,97
2024-09-18 15:14:06.229000,415.3903331154951,1004
2024-09-18 15:14:06.304000,415.339892781374,15
2024-09-18 15:14:06.336000,415.3818885942385,995
2024-09-18 15:14:06.384000,415.376060748226,105
2024-09-18 15:14:06.385000,415.3759114316708,1002
2024-09-18 15:14:06.390000,415.3476475760551,12
2024-09-18 15:14:06.426000,415.3671590480849,1005
2024-09-18 15:14:06.478000,415.3598182963145,100
2024-09-18 15:14:06.489000,415.3814441597145,5
2024-09-18 15:14:06.610000,415.37000079127824,101
2024-09-18 15:14:06.628000,415.35971791084586,95
2024-09-18 15:14:06.662000,415.3700664829475,11
2024-09-18 15:14:06.693000,415.3770195685232,98
2024-09-18 15:14:06.755000,415.36015901553424,102
2024-09-18 15:14:06.812000,415.3821766714293,98
2024-09-18 15:14:06.817000,415.3254252647266,995
2024-09-18 15:14:06.824000,415.3665041701413,8
2024-09-18 15:14:06.840000,415.3453621264531,997
2024-09-18 15:14:06.857000,415.360319624532,999
2024-09-18 15:14:06.893000,415.3696537903494,1004
2024-09-18 15:14:06.902000,415.3704450423024,1004
2024-09-18 15:14:06.955000,415.3758175475641,100
2024-09-18 15:14:06.965000,415.38445701460114,96
2024-09-18 15:14:06.972000,415.3662683286551,1002
2024-09-18 15:14:06.974000,415.3675033629148,995
2024-09-18 15:14:07.004000,410.1608830330336,6
2024-09-18 15:14:07.019000,415.3855352175946,1003
2024-09-18 15:14:07.118000,415.3804625139924,1004
2024-09-18 15:14:07.138000,415.3747146072769,96
2024-09-18 15:14:07.164000,415.3780831458604,996
2024-09-18 15:14:07.185000,415.38615196481067,1003
2024-09-18 15:14:07.289000,415.3839720691961,11
2024-09-18 15:14:07.375000,415.3900306125712,102
2024-09-18 15:14:07.381000,415.399767291921,6
2024-09-18 15:14:07.580000,415.3821750854873,8
2024-09-18 15:14:07.819000,415.3639685018971,1000
2024-09-18 15:14:07.847000,415.3940221148865,999
2024-09-18 15:14:07.850000,415.3765084846835,1004
2024-09-18 15:14:07.910000,415.394881240038,103
2024-09-18 15:14:07.981000,415.3704669378972,95
2024-09-18 15:14:07.992000,415.3857363878349,100
2024-09-18 15:14:08.016000,415.39181953476617,9
2024-09-18 15:14:08.094000,415.3450578437872,14
2024-09-18 15:14:08.103000,415.3744995154594,97
2024-09-18 15:14:08.198000,415.3242859872858,1005
2024-09-18 15:14:08.224000,415.3263683771426,6
2024-09-18 15:14:08.348000,415.3454396206715,14
2024-09-18 15:14:08.348000,415.3870635648034,9
2024-09-18 15:14:08.356000,415.3817586466905,99
2024-09-18 15:14:08.366000,415.3912309984993,9
2024-09-18 15:14:08.388000,415.3852958641426,999
2024-09-18 15:14:08.462000,415.3603588134086,5
2024-09-18 15:14:08.477000,415.3349502445472,10
2024-09-18 15:14:08.488000,415.3438222653015,6
2024-09-18 15:14:08.753000,415.3802200546827,97
2024-09-18 15:14:08.856000,415.3948478886318,11
2024-09-18 15:14:08.973000,415.3779762776237,7
2024-09-18 15:14:08.984000,415.35095430158106,999
2024-09-18 15:14:09.143000,415.3213789717106,97
2024-09-18 15:14:09.240000,415.33056439779614,10
2024-09-18 15:14:09.262000,415.2994588723466,6
2024-09-18 15:14:09.267000,415.3378371323292,105
2024-09-18 15:14:09.327000,415.30280352848297,11
2024-09-18 15:14:09.470000,415.3073370673093,7
2024-09-18 15:14:09.480000,415.3054441432624,105
2024-09-18 15:14:09.485000,415.3256493677106,5
2024-09-18 15:14:09.487000,415.3051520511431,103
2024-09-18 15:14:09.496000,415.3073067637731,11
2024-09-18 15:14:09.507000,415.3190814206793,1000
2024-09-18 15:14:09.510000,415.3098751022148,104
2024-09-18 15:14:09.528000,415.33426752220976,97
2024-09-18 15:14:09.550000,415.3157059357728,1001
2024-09-18 15:14:09.562000,415.31405005647,1001
2024-09-18 15:14:09.606000,415.3102922123245,101
2024-09-18 15:14:09.613000,415.3445062853135,1003
2024-09-18 15:14:09.686000,415.3127211121419,996
2024-09-18 15:14:09.745000,415.3022779958176,11
2024-09-18 15:14:09.765000,415.3472413733417,97
2024-09-18 15:14:09.784000,415.32673576231576,97
2024-09-18 15:14:09.850000,415.3120266259008,100
2024-09-18 15:14:09.867000,415.32723878975344,1002
2024-09-18 15:14:09.922000,415.2930147832194,7
2024-09-18 15:14:09.935000,415.3185917846817,1004
2024-09-18 15:14:10,415.2739239769776,7
2024-09-18 15:14:10.182000,415.26128469594056,1005
2024-09-18 15:14:10.209000,415.27594402481367,1000
2024-09-18 15:14:10.250000,415.3016535927139,9
2024-09-18 15:14:10.459000,415.3116932731364,103
2024-09-18 15:14:10.472000,415.2698506822274,997
2024-09-18 15:14:10.477000,415.27900141633165,99
2024-09-18 15:14:10.478000,415.3108898441992,104
2024-09-18 15:14:10.561000,415.2785449988564,1003
2024-09-18 15:14:10.592000,415.275610994423,1005
2024-09-18 15:14:10.632000,415.2598956180488,98
2024-09-18 15:14:10.635000,415.2861427782608,9
2024-09-18 15:14:10.721000,415.2802766128149,999
2024-09-18 15:14:10.810000,415.3011422126566,998
2024-09-18 15:14:10.869000,415.30157005582873,102
2024-09-18 15:14:10.923000,415.2956297419785,98
2024-09-18 15:14:10.960000,415.3179294570738,9
2024-09-18 15:14:11.152000,415.32949507960006,98
2024-09-18 15:14:11.282000,415.3213634003256,101
2024-09-18 15:14:11.285000,415.283081631147,997
2024-09-18 15:14:11.286000,415.28527841816015,996
2024-09-18 15:14:11.314000,415.27997142340047,999
2024-09-18 15:14:11.328000,415.3104503545074,996
2024-09-18 15:14:11.395000,415.31196097780673,99
2024-09-18 15:14:11.397000,415.2945551532314,9
2024-09-18 15:14:11.427000,415.3017308454771,999
2024-09-18 15:14:11.485000,415.2834301491024,5
2024-09-18 15:14:11.551000,415.3237284210468,97
2024-09-18 15:14:11.568000,415.31144706208295,1003
2024-09-18 15:14:11.593000,415.2662743215569,14
2024-09-18 15:14:11.720000,415.2968716287006,95
2024-09-18 15:14:11.856000,415.3124713799031,105
2024-09-18 15:14:11.921000,415.2903774230064,998
2024-09-18 15:14:11.942000,415.3036527729984,15
2024-09-18 15:14:11.955000,415.272016082383,5
2024-09-18 15:14:11.955000,415.3212618759026,7
2024-09-18 15:14:12.020000,415.27044206586567,97
2024-09-18 15:14:12.078000,415.302997693069,1004
2024-09-18 15:14:12.083000,415.3029270865811,96
2024-09-18 15:14:12.093000,415.3026706812698,105
2024-09-18 15:14:12.124000,415.30954029936976,101
2024-09-18 15:14:12.142000,415.2857971868232,15
2024-09-18 15:14:12.230000,415.2979925805519,1002
2024-09-18 15:14:12.378000,415.2753717479875,100
2024-09-18 15:14:12.510000,415.3061805590575,999
2024-09-18 15:14:12.529000,415.3066401699185,997
2024-09-18 15:14:12.556000,410.15980765790425,14
2024-09-18 15:14:12.572000,415.3063201956048,995
2024-09-18 15:14:12.591000,415.2712446559999,1000
2024-09-18 15:14:12.600000,415.3058620390372,1002
2024-09-18 15:14:12.625000,415.3094980533433,99
2024-09-18 15:14:12.635000,415.3024612065196,102
2024-09-18 15:14:12.687000,415.3206433983999,1001
2024-09-18 15:14:12.696000,415.2935146008898,1000
2024-09-18 15:14:12.717000,415.2998877456941,95
2024-09-18 15:14:12.725000,415.3100323003129,105
2024-09-18 15:14:12.762000,415.3017284316997,6
2024-09-18 15:14:12.863000,415.3034671252975,996
2024-09-18 15:14:12.907000,415.30824780747673,97
2024-09-18 15:14:12.969000,415.2937355844899,999
2024-09-18 15:14:12.976000,415.3064454328028,1002
2024-09-18 15:14:12.994000,415.3029574681548,7
2024-09-18 15:14:13.051000,415.2639268039885,5
2024-09-18 15:14:13.124000,415.21068491824553,97
2024-09-18 15:14:13.151000,415.256926222909,5
2024-09-18 15:14:13.221000,415.2166496406352,8
2024-09-18 15:14:13.242000,415.24384720622527,15
2024-09-18 15:14:13.253000,415.2207403478864,102
2024-09-18 15:14:13.261000,415.2361138425709,14
2024-09-18 15:14:13.313000,415.2196517958643,995
2024-09-18 15:14:13.332000,415.2406551034206,999
2024-09-18 15:14:13.408000,415.2237195798146,998
2024-09-18 15:14:13.416000,415.2275660117657,14
2024-09-18 15:14:13.503000,415.23551718600254,1005
2024-09-18 15:14:13.507000,415.22281044628176,100
2024-09-18 15:14:13.540000,415.2606753629315,103
2024-09-18 15:14:13.546000,415.21185007894735,9
2024-09-18 15:14:13.570000,415.2089119708808,5
2024-09-18 15:14:13.633000,415.2096603173379,105
2024-09-18 15:14:13.702000,415.2552271835928,998
2024-09-18 15:14:13.702000,415.23923795363015,1005
2024-09-18 15:14:13.737000,415.2077172643979,103
2024-09-18 15:14:13.762000,415.2666968790448,1002
2024-09-18 15:14:13.783000,415.19413864299,6
2024-09-18 15:14:13.803000,415.22089850592914,1003
2024-09-18 15:14:13.823000,415.2486995019788,1005
2024-09-18 15:14:13.927000,415.2185195729687,95
2024-09-18 15:14:13.953000,415.2389696621553,997
2024-09-18 15:14:13.956000,415.2192633975482,8
2024-09-18 15:14:14.036000,415.2706313173361,13
2024-09-18 15:14:14.058000,415.2338053870505,6
2024-09-18 15:14:14.248000,415.257757223895,100
2024-09-18 15:14:14.385000,415.2336882162774,7
2024-09-18 15:14:14.472000,415.2357632655276,998
2024-09-18 15:14:14.476000,415.2440362023227,1001
2024-09-18 15:14:14.508000,415.2463927812197,1003
2024-09-18 15:14:14.549000,415.2305974712967,5
2024-09-18 15:14:14.606000,415.2477672453442,7
2024-09-18 15:14:14.618000,415.2599157601726,13
2024-09-18 15:14:14.801000,415.2323224675546,100
2024-09-18 15:14:14.812000,415.2750855379986,15
2024-09-18 15:14:15.073000,415.29975425777815,95
2024-09-18 15:14:15.142000,415.28489137112,12
2024-09-18 15:14:15.157000,415.3135242122036,13
2024-09-18 15:14:15.163000,415.3290855251827,100
2024-09-18 15:14:15.238000,415.32517415536427,998
2024-09-18 15:14:15.244000,415.2235162894179,98
2024-09-18 15:14:15.268000,415.3240322108432,97
2024-09-18 15:14:15.303000,415.3267971290636,12
2024-09-18 15:14:15.404000,415.2199090491282,9
2024-09-18 15:14:15.418000,415.23872802994737,999
2024-09-18 15:14:15.485000,415.2639845929161,1002
2024-09-18 15:14:15.551000,415.2139624098157,1004
2024-09-18 15:14:15.566000,415.3483001151972,14
2024-09-18 15:14:15.634000,415.2578408781944,14
2024-09-18 15:14:15.739000,415.2576587899918,1003
2024-09-18 15:14:15.803000,415.2704414333746,104
2024-09-18 15:14:15.823000,415.31438599242335,5
2024-09-18 15:14:15.832000,415.24239287400087,98
2024-09-18 15:14:15.832000,415.34230166750666,999
2024-09-18 15:14:15.844000,415.32667859890097,98
2024-09-18 15:14:15.865000,415.3187367479872,105
2024-09-18 15:14:15.882000,415.2312815130515,1005
2024-09-18 15:14:15.920000,415.3065105351952,95
2024-09-18 15:14:15.934000,415.3542570046577,995
2024-09-18 15:14:15.935000,415.2303749512271,96
2024-09-18 15:14:16.301000,415.2929548249841,102
2024-09-18 15:14:16.361000,415.3310028675464,96
2024-09-18 15:14:16.510000,415.3272388432384,15
2024-09-18 15:14:16.521000,415.3315883824583,104
2024-09-18 15:14:16.563000,415.3096496869553,1003
2024-09-18 15:14:16.939000,415.2986903896758,1001
2024-09-18 15:14:17.025000,410.0863940348832,1002
2024-09-18 15:14:17.249000,415.2567899965962,13
2024-09-18 15:14:17.424000,415.2525976235773,9
2024-09-18 15:14:17.534000,415.28052183077193,103
2024-09-18 15:14:17.611000,415.24014207957856,95
2024-09-18 15:14:17.723000,415.2865134504327,1001
2024-09-18 15:14:17.746000,415.27214479349385,996
2024-09-18 15:14:17.825000,415.248774888657,100
2024-09-18 15:14:17.854000,415.2559771301988,999
2024-09-18 15:14:17.856000,415.2874158577974,105
2024-09-18 15:14:17.871000,415.2877838901608,1004
2024-09-18 15:14:17.877000,415.2842996560461,15
2024-09-18 15:14:17.929000,415.26236757430365,6
2024-09-18 15:14:17.954000,415.2566738383105,1000
2024-09-18 15:14:17.983000,415.2780668953655,13
2024-09-18 15:14:18.025000,415.23137499668974,999
2024-09-18 15:14:18.057000,415.2291913118716,102
2024-09-18 15:14:18.127000,415.1920692192927,995
2024-09-18 15:14:18.136000,415.24401076134654,101
2024-09-18 15:14:18.220000,415.20087425919104,9
2024-09-18 15:14:18.261000,415.20234955736,1003
2024-09-18 15:14:18.322000,415.2540671011857,100
2024-09-18 15:14:18.397000,415.2207341957369,100
2024-09-18 15:14:18.409000,415.19721268978543,97
2024-09-18 15:14:18.413000,415.1990562220644,10
2024-09-18 15:14:18.426000,415.2304825970089,14
2024-09-18 15:14:18.512000,415.24538703167104,8
2024-09-18 15:14:18.545000,415.2280096908043,1003
2024-09-18 15:14:18.555000,415.23970281418985,8
2024-09-18 15:14:18.575000,415.2230180369298,99
2024-09-18 15:14:18.669000,415.2381687709837,97
2024-09-18 15:14:18.684000,415.2381529000808,995
2024-09-18 15:14:18.753000,415.2072827517922,996
2024-09-18 15:14:18.816000,415.2363072589001,101
2024-09-18 15:14:18.875000,415.20851480456696,998
2024-09-18 15:14:18.880000,415.2080195761508,96
2024-09-18 15:14:18.896000,415.2065993946021,98
2024-09-18 15:14:18.898000,415.2238955084856,997
2024-09-18 15:14:18.935000,415.203920514266,103
2024-09-18 15:14:18.986000,415.202117031872,100
2024-09-18 15:14:19.047000,415.2341113650708,999
2024-09-18 15:14:19.058000,415.23125508585866,998
2024-09-18 15:14:19.489000,415.2300587842706,996
2024-09-18 15:14:19.702000,415.2412288623856,10
2024-09-18 15:14:19.790000,415.2285498372475,105
2024-09-18 15:14:20.351000,415.2293585087995,8
2024-09-18 15:14:20.711000,415.2576719991458,100
2024-09-18 15:14:20.723000,415.2446006101095,96
2024-09-18 15:14:21.002000,415.2871237279013,5
2024-09-18 15:14:21.087000,415.3132311227453,97
2024-09-18 15:14:21.122000,415.29767830366507,998
2024-09-18 15:14:21.239000,415.2905249488559,95
2024-09-18 15:14:21.243000,415.281600521717,98
2024-09-18 15:14:21.319000,415.2960191916807,995
2024-09-18 15:14:21.345000,415.30075202465423,103
2024-09-18 15:14:21.377000,415.29670428317496,95
2024-09-18 15:14:21.542000,415.3126810461175,11
2024-09-18 15:14:21.551000,415.2971150878352,998
2024-09-18 15:14:21.588000,415.2610997012154,10
2024-09-18 15:14:21.666000,415.2930984861053,998
2024-09-18 15:14:21.680000,415.2683948752725,11
2024-09-18 15:14:21.712000,415.2610421096128,1000
2024-09-18 15:14:21.817000,415.3063908943364,6
2024-09-18 15:14:21.851000,415.31653280314686,6
2024-09-18 15:14:21.870000,415.2898676325384,104
2024-09-18 15:14:21.898000,415.2905737634579,1002
2024-09-18 15:14:21.916000,415.31580654184734,95
2024-09-18 15:14:21.920000,415.29608170231177,98
2024-09-18 15:14:21.957000,415.27523318350393,1004
2024-09-18 15:14:22.173000,415.2877196327052,103
2024-09-18 15:14:22.223000,415.2776709890345,103
2024-09-18 15:14:22.252000,415.2905801645492,8
2024-09-18 15:14:22.284000,415.27079924648217,1002
2024-09-18 15:14:22.329000,415.2545140862065,1003
2024-09-18 15:14:22.331000,415.2902237870069,9
2024-09-18 15:14:22.387000,415.27180652227855,100
2024-09-18 15:14:22.391000,415.30013806828407,999
2024-09-18 15:14:22.459000,415.2874603624786,1002
2024-09-18 15:14:22.499000,415.28412361563977,1004
2024-09-18 15:14:22.526000,415.2733421322396,100
2024-09-18 15:14:22.596000,415.294712875232,1005
2024-09-18 15:14:22.600000,415.281427873912,99
2024-09-18 15:14:22.608000,415.2912504367477,1002
2024-09-18 15:14:22.627000,415.2645596331206,100
2024-09-18 15:14:22.630000,415.282334419156,1005
2024-09-18 15:14:22.700000,415.2797652393248,13
2024-09-18 15:14:22.741000,415.2763386642137,1005
2024-09-18 15:14:22.799000,415.2757244057392,13
2024-09-18 15:14:22.805000,415.27849377315766,10
2024-09-18 15:14:22.983000,415.2734061029303,1004
2024-09-18 15:14:23.015000,415.32140151392736,1002
2024-09-18 15:14:23.022000,415.3192949617828,102
2024-09-18 15:14:23.276000,415.2664703125473,6
2024-09-18 15:14:23.291000,415.25993493714185,9
2024-09-18 15:14:23.319000,415.303154782886,15
2024-09-18 15:14:23.381000,415.3064968637446,996
2024-09-18 15:14:23.402000,415.30341683837867,5
2024-09-18 15:14:23.534000,415.3160329840396,98
2024-09-18 15:14:23.544000,415.31855654929984,99
2024-09-18 15:14:23.635000,415.296745211923,1004
2024-09-18 15:14:23.725000,415.2551037036423,95
2024-09-18 15:14:23.727000,415.3052993975344,96
2024-09-18 15:14:23.785000,415.2708327552834,104
2024-09-18 15:14:23.798000,415.3078754444054,103
2024-09-18 15:14:23.841000,415.3176100832023,1000
2024-09-18 15:14:23.860000,415.2735622107484,999
2024-09-18 15:14:23.900000,415.270455368403,996
2024-09-18 15:14:23.997000,415.29122416667286,11
2024-09-18 15:14:24.120000,415.3209590009226,12
2024-09-18 15:14:24.320000,415.29581148546055,14
2024-09-18 15:14:24.459000,415.2900468586718,14
2024-09-18 15:14:24.520000,415.3325703735192,104
2024-09-18 15:14:24.724000,415.2915323263985,97
2024-09-18 15:14:24.745000,415.3176783119922,103
2024-09-18 15:14:24.842000,415.3206415040908,102
2024-09-18 15:14:24.846000,415.307918382846,100
2024-09-18 15:14:24.925000,415.3101631487031,1000
2024-09-18 15:14:24.929000,415.3027635134636,5
2024-09-18 15:14:25.073000,415.3406802017345,95
2024-09-18 15:14:25.087000,415.3493737451791,14
2024-09-18 15:14:25.097000,415.34616509694297,1003
2024-09-18 15:14:25.122000,415.3079326460564,13
2024-09-18 15:14:25.152000,415.3419957646796,99
2024-09-18 15:14:25.159000,415.3505205543942,105
2024-09-18 15:14:25.210000,415.3302219125711,999
2024-09-18 15:14:25.226000,415.362674836651,99
2024-09-18 15:14:25.261000,415.2952490645541,99
2024-09-18 15:14:25.414000,415.3663545579181,1003
2024-09-18 15:14:25.466000,415.3266708567062,8
2024-09-18 15:14:25.569000,415.2956904994233,1003
2024-09-18 15:14:25.588000,415.32907452361474,105
2024-09-18 15:14:25.673000,415.3083374240727,8
2024-09-18 15:14:25.694000,415.3527966659926,15
2024-09-18 15:14:25.755000,415.3213561756724,8
2024-09-18 15:14:25.774000,415.3278669733364,1003
2024-09-18 15:14:25.784000,415.35103497290265,12
2024-09-18 15:14:25.797000,415.35767943746896,999
2024-09-18 15:14:25.800000,415.285720584056,105
2024-09-18 15:14:25.885000,415.3117894927577,999
2024-09-18 15:14:25.944000,415.3655221968388,7
2024-09-18 15:14:26.007000,415.3763349739429,5
2024-09-18 15:14:26.010000,415.3067123970117,9
2024-09-18 15:14:26.138000,415.3673342073721,9
2024-09-18 15:14:26.187000,415.3589005565304,999
2024-09-18 15:14:26.193000,415.3686310701656,998
2024-09-18 15:14:26.196000,415.36980488535,100
2024-09-18 15:14:26.210000,415.3750886070748,97
2024-09-18 15:14:26.215000,415.3457310707715,98
2024-09-18 15:14:26.248000,415.33880010452367,996
2024-09-18 15:14:26.357000,415.3695855039847,100
2024-09-18 15:14:26.376000,415.3219355106366,103
2024-09-18 15:14:26.478000,415.310327291248,999
2024-09-18 15:14:26.494000,415.30648673654224,13
2024-09-18 15:14:26.546000,415.31832528469,105
2024-09-18 15:14:26.561000,415.3520402271327,997
2024-09-18 15:14:26.620000,415.3069264954221,102
2024-09-18 15:14:26.710000,415.33004991230666,95
2024-09-18 15:14:26.799000,415.3448083174357,95
2024-09-18 15:14:26.848000,415.34617830264665,998
2024-09-18 15:14:26.861000,415.3542419917119,103
2024-09-18 15:14:27.101000,415.3876247422953,5
2024-09-18 15:14:27.127000,415.3978393062579,103
2024-09-18 15:14:27.128000,415.3087749025202,11
2024-09-18 15:14:27.135000,415.3961130098593,104
2024-09-18 15:14:27.258000,415.3091033749774,101
2024-09-18 15:14:27.424000,415.3143086834572,97
2024-09-18 15:14:27.470000,415.4029004081579,9
2024-09-18 15:14:27.514000,415.3314571929113,998
2024-09-18 15:14:27.639000,415.38615211435786,104
2024-09-18 15:14:27.657000,415.3673079116722,99
2024-09-18 15:14:27.678000,415.3542619889677,1000
2024-09-18 15:14:27.694000,415.3725858358055,1003
2024-09-18 15:14:27.774000,415.3155505621373,99
2024-09-18 15:14:27.853000,415.3737543380528,95
2024-09-18 15:14:27.855000,415.3715933138182,98
2024-09-18 15:14:27.878000,415.37638188055536,1002
2024-09-18 15:14:27.878000,415.3964116572252,1003
2024-09-18 15:14:27.880000,415.394435901302,100
2024-09-18 15:14:28.927000,415.3922567156173,101
2024-09-18 15:14:29.016000,415.38867076597154,1000
2024-09-18 15:14:29.038000,415.38322968156615,103
2024-09-18 15:14:29.047000,415.390509083574,9
2024-09-18 15:14:29.058000,415.39741554710463,995
2024-09-18 15:14:29.196000,415.3960341976765,102
2024-09-18 15:14:29.265000,415.4076899838719,103
2024-09-18 15:14:29.292000,415.4051514512008,996
2024-09-18 15:14:29.331000,415.35353891047856,12
2024-09-18 15:14:29.358000,415.42101861450897,13
2024-09-18 15:14:29.379000,415.3851315043478,1005
2024-09-18 15:14:29.469000,415.3806761157856,1000
2024-09-18 15:14:29.470000,415.392607346719,10
2024-09-18 15:14:29.614000,415.3894905502201,8
2024-09-18 15:14:29.633000,415.3958404591886,104
2024-09-18 15:14:29.740000,415.4153703968874,95
2024-09-18 15:14:29.956000,415.3910170609444,11
2024-09-18 15:14:30.030000,415.3920792780104,103
2024-09-18 15:14:30.067000,415.3689320655211,996
2024-09-18 15:14:30.245000,415.37931959014975,5
2024-09-18 15:14:30.325000,415.3939194725911,999
2024-09-18 15:14:30.349000,415.4152040511507,999
2024-09-18 15:14:30.373000,410.21362215373057,11
2024-09-18 15:14:30.564000,415.384460069702,996
2024-09-18 15:14:30.565000,415.3795096079997,102
2024-09-18 15:14:30.586000,415.37490249153234,13
2024-09-18 15:14:30.690000,415.3870850399562,95
2024-09-18 15:14:30.714000,415.3562025560777,1004
2024-09-18 15:14:30.788000,415.38223350258016,1000
2024-09-18 15:14:30.789000,415.37372592097137,15
2024-09-18 15:14:30.821000,415.39476735212185,1001
2024-09-18 15:14:30.930000,415.3698440915158,1000
2024-09-18 15:14:31.074000,415.4298590014917,10
2024-09-18 15:14:31.101000,415.4586134424117,13
2024-09-18 15:14:31.109000,415.4177298313728,1003
2024-09-18 15:14:31.230000,415.4240306666502,13
2024-09-18 15:14:31.261000,415.4428485950601,998
2024-09-18 15:14:31.274000,415.425688330823,13
2024-09-18 15:14:31.356000,415.4340098579537,997
2024-09-18 15:14:31.367000,415.4713296885829,12
2024-09-18 15:14:31.424000,415.4788684288844,11
2024-09-18 15:14:31.468000,415.41734998184455,1002
2024-09-18 15:14:31.475000,415.4159574348779,97
2024-09-18 15:14:31.491000,415.4321703801116,14
2024-09-18 15:14:31.500000,415.4124404384015,1001
2024-09-18 15:14:31.542000,415.4688807895111,101
2024-09-18 15:14:31.693000,415.4208140322671,9
2024-09-18 15:14:31.742000,415.439827030572,1004
2024-09-18 15:14:31.862000,415.4204048989873,9
2024-09-18 15:14:31.914000,415.4194648763615,5
2024-09-18 15:14:32.106000,415.44015909917925,1000
2024-09-18 15:14:32.163000,415.4551127268341,6
2024-09-18 15:14:32.196000,415.4566884779945,9
2024-09-18 15:14:32.200000,410.24816908163626,996
2024-09-18 15:14:32.224000,415.4122239173119,97
2024-09-18 15:14:32.387000,415.43407441597975,999
2024-09-18 15:14:32.432000,415.44533640482825,996
2024-09-18 15:14:32.498000,415.4580702613762,1002
2024-09-18 15:14:32.542000,415.3983241235194,97
2024-09-18 15:14:32.570000,415.3991665123505,8
2024-09-18 15:14:32.670000,415.45802067513984,99
2024-09-18 15:14:32.670000,415.4603583471709,997
2024-09-18 15:14:32.688000,415.44236187272327,998
2024-09-18 15:14:32.728000,415.4573386833749,97
2024-09-18 15:14:32.834000,415.3893017546537,8
2024-09-18 15:14:32.860000,415.4572390175015,103
2024-09-18 15:14:32.883000,415.4677007293956,9
2024-09-18 15:14:33.185000,415.5722918236895,1002
2024-09-18 15:14:33.193000,415.4886151650946,996
2024-09-18 15:14:33.236000,415.5482926469588,11
2024-09-18 15:14:33.370000,415.5685509697884,1003
2024-09-18 15:14:33.386000,415.5355248090288,996
2024-09-18 15:14:33.432000,415.52012181240576,101
2024-09-18 15:14:33.554000,415.5712573611689,9
2024-09-18 15:14:33.675000,415.55738205488245,100
2024-09-18 15:14:33.868000,415.5388090546221,6
2024-09-18 15:14:33.926000,415.5788043055295,995
2024-09-18 15:14:34.391000,415.5597705889833,98
2024-09-18 15:14:34.934000,415.5523642449903,996
2024-09-18 15:14:35.068000,415.5934927343563,996
2024-09-18 15:14:35.147000,415.576993545553,15
2024-09-18 15:14:35.165000,415.570631008464,13
2024-09-18 15:14:35.292000,415.5443469942925,995
2024-09-18 15:14:35.334000,415.5646806305761,997
2024-09-18 15:14:35.359000,415.55583437245576,1001
2024-09-18 15:14:35.371000,415.5727565063261,95
2024-09-18 15:14:35.374000,415.6133096545989,102
2024-09-18 15:14:35.419000,415.5562940599429,102
2024-09-18 15:14:35.513000,415.61637913970463,96
2024-09-18 15:14:35.559000,415.5831656776976,104
2024-09-18 15:14:35.701000,415.5758580409626,105
2024-09-18 15:14:35.810000,415.6148140622415,999
2024-09-18 15:14:35.871000,415.5717244375809,1001
2024-09-18 15:14:35.906000,415.55706684302544,995
2024-09-18 15:14:36.010000,415.6466819381583,96
2024-09-18 15:14:36.018000,415.6573375717137,1001
2024-09-18 15:14:36.053000,415.6312542005006,1002
2024-09-18 15:14:36.086000,415.62149275785055,14
2024-09-18 15:14:36.103000,415.66496295148494,96
2024-09-18 15:14:36.104000,415.65631022308906,995
2024-09-18 15:14:36.106000,415.6198007320117,11
2024-09-18 15:14:36.132000,415.6454687504327,105
2024-09-18 15:14:36.220000,415.63157329668513,105
2024-09-18 15:14:36.351000,415.6340754168047,997
2024-09-18 15:14:36.357000,415.6480386094044,1000
2024-09-18 15:14:36.387000,415.6218446568191,97
2024-09-18 15:14:36.446000,415.63777350521775,12
2024-09-18 15:14:36.465000,415.61977202451664,999
2024-09-18 15:14:36.466000,415.6260226961671,1000
2024-09-18 15:14:36.488000,415.6300751263662,1002
2024-09-18 15:14:36.521000,415.64942356923234,96
2024-09-18 15:14:36.591000,415.6045097051941,7
2024-09-18 15:14:36.653000,415.6719575380232,1000
2024-09-18 15:14:36.692000,415.61139810592977,997
2024-09-18 15:14:36.710000,415.61907008117583,104
2024-09-18 15:14:36.729000,415.634088826177,998
2024-09-18 15:14:36.747000,415.6250611275999,8
2024-09-18 15:14:36.751000,415.6050818098189,9
2024-09-18 15:14:36.765000,415.6415785060675,12
2024-09-18 15:14:36.848000,415.6314701182429,12
2024-09-18 15:14:36.852000,415.6379273405125,1004
2024-09-18 15:14:36.897000,415.62526111867146,1000
2024-09-18 15:14:36.973000,415.6351584921353,1005
2024-09-18 15:14:36.980000,415.6823130938165,100
2024-09-18 15:14:37.056000,415.6825629640944,103
2024-09-18 15:14:37.072000,415.6864276958693,995
2024-09-18 15:14:37.187000,415.6971445293093,100
2024-09-18 15:14:37.217000,415.6907118279331,96
2024-09-18 15:14:37.341000,415.69988805992335,1005
2024-09-18 15:14:37.435000,415.69914686342094,99
2024-09-18 15:14:37.627000,415.6942523554136,1001
2024-09-18 15:14:37.712000,415.6812923549855,15
2024-09-18 15:14:37.742000,415.69003506656,95
2024-09-18 15:14:37.747000,415.6973493696301,999
2024-09-18 15:14:37.754000,415.68603472646646,1002
2024-09-18 15:14:37.883000,415.6903614586092,7
2024-09-18 15:14:38.040000,415.7103177015696,1005
2024-09-18 15:14:38.076000,415.7058045381232,1001
2024-09-18 15:14:38.102000,415.7439262778216,999
2024-09-18 15:14:38.107000,415.662809287688,13
2024-09-18 15:14:38.110000,415.71746302139866,100
2024-09-18 15:14:38.114000,415.72212795875686,996
2024-09-18 15:14:38.148000,415.7220775919091,995
2024-09-18 15:14:38.210000,415.7160445760017,15
2024-09-18 15:14:38.276000,415.70814806568166,5
2024-09-18 15:14:38.312000,415.6908164753236,997
2024-09-18 15:14:38.368000,415.69457987837234,1000
2024-09-18 15:14:38.374000,415.68703164436425,14
2024-09-18 15:14:38.406000,415.7282132382663,101
2024-09-18 15:14:38.428000,415.67627696708814,100
2024-09-18 15:14:38.471000,415.6937864012475,999
2024-09-18 15:14:38.476000,415.722041844649,12
2024-09-18 15:14:38.483000,415.6820256942721,1002
2024-09-18 15:14:38.490000,415.6840546513597,10
2024-09-18 15:14:38.513000,415.6885549460178,102
2024-09-18 15:14:38.607000,415.6755326930789,102
2024-09-18 15:14:38.617000,415.6710371628303,13
2024-09-18 15:14:38.655000,415.7386623646296,996
2024-09-18 15:14:38.855000,415.7216981197994,96
2024-09-18 15:14:38.865000,415.6862130056013,996
2024-09-18 15:14:38.948000,415.69892843822765,1004
2024-09-18 15:14:38.979000,415.7140355252456,1003
2024-09-18 15:14:39.115000,415.7211810427921,100
2024-09-18 15:14:39.740000,415.7063156699024,105
2024-09-18 15:14:39.871000,415.7282006216087,999
2024-09-18 15:14:39.914000,415.729655162184,100
2024-09-18 15:14:39.952000,415.72805726011535,102
2024-09-18 15:14:40.555000,415.7093501931124,100
2024-09-18 15:14:40.666000,415.7219639479193,8
2024-09-18 15:14:40.963000,415.7327912886988,98
2024-09-18 15:14:41.010000,415.6581504039966,10
2024-09-18 15:14:41.050000,415.72234553326285,98
2024-09-18 15:14:41.094000,415.6514506597742,1005
2024-09-18 15:14:41.105000,415.6795994859441,96
2024-09-18 15:14:41.111000,415.6441772068165,99
2024-09-18 15:14:41.113000,415.6877122113399,98
2024-09-18 15:14:41.138000,415.6632636579213,1005
2024-09-18 15:14:41.149000,415.6650410098286,1005
2024-09-18 15:14:41.203000,415.655614328179,12
2024-09-18 15:14:41.242000,415.6602395477865,997
2024-09-18 15:14:41.248000,415.67385124709176,99
2024-09-18 15:14:41.420000,415.722357147185,10
2024-09-18 15:14:41.470000,415.69973163651616,104
2024-09-18 15:14:41.478000,415.67292958253313,15
2024-09-18 15:14:41.507000,415.6686952082468,95
2024-09-18 15:14:41.511000,415.7292933753397,96
2024-09-18 15:14:41.518000,415.6658270739509,100
2024-09-18 15:14:41.597000,415.658527236656,999
2024-09-18 15:14:41.716000,415.66223529159294,11
2024-09-18 15:14:41.734000,415.6490667647525,13
2024-09-18 15:14:42.023000,415.61486175949534,12
2024-09-18 15:14:42.079000,415.6197408012142,998
2024-09-18 15:14:42.101000,415.6408348349804,98
2024-09-18 15:14:42.171000,415.6550152338593,1002
2024-09-18 15:14:42.198000,415.5963308862445,102
2024-09-18 15:14:42.226000,415.6181436440175,1005
2024-09-18 15:14:42.244000,415.6726504904789,1000
2024-09-18 15:14:42.278000,415.6199988076869,96
2024-09-18 15:14:42.288000,415.62911866137273,1003
2024-09-18 15:14:42.339000,415.6420424530904,15
2024-09-18 15:14:42.351000,415.660955992904,5
2024-09-18 15:14:42.447000,415.6028980289477,103
2024-09-18 15:14:42.498000,415.6212799475895,103
2024-09-18 15:14:42.519000,415.6336465405198,14
2024-09-18 15:14:42.520000,415.6507694111127,997
2024-09-18 15:14:42.566000,415.6337220918108,95
2024-09-18 15:14:42.596000,415.64338378125984,7
2024-09-18 15:14:42.662000,415.62671567546624,14
2024-09-18 15:14:42.728000,415.6389284627937,7
2024-09-18 15:14:42.754000,415.6231890361048,998
2024-09-18 15:14:42.769000,415.6268628631157,11
2024-09-18 15:14:42.785000,415.6489135658484,10
2024-09-18 15:14:42.803000,415.6549583509672,995
2024-09-18 15:14:42.834000,415.6392620192557,1001
2024-09-18 15:14:42.881000,415.6480993145303,97
2024-09-18 15:14:42.892000,415.6587640920114,1003
2024-09-18 15:14:42.934000,415.6285048643375,996
2024-09-18 15:14:42.936000,415.62175182829145,99
2024-09-18 15:14:42.937000,415.6427560671482,100
2024-09-18 15:14:42.968000,415.6427865683333,996
2024-09-18 15:14:43.072000,415.63134108068624,98
2024-09-18 15:14:43.117000,415.6725281978225,995
2024-09-18 15:14:43.269000,415.6669268560687,1000
2024-09-18 15:14:43.513000,415.6504317949379,10
2024-09-18 15:14:43.619000,415.6577564687591,1000
2024-09-18 15:14:43.634000,415.6541682019261,9
2024-09-18 15:14:43.706000,415.6656320268871,101
2024-09-18 15:14:44.056000,415.65454473408687,1003
2024-09-18 15:14:44.089000,415.64523168337365,1002
2024-09-18 15:14:44.141000,415.6679853958976,104
2024-09-18 15:14:44.190000,415.6087119129484,1004
2024-09-18 15:14:44.203000,415.6514245334763,14
2024-09-18 15:14:44.296000,415.5927817574434,996
2024-09-18 15:14:44.303000,415.6007039210769,95
2024-09-18 15:14:44.351000,415.5787454104776,996
2024-09-18 15:14:44.382000,415.62690392661415,14
2024-09-18 15:14:44.389000,415.6574747083627,9
2024-09-18 15:14:44.393000,415.6588984385484,98
2024-09-18 15:14:44.398000,415.5833351237838,9
2024-09-18 15:14:44.446000,415.6642475473031,98
2024-09-18 15:14:44.474000,415.6161265717856,102
2024-09-18 15:14:44.527000,415.6582814289228,102
2024-09-18 15:14:44.548000,415.6063572251899,103
2024-09-18 15:14:44.613000,415.6050685226728,1005
2024-09-18 15:14:44.621000,415.5964897096961,1003
2024-09-18 15:14:44.697000,415.58789084315487,103
2024-09-18 15:14:44.756000,415.59080748618544,996
2024-09-18 15:14:44.800000,415.6427734099463,15
2024-09-18 15:14:44.812000,415.622421322613,99
2024-09-18 15:14:44.823000,415.6627969265283,102
2024-09-18 15:14:44.911000,415.5909814574053,1005
2024-09-18 15:14:44.938000,415.6249082196738,1002
2024-09-18 15:14:44.941000,415.5626876398818,9
2024-09-18 15:14:45.013000,415.52749940975474,15
2024-09-18 15:14:45.118000,415.6033869131686,102
2024-09-18 15:14:45.121000,415.5164123770446,996
2024-09-18 15:14:45.314000,415.5142955345701,13
2024-09-18 15:14:45.321000,415.60314218511377,1001
2024-09-18 15:14:45.348000,415.53191036596974,13
2024-09-18 15:14:45.371000,415.5551503187788,6
2024-09-18 15:14:45.390000,415.5978935316526,104
2024-09-18 15:14:45.395000,415.52929442458645,101
2024-09-18 15:14:45.422000,415.5243664361431,14
2024-09-18 15:14:45.430000,415.5900534909036,1003
2024-09-18 15:14:45.486000,415.5228633089628,13
2024-09-18 15:14:45.525000,415.57716304099984,99
2024-09-18 15:14:45.639000,415.5149936336919,999
2024-09-18 15:14:45.696000,415.53107861436894,101
2024-09-18 15:14:45.779000,415.5469068223082,1004
2024-09-18 15:14:45.961000,415.5236981650476,103
2024-09-18 15:14:45.979000,415.60019720446815,101
2024-09-18 15:14:46.040000,415.55508632941337,9
2024-09-18 15:14:46.074000,415.5701010842122,98
2024-09-18 15:14:46.078000,415.5820418457475,996
2024-09-18 15:14:46.082000,415.5681120705093,8
2024-09-18 15:14:46.123000,415.5450399779744,7
2024-09-18 15:14:46.210000,415.5759972747331,9
2024-09-18 15:14:46.226000,415.5728902694833,996
2024-09-18 15:14:46.244000,415.5629387134021,5
2024-09-18 15:14:46.270000,415.57136217466734,101
2024-09-18 15:14:46.298000,415.54838871565886,10
2024-09-18 15:14:46.347000,415.5459377202956,5
2024-09-18 15:14:46.349000,415.6025964484142,15
2024-09-18 15:14:46.504000,415.5694215591324,1002
2024-09-18 15:14:46.529000,415.56663789832186,8
2024-09-18 15:14:46.551000,415.5578717439345,10
2024-09-18 15:14:46.559000,415.6003372220197,1004
2024-09-18 15:14:46.640000,415.5658473235815,97
2024-09-18 15:14:46.663000,415.5539496713112,8
2024-09-18 15:14:46.714000,415.5553375671718,105
2024-09-18 15:14:46.750000,415.571734740386,1003
2024-09-18 15:14:46.796000,415.5541147200688,104
2024-09-18 15:14:47.866000,415.6115754396745,14
2024-09-18 15:14:48.202000,415.61228686817816,1001
2024-09-18 15:14:48.407000,415.62615502419146,1002
2024-09-18 15:14:48.427000,415.6154938122664,6
2024-09-18 15:14:48.444000,415.61935474116825,105
2024-09-18 15:14:48.577000,415.6246445146364,1004
2024-09-18 15:14:48.795000,415.6375132096629,998
2024-09-18 15:14:48.908000,415.60921605524175,98
2024-09-18 15:14:49.078000,415.6436952672796,100
2024-09-18 15:14:49.087000,415.625106118152,1005
2024-09-18 15:14:49.100000,415.6711884097868,98
2024-09-18 15:14:49.182000,415.6442685200583,15
2024-09-18 15:14:49.217000,415.6432765111794,102
2024-09-18 15:14:49.218000,415.660606417461,996
2024-09-18 15:14:49.274000,415.6327946547375,8
2024-09-18 15:14:49.512000,415.5794069343541,14
2024-09-18 15:14:49.521000,415.642140838398,103
2024-09-18 15:14:49.570000,415.5974250784226,996
2024-09-18 15:14:49.689000,415.6609933939234,102
2024-09-18 15:14:49.911000,415.6782742934042,5
2024-09-18 15:14:50.167000,415.5626082554865,11
2024-09-18 15:14:50.192000,415.6021314579244,102
2024-09-18 15:14:50.209000,415.5817485777863,103
2024-09-18 15:14:50.248000,415.5842935635825,999
2024-09-18 15:14:50.294000,415.59976516917175,99
2024-09-18 15:14:50.342000,415.5819145487768,14
2024-09-18 15:14:50.476000,415.6038506803994,1000
2024-09-18 15:14:50.530000,415.60328719436393,104
2024-09-18 15:14:50.565000,415.6213899084145,5
2024-09-18 15:14:50.598000,415.58018250260994,9
2024-09-18 15:14:50.605000,415.5881765081617,99
2024-09-18 15:14:50.629000,415.58366492006144,1001
2024-09-18 15:14:50.631000,415.5869782123262,98
2024-09-18 15:14:50.697000,415.5718463243618,1001
2024-09-18 15:14:50.699000,415.6008007311314,9
2024-09-18 15:14:50.833000,415.6011171713414,8
2024-09-18 15:14:50.852000,415.5883217183545,1004
2024-09-18 15:14:50.989000,415.589579214562,95
2024-09-18 15:14:51.091000,415.6599496585204,105
2024-09-18 15:14:51.096000,415.73824101991056,5
2024-09-18 15:14:51.216000,415.6230471707104,100
2024-09-18 15:14:51.258000,415.76420597539874,99
2024-09-18 15:14:51.300000,415.7520341869176,995
2024-09-18 15:14:51.354000,415.7310927428487,15
2024-09-18 15:14:51.356000,415.7561526138754,1004
2024-09-18 15:14:51.369000,415.6172467784344,1004
2024-09-18 15:14:51.445000,415.7429987513132,997
2024-09-18 15:14:51.473000,415.7111231636477,105
2024-09-18 15:14:51.487000,415.7584808624405,12
2024-09-18 15:14:51.490000,415.6230176997678,1003
2024-09-18 15:14:51.503000,415.6576507906856,11
2024-09-18 15:14:51.528000,415.7480064439089,100
2024-09-18 15:14:51.581000,415.6755892734531,99
2024-09-18 15:14:51.586000,415.76210769964894,996
2024-09-18 15:14:51.613000,415.6807517267284,1001
2024-09-18 15:14:51.617000,415.7440628149088,8
2024-09-18 15:14:51.643000,415.7423497158191,8
2024-09-18 15:14:51.650000,415.6032475638105,1000
2024-09-18 15:14:51.670000,415.7360527435867,13
2024-09-18 15:14:51.757000,415.6855618955352,996
2024-09-18 15:14:51.768000,415.6464536652284,10
2024-09-18 15:14:51.872000,415.62080871594026,10
2024-09-18 15:14:51.889000,415.745432687678,998
2024-09-18 15:14:51.924000,415.6319854018743,996
2024-09-18 15:14:51.933000,410.52570032923694,104
2024-09-18 15:14:51.935000,415.6049095915316,14
2024-09-18 15:14:51.940000,415.7702496941391,104
2024-09-18 15:14:51.965000,415.7574047412791,103
2024-09-18 15:14:52.013000,415.73417910458335,9
2024-09-18 15:14:52.031000,415.7892989154669,7
2024-09-18 15:14:52.259000,415.7632608397034,999
2024-09-18 15:14:52.318000,410.60056199111,999
2024-09-18 15:14:52.373000,415.76603784618726,7
2024-09-18 15:14:52.412000,415.782799335106,99
2024-09-18 15:14:52.431000,415.7718626433691,10
2024-09-18 15:14:52.434000,415.7849693680923,1000
2024-09-18 15:14:52.481000,415.7732932077694,104
2024-09-18 15:14:52.588000,415.785629397491,102
2024-09-18 15:14:52.617000,415.7469375862781,11
2024-09-18 15:14:52.711000,415.7816033306116,95
2024-09-18 15:14:52.717000,415.727059100321,97
2024-09-18 15:14:52.839000,415.74996784220826,999
2024-09-18 15:14:52.849000,415.7180086553614,5
2024-09-18 15:14:53.043000,415.7238618314537,14
2024-09-18 15:14:53.069000,415.71717168375983,103
2024-09-18 15:14:53.159000,415.7304427509503,8
2024-09-18 15:14:53.227000,415.66507913319424,5
2024-09-18 15:14:53.264000,415.67180144797607,999
2024-09-18 15:14:53.288000,415.6928997350182,8
2024-09-18 15:14:53.328000,415.7166027283789,996
2024-09-18 15:14:53.406000,415.725964933264,995
2024-09-18 15:14:53.427000,415.7035308599396,6
2024-09-18 15:14:53.444000,415.72121488438336,5
2024-09-18 15:14:53.449000,415.6603014478049,104
2024-09-18 15:14:53.471000,415.72612256067,9
2024-09-18 15:14:53.517000,415.70924656803,5
2024-09-18 15:14:53.601000,415.717130025591,104
2024-09-18 15:14:53.747000,415.7190191771636,10
2024-09-18 15:14:53.764000,415.72427904809473,13
2024-09-18 15:14:53.770000,415.6889774462989,100
2024-09-18 15:14:53.814000,415.7384864756618,995
2024-09-18 15:14:53.869000,415.6851427107722,8
2024-09-18 15:14:53.877000,415.6858639331731,102
2024-09-18 15:14:53.899000,415.7434431401423,1001
2024-09-18 15:14:53.960000,415.69610012495474,104
2024-09-18 15:14:54.428000,415.620491464605,101
2024-09-18 15:14:54.484000,415.6294978591836,12
2024-09-18 15:14:54.487000,415.6559617213229,5
2024-09-18 15:14:54.493000,415.642588682091,1004
2024-09-18 15:14:54.664000,415.6550692642373,102
2024-09-18 15:14:54.766000,415.6244317164813,103
2024-09-18 15:14:55.066000,415.6529722122584,104
2024-09-18 15:14:55.110000,415.6343052462464,11
2024-09-18 15:14:55.155000,415.68742935572016,5
2024-09-18 15:14:55.185000,415.6464622510852,999
2024-09-18 15:14:55.205000,415.6644862052733,11
2024-09-18 15:14:55.225000,415.62917560003547,11
2024-09-18 15:14:55.290000,415.6143884732657,98
2024-09-18 15:14:55.329000,415.6872903487767,101
2024-09-18 15:14:55.334000,415.6927909387752,1003
2024-09-18 15:14:55.361000,415.6262351295823,101
2024-09-18 15:14:55.368000,415.64815807968535,1004
2024-09-18 15:14:55.456000,415.617202234592,1005
2024-09-18 15:14:55.507000,415.7029051662933,9
2024-09-18 15:14:55.541000,415.6254732211925,998
2024-09-18 15:14:55.610000,415.6760356488788,104
2024-09-18 15:14:55.670000,415.6738338519786,1004
2024-09-18 15:14:55.676000,415.6373207467908,1003
2024-09-18 15:14:55.679000,415.6587145353847,13
2024-09-18 15:14:55.848000,415.637634570675,100
2024-09-18 15:14:55.848000,415.6193707206692,11
2024-09-18 15:14:55.855000,415.6236640939048,1000
2024-09-18 15:14:55.867000,415.6473024559351,1003
2024-09-18 15:14:55.872000,415.63539225929605,9
2024-09-18 15:14:55.878000,415.6213484458359,9
2024-09-18 15:14:55.890000,415.6458697070525,6
2024-09-18 15:14:55.932000,415.6536309043179,12
2024-09-18 15:14:55.949000,415.6938339691162,997
2024-09-18 15:14:55.985000,415.63019100575207,11
2024-09-18 15:14:55.998000,415.6405312462312,998
2024-09-18 15:14:56.143000,415.6206072909642,1005
2024-09-18 15:14:57.014000,415.6287506751309,5
2024-09-18 15:14:57.029000,415.6272530099374,102
2024-09-18 15:14:57.072000,415.60044517303504,997
2024-09-18 15:14:57.197000,415.62530673211273,13
2024-09-18 15:14:57.243000,415.62962683344034,11
2024-09-18 15:14:57.290000,415.63973141450265,1005
2024-09-18 15:14:57.332000,415.5914348776764,103
2024-09-18 15:14:57.343000,415.5999892096197,15
2024-09-18 15:14:57.437000,415.6129947589661,7
2024-09-18 15:14:57.594000,415.5999440552141,1004
2024-09-18 15:14:57.596000,415.6164695508845,1001
2024-09-18 15:14:57.812000,415.5869189199941,10
2024-09-18 15:14:57.859000,415.63553202701775,104
2024-09-18 15:14:57.861000,415.59957341435296,95
2024-09-18 15:14:57.862000,415.58453329755366,100
2024-09-18 15:14:57.870000,415.5888997829334,1002
2024-09-18 15:14:57.927000,415.61424619071033,105
2024-09-18 15:14:57.957000,415.6199054729156,5
2024-09-18 15:14:58.028000,415.6072114318626,997
2024-09-18 15:14:58.094000,415.60172336989314,15
2024-09-18 15:14:58.109000,415.59325264088415,1000
2024-09-18 15:14:58.244000,415.5898661817383,105
2024-09-18 15:14:58.294000,415.6170393667435,1004
2024-09-18 15:14:58.340000,415.6205533166787,5
2024-09-18 15:14:58.371000,415.58661515170127,98
2024-09-18 15:14:58.379000,415.63316967332463,105
2024-09-18 15:14:58.393000,415.6279367020458,1005
2024-09-18 15:14:58.400000,415.6237483310224,998
2024-09-18 15:14:58.422000,415.6053643828831,102
2024-09-18 15:14:58.441000,415.6311393372783,96
2024-09-18 15:14:58.521000,415.6156209314833,1000
2024-09-18 15:14:58.542000,415.6119576518476,1001
2024-09-18 15:14:58.566000,415.5984113256735,7
2024-09-18 15:14:58.570000,415.6064906815104,98
2024-09-18 15:14:58.646000,415.5917760088293,13
2024-09-18 15:14:58.654000,415.6013504376208,104
2024-09-18 15:14:58.878000,415.6124589802942,98
2024-09-18 15:14:58.886000,415.5921585898772,98
2024-09-18 15:14:58.911000,415.60086687551535,102
2024-09-18 15:14:58.922000,415.6051299077817,999
2024-09-18 15:14:58.937000,415.6224561424849,1005
2024-09-18 15:14:58.989000,415.6294173911499,13
2024-09-18 15:14:59.335000,415.58634245240086,104
2024-09-18 15:14:59.397000,415.5705940962488,14
2024-09-18 15:14:59.540000,415.5602427141377,14
2024-09-18 15:14:59.593000,415.5932766705442,5
2024-09-18 15:14:59.622000,415.56618958511547,96
2024-09-18 15:14:59.718000,415.5743247974957,1004
2024-09-18 15:14:59.802000,415.5897839697011,105
2024-09-18 15:14:59.968000,415.5657790725671,98
2024-09-18 15:14:59.990000,415.567299953012,1003
