Timestamp,Price,Size
2024-09-18 14:45:00.009000,413.72195012511867,15
2024-09-18 14:45:00.056000,413.7361292910272,998
2024-09-18 14:45:00.085000,413.6891551161469,1001
2024-09-18 14:45:00.203000,413.6763040072871,5
2024-09-18 14:45:00.277000,413.70367300544825,103
2024-09-18 14:45:00.329000,407.642562828487,995
2024-09-18 14:45:00.340000,413.7268581212151,96
2024-09-18 14:45:00.350000,413.6841251704316,1001
2024-09-18 14:45:00.358000,413.681376083459,7
2024-09-18 14:45:00.415000,413.7022897650168,999
2024-09-18 14:45:00.415000,413.6996621836373,5
2024-09-18 14:45:00.459000,413.7150205354911,14
2024-09-18 14:45:00.459000,413.7280288498025,103
2024-09-18 14:45:00.466000,413.67877407951744,95
2024-09-18 14:45:00.467000,413.71242417892046,999
2024-09-18 14:45:00.477000,413.6748967011218,995
2024-09-18 14:45:00.507000,413.702921036896,10
2024-09-18 14:45:00.508000,413.6686055914944,105
2024-09-18 14:45:00.518000,413.701672896176,999
2024-09-18 14:45:00.677000,413.6884527946279,15
2024-09-18 14:45:00.683000,413.7164675610256,15
2024-09-18 14:45:00.719000,413.7198432973995,997
2024-09-18 14:45:00.748000,413.6779226552057,11
2024-09-18 14:45:00.754000,413.70681956596496,11
2024-09-18 14:45:00.779000,413.7206966126238,102
2024-09-18 14:45:00.785000,413.69728109241726,1002
2024-09-18 14:45:00.798000,413.70741949044776,996
2024-09-18 14:45:00.903000,413.6712380679693,105
2024-09-18 14:45:00.907000,413.6944824536582,102
2024-09-18 14:45:00.921000,413.6668987584837,99
2024-09-18 14:45:01.037000,407.5366219097716,1000
2024-09-18 14:45:01.180000,413.6565779550149,96
2024-09-18 14:45:01.568000,413.691052908901,100
2024-09-18 14:45:01.572000,413.6797951851012,14
2024-09-18 14:45:01.581000,413.7034269152715,8
2024-09-18 14:45:01.679000,413.6882642159247,97
2024-09-18 14:45:01.888000,413.6925810674698,8
2024-09-18 14:45:01.928000,413.68919249525743,96
2024-09-18 14:45:02.011000,413.68199878284827,6
2024-09-18 14:45:02.048000,413.7053069305792,998
2024-09-18 14:45:02.095000,413.6427546869432,1001
2024-09-18 14:45:02.112000,413.65753709538455,6
2024-09-18 14:45:02.181000,413.6281273485673,102
2024-09-18 14:45:02.231000,413.6907645770552,99
2024-09-18 14:45:02.232000,413.6644936654042,96
2024-09-18 14:45:02.300000,413.6829664861668,996
2024-09-18 14:45:02.311000,413.6979507584453,98
2024-09-18 14:45:02.317000,413.69784547676346,1001
2024-09-18 14:45:02.369000,413.6753699515281,10
2024-09-18 14:45:02.416000,413.67579823237344,95
2024-09-18 14:45:02.466000,413.6486181290138,97
2024-09-18 14:45:02.504000,413.66068241249695,999
2024-09-18 14:45:02.549000,413.68629350909566,101
2024-09-18 14:45:02.687000,413.6931761936376,996
2024-09-18 14:45:02.689000,413.6524790285127,997
2024-09-18 14:45:02.710000,413.6772040360301,1001
2024-09-18 14:45:02.776000,413.6705708835064,1003
2024-09-18 14:45:02.782000,413.7063845283184,14
2024-09-18 14:45:02.791000,413.6878571586922,5
2024-09-18 14:45:02.802000,413.7069872871515,996
2024-09-18 14:45:02.849000,413.683930139767,8
2024-09-18 14:45:02.875000,413.65292001913247,15
2024-09-18 14:45:02.882000,413.6538524501622,13
2024-09-18 14:45:02.885000,413.7013420115579,11
2024-09-18 14:45:02.983000,413.6616931337916,13
2024-09-18 14:45:02.992000,413.6635365885427,12
2024-09-18 14:45:03.229000,413.6586744424507,1003
2024-09-18 14:45:04.057000,413.5655620101993,995
2024-09-18 14:45:04.195000,413.5970302502223,11
2024-09-18 14:45:04.224000,413.57233609335,995
2024-09-18 14:45:04.245000,413.5762065713559,8
2024-09-18 14:45:04.245000,413.605244535029,103
2024-09-18 14:45:04.306000,413.6036330783757,99
2024-09-18 14:45:04.344000,413.5914498275202,1002
2024-09-18 14:45:04.348000,413.5581554851129,998
2024-09-18 14:45:04.351000,413.6247360095588,12
2024-09-18 14:45:04.412000,413.5890845448666,6
2024-09-18 14:45:04.468000,413.6404821196506,8
2024-09-18 14:45:04.484000,413.5852561596232,1004
2024-09-18 14:45:04.507000,413.6400946936844,7
2024-09-18 14:45:04.509000,413.58929760178194,1002
2024-09-18 14:45:04.571000,413.5683037020005,1004
2024-09-18 14:45:04.621000,413.6118589212944,995
2024-09-18 14:45:04.639000,413.6020367912415,6
2024-09-18 14:45:04.645000,413.588936817362,1005
2024-09-18 14:45:04.774000,413.6283004661908,101
2024-09-18 14:45:04.786000,413.5620994466054,96
2024-09-18 14:45:04.822000,413.594399384486,9
2024-09-18 14:45:04.845000,413.5775033983909,96
2024-09-18 14:45:04.914000,413.5949002634748,996
2024-09-18 14:45:04.919000,413.60139510852855,996
2024-09-18 14:45:04.921000,413.5682398093135,100
2024-09-18 14:45:04.963000,413.595180637158,9
2024-09-18 14:45:04.989000,413.60278886963846,98
2024-09-18 14:45:04.990000,413.5739636912626,99
2024-09-18 14:45:05.021000,413.491577776373,6
2024-09-18 14:45:05.079000,413.52886016643504,997
2024-09-18 14:45:05.126000,413.5394666865631,1003
2024-09-18 14:45:05.153000,413.5679536112074,11
2024-09-18 14:45:05.209000,413.5315425311196,100
2024-09-18 14:45:05.217000,413.5121791119848,998
2024-09-18 14:45:05.327000,413.54331564757786,11
2024-09-18 14:45:05.359000,413.5306022397325,5
2024-09-18 14:45:05.367000,413.5319223776692,96
2024-09-18 14:45:05.406000,413.5728188175049,1003
2024-09-18 14:45:05.414000,407.48960130629735,1003
2024-09-18 14:45:05.429000,413.586757149981,999
2024-09-18 14:45:05.457000,413.52239205794336,100
2024-09-18 14:45:05.496000,413.52480757316647,105
2024-09-18 14:45:05.506000,413.498496379198,14
2024-09-18 14:45:05.519000,413.5494649768292,9
2024-09-18 14:45:05.543000,413.5283677278184,7
2024-09-18 14:45:05.590000,413.56220848531495,10
2024-09-18 14:45:05.627000,413.55215614542266,101
2024-09-18 14:45:05.652000,413.4925868112492,7
2024-09-18 14:45:05.655000,413.4785327172933,996
2024-09-18 14:45:05.687000,413.6079435148007,103
2024-09-18 14:45:05.719000,413.5387771845332,95
2024-09-18 14:45:05.749000,413.5501773130961,103
2024-09-18 14:45:05.761000,413.48634699464645,1004
2024-09-18 14:45:05.913000,413.5296850695992,1000
2024-09-18 14:45:05.918000,413.562694043575,13
2024-09-18 14:45:05.961000,413.559675700847,101
2024-09-18 14:45:05.978000,413.5009069252724,95
2024-09-18 14:45:06.396000,413.5868331998612,1004
2024-09-18 14:45:06.435000,413.5922632933427,996
2024-09-18 14:45:06.923000,413.59505644111175,99
2024-09-18 14:45:07.021000,413.6092467332156,997
2024-09-18 14:45:07.226000,413.6142136183444,1002
2024-09-18 14:45:07.272000,413.600076696892,998
2024-09-18 14:45:07.384000,413.5655038451182,14
2024-09-18 14:45:07.466000,413.5843186167467,1001
2024-09-18 14:45:07.663000,413.5831870410058,14
2024-09-18 14:45:07.815000,413.5936559057972,11
2024-09-18 14:45:07.950000,413.6065478433543,105
2024-09-18 14:45:07.980000,413.6030475383132,105
2024-09-18 14:45:07.998000,413.6114626225661,1001
2024-09-18 14:45:08.028000,413.73236392645646,1004
2024-09-18 14:45:08.041000,413.70561488214366,1003
2024-09-18 14:45:08.066000,413.7283292575336,99
2024-09-18 14:45:08.090000,413.6888610108964,98
2024-09-18 14:45:08.132000,413.69968868793615,998
2024-09-18 14:45:08.201000,413.7576114101107,1003
2024-09-18 14:45:08.210000,413.7149075159463,103
2024-09-18 14:45:08.233000,413.744270300614,10
2024-09-18 14:45:08.310000,413.6989920310765,1005
2024-09-18 14:45:08.327000,413.66057966617126,12
2024-09-18 14:45:08.479000,413.75583687505485,1004
2024-09-18 14:45:08.514000,413.7111290890611,1003
2024-09-18 14:45:08.548000,413.7127125459367,97
2024-09-18 14:45:08.579000,413.6401835455536,105
2024-09-18 14:45:08.584000,413.72640267553226,1005
2024-09-18 14:45:08.663000,413.7135732862091,997
2024-09-18 14:45:08.686000,413.711526874256,96
2024-09-18 14:45:08.785000,413.7530661084621,999
2024-09-18 14:45:08.808000,413.7544944733469,1002
2024-09-18 14:45:08.920000,413.7585844623556,1004
2024-09-18 14:45:08.924000,413.613195452206,8
2024-09-18 14:45:08.931000,413.7059133085681,9
2024-09-18 14:45:08.977000,413.76296224046814,1005
2024-09-18 14:45:09.036000,413.74009577125776,1002
2024-09-18 14:45:09.081000,413.77406325846897,6
2024-09-18 14:45:09.104000,407.39026452903937,1005
2024-09-18 14:45:09.109000,413.7866462130951,95
2024-09-18 14:45:09.126000,413.725814561156,9
2024-09-18 14:45:09.265000,413.72335619306455,997
2024-09-18 14:45:09.279000,413.74934522002224,7
2024-09-18 14:45:09.300000,413.7523618975282,8
2024-09-18 14:45:09.375000,413.7160282766271,9
2024-09-18 14:45:09.378000,413.73239209944927,97
2024-09-18 14:45:09.495000,413.77033711887714,1001
2024-09-18 14:45:09.526000,413.7847776053563,100
2024-09-18 14:45:09.727000,413.7710857644334,1002
2024-09-18 14:45:09.779000,413.7308312543707,104
2024-09-18 14:45:09.799000,413.7806442195808,96
2024-09-18 14:45:09.805000,413.7440872005717,1005
2024-09-18 14:45:09.834000,413.76113454931135,95
2024-09-18 14:45:09.840000,413.7691497152679,1004
2024-09-18 14:45:09.916000,413.7536195923289,99
2024-09-18 14:45:09.919000,413.7418970168504,10
2024-09-18 14:45:09.981000,413.7613005410719,99
2024-09-18 14:45:10.149000,413.7082701731396,996
2024-09-18 14:45:10.155000,413.70976950586265,12
2024-09-18 14:45:10.162000,413.7114532747582,99
2024-09-18 14:45:10.202000,413.7147600599078,8
2024-09-18 14:45:10.223000,413.7502709946966,102
2024-09-18 14:45:10.299000,413.686311730672,7
2024-09-18 14:45:10.362000,413.68713337124495,13
2024-09-18 14:45:10.383000,413.7166473526867,95
2024-09-18 14:45:10.588000,413.7253986326629,1001
2024-09-18 14:45:10.605000,413.6851827310373,1002
2024-09-18 14:45:10.691000,413.7535041568538,98
2024-09-18 14:45:10.714000,413.654282195341,997
2024-09-18 14:45:10.729000,413.7158920195106,999
2024-09-18 14:45:10.773000,413.6924645060151,102
2024-09-18 14:45:10.790000,413.6615165565148,14
2024-09-18 14:45:10.857000,413.6926897140401,14
2024-09-18 14:45:10.902000,413.7103338764618,102
2024-09-18 14:45:10.962000,413.74540371748094,1004
2024-09-18 14:45:10.968000,413.7214764520765,1002
2024-09-18 14:45:10.972000,413.6800436796072,14
2024-09-18 14:45:11.165000,413.58440755234375,6
2024-09-18 14:45:11.392000,413.6417021238447,97
2024-09-18 14:45:11.425000,413.604597955599,96
2024-09-18 14:45:11.427000,413.6552931425399,13
2024-09-18 14:45:11.457000,413.61878505532906,996
2024-09-18 14:45:11.641000,413.6557791254692,1005
2024-09-18 14:45:11.667000,413.6171892809096,96
2024-09-18 14:45:11.669000,413.59038804536505,1001
2024-09-18 14:45:11.914000,413.6239980418488,103
2024-09-18 14:45:12.179000,413.6004279180928,10
2024-09-18 14:45:12.181000,413.5507615983028,12
2024-09-18 14:45:12.181000,413.60682824288097,101
2024-09-18 14:45:12.236000,413.542810296834,11
2024-09-18 14:45:12.298000,413.60142693512375,96
2024-09-18 14:45:12.325000,413.56166304125566,1001
2024-09-18 14:45:12.397000,413.5441371521546,6
2024-09-18 14:45:12.448000,413.5586410059829,9
2024-09-18 14:45:12.478000,413.54797276741664,8
2024-09-18 14:45:12.508000,413.5855221615817,98
2024-09-18 14:45:12.515000,413.5917135802612,98
2024-09-18 14:45:12.552000,413.5362416434707,1003
2024-09-18 14:45:12.588000,413.5662223755572,1001
2024-09-18 14:45:12.599000,413.5854337512939,7
2024-09-18 14:45:12.602000,413.5602215049162,998
2024-09-18 14:45:12.617000,413.547408235662,97
2024-09-18 14:45:12.679000,413.5667521542844,1004
2024-09-18 14:45:12.687000,413.5643354359,97
2024-09-18 14:45:12.752000,413.6079871513621,103
2024-09-18 14:45:12.772000,413.5525811465018,96
2024-09-18 14:45:12.832000,413.5597163625768,11
2024-09-18 14:45:12.856000,413.562015607412,997
2024-09-18 14:45:12.864000,413.59243871858587,1002
2024-09-18 14:45:12.884000,413.535151790225,1005
2024-09-18 14:45:12.925000,413.5442269600742,103
2024-09-18 14:45:12.926000,413.56661002789326,102
2024-09-18 14:45:12.954000,413.572135586366,12
2024-09-18 14:45:12.960000,413.5929160642475,96
2024-09-18 14:45:12.991000,413.5525388295152,100
2024-09-18 14:45:12.997000,413.600882602584,999
2024-09-18 14:45:13.031000,413.48373611710826,103
2024-09-18 14:45:13.051000,413.522601400382,6
2024-09-18 14:45:13.111000,413.5374417962073,6
2024-09-18 14:45:13.165000,413.53557891813193,1004
2024-09-18 14:45:13.169000,413.5092610040514,95
2024-09-18 14:45:13.172000,413.5041345074803,995
2024-09-18 14:45:13.194000,413.4970465387281,1002
2024-09-18 14:45:13.260000,413.5424369107308,98
2024-09-18 14:45:13.264000,413.5497412012184,104
2024-09-18 14:45:13.335000,413.5532857416719,104
2024-09-18 14:45:13.386000,413.52415305363513,13
2024-09-18 14:45:13.425000,413.4858000534181,999
2024-09-18 14:45:13.427000,413.5284812805612,996
2024-09-18 14:45:13.468000,413.4949223869987,99
2024-09-18 14:45:13.497000,413.5471739445477,14
2024-09-18 14:45:13.540000,413.5194390085405,13
2024-09-18 14:45:13.548000,413.51030261773656,95
2024-09-18 14:45:13.559000,413.5031013482137,10
2024-09-18 14:45:13.563000,413.4965686000239,10
2024-09-18 14:45:13.662000,413.5563029601757,100
2024-09-18 14:45:13.682000,413.496561259748,1005
2024-09-18 14:45:13.682000,413.5283955235227,11
2024-09-18 14:45:13.687000,413.52024326350016,5
2024-09-18 14:45:13.689000,413.4985204341393,103
2024-09-18 14:45:13.718000,413.4920251798191,104
2024-09-18 14:45:13.817000,413.4993043170332,1005
2024-09-18 14:45:13.829000,413.5235279893648,95
2024-09-18 14:45:13.850000,413.5074113576052,999
2024-09-18 14:45:13.870000,413.5157608074104,999
2024-09-18 14:45:14.014000,413.516386330416,14
2024-09-18 14:45:14.069000,413.5020253457997,13
2024-09-18 14:45:14.109000,413.4913349208235,995
2024-09-18 14:45:14.298000,413.49391374952063,996
2024-09-18 14:45:14.298000,413.54313781785714,8
2024-09-18 14:45:14.325000,413.4769258877794,1001
2024-09-18 14:45:14.405000,413.47812414581,8
2024-09-18 14:45:14.447000,413.49580603029057,102
2024-09-18 14:45:14.486000,413.4910098456909,104
2024-09-18 14:45:14.503000,413.5320344031898,7
2024-09-18 14:45:14.537000,413.5332225120172,995
2024-09-18 14:45:14.552000,413.4820296004205,1003
2024-09-18 14:45:14.607000,407.3040574920635,7
2024-09-18 14:45:14.755000,413.4811579756482,7
2024-09-18 14:45:14.795000,413.477448442253,8
2024-09-18 14:45:15.014000,413.5471583099675,15
2024-09-18 14:45:15.069000,413.54333690434896,102
2024-09-18 14:45:15.071000,413.51240949958856,1001
2024-09-18 14:45:15.149000,413.5548502163582,13
2024-09-18 14:45:15.220000,413.5627238878024,1004
2024-09-18 14:45:15.278000,413.5620088597122,8
2024-09-18 14:45:15.280000,413.5574880560624,998
2024-09-18 14:45:15.308000,413.5112933023709,6
2024-09-18 14:45:15.313000,413.5227986502354,97
2024-09-18 14:45:15.320000,413.5413407555959,101
2024-09-18 14:45:15.334000,413.5574408064708,99
2024-09-18 14:45:15.379000,413.5335097353411,97
2024-09-18 14:45:15.391000,413.5523718529591,13
2024-09-18 14:45:15.415000,413.5549178978253,1005
2024-09-18 14:45:15.450000,413.5240699028944,10
2024-09-18 14:45:15.533000,413.5584686627292,1005
2024-09-18 14:45:15.560000,413.5563312790508,1003
2024-09-18 14:45:15.583000,413.525473255266,12
2024-09-18 14:45:15.599000,413.5398289073752,7
2024-09-18 14:45:15.796000,413.5402491035584,97
2024-09-18 14:45:15.808000,413.5292425021959,997
2024-09-18 14:45:15.855000,413.5456457477405,5
2024-09-18 14:45:15.919000,413.53582937102544,11
2024-09-18 14:45:15.923000,413.54431125372827,9
2024-09-18 14:45:15.930000,413.5518575318519,995
2024-09-18 14:45:15.974000,413.540686198085,14
2024-09-18 14:45:16.091000,413.6229830549867,999
2024-09-18 14:45:16.126000,413.5683656895792,98
2024-09-18 14:45:16.165000,413.60859510503286,9
2024-09-18 14:45:16.298000,413.6004950277184,1005
2024-09-18 14:45:16.398000,413.5978150331903,8
2024-09-18 14:45:16.581000,413.588003293972,995
2024-09-18 14:45:16.696000,413.5808118245313,15
2024-09-18 14:45:16.853000,413.5824176509304,997
2024-09-18 14:45:17.100000,413.62024479279097,12
2024-09-18 14:45:17.112000,413.5975228609282,1002
2024-09-18 14:45:17.144000,413.6206237401294,7
2024-09-18 14:45:17.288000,413.58942199487774,99
2024-09-18 14:45:17.292000,413.62721200125065,104
2024-09-18 14:45:17.372000,413.62628475457217,11
2024-09-18 14:45:17.543000,413.6060971483306,14
2024-09-18 14:45:17.995000,413.61217577297657,105
2024-09-18 14:45:18.210000,413.5701513905557,1000
2024-09-18 14:45:18.218000,413.5573589429116,14
2024-09-18 14:45:18.333000,407.30180769184966,102
2024-09-18 14:45:18.397000,413.547641215986,1002
2024-09-18 14:45:18.506000,413.5576036646798,98
2024-09-18 14:45:18.742000,413.5366952301812,6
2024-09-18 14:45:18.846000,413.5887339848279,6
2024-09-18 14:45:19.008000,413.48162145699706,1005
2024-09-18 14:45:19.027000,413.5095625882845,13
2024-09-18 14:45:19.063000,413.5120717079244,15
2024-09-18 14:45:19.080000,413.53092060091535,999
2024-09-18 14:45:19.140000,413.4842377470529,98
2024-09-18 14:45:19.142000,413.4702633695301,1003
2024-09-18 14:45:19.156000,413.50935301585656,11
2024-09-18 14:45:19.207000,413.4647773502726,100
2024-09-18 14:45:19.267000,413.5453661932596,999
2024-09-18 14:45:19.301000,413.481400162702,996
2024-09-18 14:45:19.302000,413.4915053828647,95
2024-09-18 14:45:19.359000,413.5352578485689,102
2024-09-18 14:45:19.367000,413.4895426106812,13
2024-09-18 14:45:19.445000,413.5190560597623,97
2024-09-18 14:45:19.486000,413.5428593793942,15
2024-09-18 14:45:19.486000,413.47536726891855,12
2024-09-18 14:45:19.540000,413.5300259233091,12
2024-09-18 14:45:19.561000,413.48866950198095,995
2024-09-18 14:45:19.573000,413.5394058210968,1004
2024-09-18 14:45:19.673000,413.4946819050349,1003
2024-09-18 14:45:19.719000,413.53930449466,100
2024-09-18 14:45:19.720000,413.479704001679,1005
2024-09-18 14:45:19.734000,413.4949837224717,15
2024-09-18 14:45:19.889000,413.5002861821888,996
2024-09-18 14:45:19.893000,413.5396311855845,9
2024-09-18 14:45:19.965000,413.51685694931285,98
2024-09-18 14:45:21.008000,413.5146118559363,103
2024-09-18 14:45:21.303000,413.5265956894094,103
2024-09-18 14:45:21.585000,413.5197532562129,995
2024-09-18 14:45:21.754000,413.5066635196594,14
2024-09-18 14:45:21.818000,413.4876639711504,99
2024-09-18 14:45:22.217000,413.500548778849,99
2024-09-18 14:45:22.371000,413.5037576819058,102
2024-09-18 14:45:22.455000,413.5222400130177,98
2024-09-18 14:45:22.553000,413.49314823752826,5
2024-09-18 14:45:22.862000,413.5279428849801,996
2024-09-18 14:45:22.888000,413.4779397362616,102
2024-09-18 14:45:22.958000,413.514530734975,1004
2024-09-18 14:45:23.030000,413.4923040611948,95
2024-09-18 14:45:23.033000,413.457849711751,13
2024-09-18 14:45:23.185000,413.4782101300356,15
2024-09-18 14:45:23.213000,413.46400669517465,100
2024-09-18 14:45:23.283000,413.5018533214625,98
2024-09-18 14:45:23.400000,413.5143121450481,996
2024-09-18 14:45:23.406000,413.4863763325664,1003
2024-09-18 14:45:23.439000,413.45739359762246,996
2024-09-18 14:45:23.537000,413.4748418604996,105
2024-09-18 14:45:23.537000,413.4721477755709,1002
2024-09-18 14:45:23.548000,413.49958223082814,102
2024-09-18 14:45:23.652000,413.4929647805786,1001
2024-09-18 14:45:23.739000,413.48244056009975,10
2024-09-18 14:45:23.812000,413.4975627951358,1003
2024-09-18 14:45:23.822000,413.4593244834527,1000
2024-09-18 14:45:23.988000,413.4887233728639,996
2024-09-18 14:45:24.020000,413.4883313047883,11
2024-09-18 14:45:24.023000,413.4692841625305,102
2024-09-18 14:45:24.107000,413.4275040642954,1003
2024-09-18 14:45:24.153000,413.4116044923927,998
2024-09-18 14:45:24.176000,413.475985144663,8
2024-09-18 14:45:24.194000,413.4929742788804,102
2024-09-18 14:45:24.222000,413.500165681187,99
2024-09-18 14:45:24.267000,413.4462281018246,95
2024-09-18 14:45:24.418000,413.4745786131972,14
2024-09-18 14:45:24.446000,413.41932567124,14
2024-09-18 14:45:24.449000,413.4691105674163,999
2024-09-18 14:45:24.475000,413.4631142544655,10
2024-09-18 14:45:24.505000,413.493195428978,1003
2024-09-18 14:45:24.555000,413.4127192146592,100
2024-09-18 14:45:24.573000,413.4611736484793,95
2024-09-18 14:45:24.586000,413.4254556549977,1000
2024-09-18 14:45:24.625000,413.4643357194057,997
2024-09-18 14:45:24.717000,413.4775405011423,6
2024-09-18 14:45:24.787000,413.45548737296656,1003
2024-09-18 14:45:24.834000,413.4765730703707,97
2024-09-18 14:45:24.908000,413.4100986706008,1003
2024-09-18 14:45:25.043000,413.4217012919089,1004
2024-09-18 14:45:25.132000,413.4036184611298,7
2024-09-18 14:45:25.253000,413.41961820263657,100
2024-09-18 14:45:25.265000,413.4470343572368,1004
2024-09-18 14:45:25.281000,413.42935225492806,95
2024-09-18 14:45:25.463000,413.4333695778104,6
2024-09-18 14:45:25.574000,413.43815382119016,6
2024-09-18 14:45:25.671000,413.39150275266667,12
2024-09-18 14:45:25.736000,413.4322661347816,1002
2024-09-18 14:45:25.885000,413.4116886128485,11
2024-09-18 14:45:25.976000,413.4365275983573,15
2024-09-18 14:45:26.136000,413.4640120958781,997
2024-09-18 14:45:26.633000,413.46111910905057,98
2024-09-18 14:45:26.659000,413.4707086772052,12
2024-09-18 14:45:26.719000,413.4454901931198,5
2024-09-18 14:45:27.089000,413.4843698961958,104
2024-09-18 14:45:27.123000,413.62142364759615,95
2024-09-18 14:45:27.153000,413.6294356744519,102
2024-09-18 14:45:27.269000,413.52884594320966,13
2024-09-18 14:45:27.406000,413.6049144034532,14
2024-09-18 14:45:27.566000,413.4927868696581,9
2024-09-18 14:45:27.615000,413.6371755365366,15
2024-09-18 14:45:27.621000,413.545063036316,8
2024-09-18 14:45:27.649000,413.6253360652067,100
2024-09-18 14:45:27.689000,413.6350962852874,98
2024-09-18 14:45:27.733000,413.5232190992803,7
2024-09-18 14:45:27.761000,413.5610368861792,102
2024-09-18 14:45:27.771000,413.6183626483896,9
2024-09-18 14:45:27.776000,413.612038946137,9
2024-09-18 14:45:27.803000,413.6483472293338,1000
2024-09-18 14:45:27.891000,413.6009449619469,8
2024-09-18 14:45:27.936000,413.49950870996327,1004
2024-09-18 14:45:27.951000,413.5054124396616,100
2024-09-18 14:45:28.038000,413.5700847000855,98
2024-09-18 14:45:28.057000,413.5681657944321,105
2024-09-18 14:45:28.262000,413.573483867815,105
2024-09-18 14:45:28.302000,413.5628062821825,11
2024-09-18 14:45:28.471000,413.5751523802032,5
2024-09-18 14:45:28.551000,413.55017945936015,1001
2024-09-18 14:45:28.564000,413.5483892249038,5
2024-09-18 14:45:28.592000,413.57518629911135,95
2024-09-18 14:45:28.607000,413.5525411872613,5
2024-09-18 14:45:28.625000,413.5481661630791,7
2024-09-18 14:45:28.706000,413.5667398853261,99
2024-09-18 14:45:28.716000,413.6236591351589,15
2024-09-18 14:45:28.733000,413.6118692471141,14
2024-09-18 14:45:28.739000,413.597135396325,998
2024-09-18 14:45:28.902000,413.55402994232327,14
2024-09-18 14:45:28.911000,413.5716404703895,12
2024-09-18 14:45:28.933000,413.5980822803321,12
2024-09-18 14:45:28.951000,413.5523884277917,103
2024-09-18 14:45:28.959000,413.6321737344,997
2024-09-18 14:45:28.964000,413.5631104614084,8
2024-09-18 14:45:29.216000,413.5318365284157,5
2024-09-18 14:45:29.230000,413.5187717598049,100
2024-09-18 14:45:29.290000,413.505982221624,1000
2024-09-18 14:45:29.320000,413.55023909759,11
2024-09-18 14:45:29.377000,413.52345448090006,100
2024-09-18 14:45:29.400000,413.5261345232833,996
2024-09-18 14:45:29.424000,413.5147443291414,101
2024-09-18 14:45:29.447000,413.5296793553171,997
2024-09-18 14:45:29.560000,413.5012078914752,12
2024-09-18 14:45:29.591000,413.52441436409305,98
2024-09-18 14:45:29.601000,413.524498929482,6
2024-09-18 14:45:29.665000,413.5051443938799,9
2024-09-18 14:45:29.702000,413.5200105316889,6
2024-09-18 14:45:29.815000,413.5501790932936,997
2024-09-18 14:45:29.818000,413.52750620251066,95
2024-09-18 14:45:29.819000,413.5092369204565,1004
2024-09-18 14:45:29.844000,413.53124953674615,6
2024-09-18 14:45:29.863000,413.5389293825912,1002
2024-09-18 14:45:29.879000,413.5135114109641,13
2024-09-18 14:45:29.881000,413.5104114742587,95
2024-09-18 14:45:29.889000,413.5135783645298,101
2024-09-18 14:45:29.944000,413.5371221961558,14
2024-09-18 14:45:30.058000,413.5543630699885,1001
2024-09-18 14:45:30.067000,413.52102725138167,1005
2024-09-18 14:45:30.094000,413.5630593419333,1001
2024-09-18 14:45:30.125000,413.5524280332471,95
2024-09-18 14:45:30.146000,413.5381304397974,5
2024-09-18 14:45:30.150000,413.5254641254817,8
2024-09-18 14:45:30.319000,413.5262812512293,97
2024-09-18 14:45:30.337000,413.5471838584054,1001
2024-09-18 14:45:30.562000,413.52469076659554,97
2024-09-18 14:45:30.592000,413.5094310344902,6
2024-09-18 14:45:30.843000,413.5200730272505,10
2024-09-18 14:45:30.861000,413.5321996169576,11
2024-09-18 14:45:30.916000,413.55251150326745,9
2024-09-18 14:45:30.992000,413.5236051614454,1005
2024-09-18 14:45:31.024000,413.5931790486028,998
2024-09-18 14:45:31.073000,413.5951742720024,13
2024-09-18 14:45:31.156000,413.5958810433999,999
2024-09-18 14:45:31.177000,413.5834547760936,12
2024-09-18 14:45:31.276000,413.59807761085017,97
2024-09-18 14:45:31.278000,413.5835716321397,995
2024-09-18 14:45:31.305000,413.5888168620796,105
2024-09-18 14:45:31.383000,413.57578473398695,1001
2024-09-18 14:45:31.405000,413.5335853981854,1003
2024-09-18 14:45:31.412000,413.5807696331248,10
2024-09-18 14:45:31.440000,413.60200180402353,997
2024-09-18 14:45:31.474000,413.5517127241913,95
2024-09-18 14:45:31.512000,413.5379888195487,99
2024-09-18 14:45:31.541000,413.5996407555936,96
2024-09-18 14:45:31.579000,413.5839658411575,7
2024-09-18 14:45:31.615000,413.5990303565377,102
2024-09-18 14:45:31.709000,413.5618714976666,6
2024-09-18 14:45:31.773000,413.5802665844381,1005
2024-09-18 14:45:31.836000,413.594425789989,8
2024-09-18 14:45:31.859000,413.5775835060266,999
2024-09-18 14:45:31.863000,413.5702348770956,7
2024-09-18 14:45:31.896000,413.58904434970816,98
2024-09-18 14:45:31.906000,413.5792358938593,998
2024-09-18 14:45:31.920000,413.55768334739633,1002
2024-09-18 14:45:31.929000,413.5735715321283,997
2024-09-18 14:45:32.259000,407.3665004486367,7
2024-09-18 14:45:32.449000,413.5483840076031,7
2024-09-18 14:45:32.550000,413.56201418246695,103
2024-09-18 14:45:32.646000,413.5521118860013,7
2024-09-18 14:45:32.649000,413.5722393825475,9
2024-09-18 14:45:32.669000,413.558635608269,6
2024-09-18 14:45:32.673000,413.5643347415,15
2024-09-18 14:45:32.731000,413.57408338984607,98
2024-09-18 14:45:33.037000,413.58423525840175,1001
2024-09-18 14:45:33.040000,413.547045657632,997
2024-09-18 14:45:33.091000,413.5303336624618,5
2024-09-18 14:45:33.102000,413.5459214612295,1001
2024-09-18 14:45:33.188000,413.48785152519696,7
2024-09-18 14:45:33.190000,413.56311997960313,6
2024-09-18 14:45:33.195000,413.51848599084633,7
2024-09-18 14:45:33.209000,413.5177207827623,998
2024-09-18 14:45:33.226000,413.54994926229926,14
2024-09-18 14:45:33.236000,413.5441673176282,1004
2024-09-18 14:45:33.295000,413.5228208551492,7
2024-09-18 14:45:33.386000,413.5070516734093,998
2024-09-18 14:45:33.395000,413.5336386903656,995
2024-09-18 14:45:33.419000,413.54396115867377,96
2024-09-18 14:45:33.582000,413.5527743165703,995
2024-09-18 14:45:33.610000,413.4976674629979,1003
2024-09-18 14:45:33.612000,413.5532030294779,98
2024-09-18 14:45:33.657000,413.547231606662,10
2024-09-18 14:45:33.668000,413.5629246140641,101
2024-09-18 14:45:33.722000,413.5714374126517,9
2024-09-18 14:45:33.724000,413.5418210850001,98
2024-09-18 14:45:33.759000,413.5368451747008,97
2024-09-18 14:45:33.802000,413.57345586020136,102
2024-09-18 14:45:33.841000,413.54135691121024,999
2024-09-18 14:45:33.901000,413.5235459515459,100
2024-09-18 14:45:33.931000,413.5846365166055,1001
2024-09-18 14:45:33.968000,413.5503612652497,98
2024-09-18 14:45:33.992000,413.58048813027233,105
2024-09-18 14:45:34.008000,413.555123519543,7
2024-09-18 14:45:34.092000,413.5371028734709,104
2024-09-18 14:45:34.127000,413.55399215539614,999
2024-09-18 14:45:34.133000,413.52069805493744,96
2024-09-18 14:45:34.138000,413.5034173471125,105
2024-09-18 14:45:34.293000,413.5441690034583,996
2024-09-18 14:45:34.302000,413.5189501493708,104
2024-09-18 14:45:34.337000,413.4857259030428,9
2024-09-18 14:45:34.421000,413.5450089608117,15
2024-09-18 14:45:34.458000,413.4915763622092,101
2024-09-18 14:45:34.494000,413.5235811088302,11
2024-09-18 14:45:34.585000,413.5044270254153,1000
2024-09-18 14:45:34.615000,413.5152671346038,1004
2024-09-18 14:45:34.677000,413.498029184144,12
2024-09-18 14:45:34.818000,413.5307955986169,11
2024-09-18 14:45:34.893000,413.5175210424941,8
2024-09-18 14:45:34.905000,413.5587613458055,9
2024-09-18 14:45:34.942000,413.5225416186628,1005
2024-09-18 14:45:35.016000,413.50464063173655,95
2024-09-18 14:45:35.097000,413.5056889847749,998
2024-09-18 14:45:35.161000,413.5060672327889,1005
2024-09-18 14:45:35.243000,413.50475748944086,9
2024-09-18 14:45:36.275000,413.5065897816439,8
2024-09-18 14:45:37.016000,413.478046488267,8
2024-09-18 14:45:37.090000,413.4875680789217,104
2024-09-18 14:45:37.122000,413.4989881686315,1000
2024-09-18 14:45:37.133000,413.5063622942608,96
2024-09-18 14:45:37.134000,413.4916309585012,96
2024-09-18 14:45:37.227000,413.4961696361941,98
2024-09-18 14:45:37.295000,413.49094981131367,102
2024-09-18 14:45:37.306000,413.505167557161,14
2024-09-18 14:45:37.311000,413.5024031638888,1004
2024-09-18 14:45:37.364000,413.5200139976244,95
2024-09-18 14:45:37.370000,413.4873987139284,1004
2024-09-18 14:45:37.406000,413.5006042928337,999
2024-09-18 14:45:37.413000,413.4955411266844,1005
2024-09-18 14:45:37.450000,413.4830727090862,7
2024-09-18 14:45:37.459000,413.4880108491569,96
2024-09-18 14:45:37.460000,413.4714918809189,7
2024-09-18 14:45:37.471000,413.4853100649275,12
2024-09-18 14:45:37.487000,413.46389642619454,96
2024-09-18 14:45:37.556000,413.4888281986172,97
2024-09-18 14:45:37.642000,413.48726322386767,15
2024-09-18 14:45:37.665000,413.48535111028457,101
2024-09-18 14:45:37.676000,413.4904099507555,104
2024-09-18 14:45:37.697000,413.5032643014979,6
2024-09-18 14:45:37.735000,413.4876244548796,5
2024-09-18 14:45:37.868000,413.4811224960764,97
2024-09-18 14:45:37.912000,413.4905555055933,102
2024-09-18 14:45:37.919000,413.4727023957682,13
2024-09-18 14:45:37.958000,413.4756304846404,96
2024-09-18 14:45:37.965000,413.5125271661806,7
2024-09-18 14:45:38.281000,413.5210533412527,995
2024-09-18 14:45:39.058000,413.5185277444653,99
2024-09-18 14:45:39.130000,413.554567077551,1003
2024-09-18 14:45:39.157000,413.5064014404391,5
2024-09-18 14:45:39.158000,413.5266717013004,99
2024-09-18 14:45:39.199000,413.5684653520404,102
2024-09-18 14:45:39.206000,413.51369758488863,999
2024-09-18 14:45:39.296000,413.5075200187636,100
2024-09-18 14:45:39.330000,413.4952308639178,95
2024-09-18 14:45:39.335000,413.5250253973837,105
2024-09-18 14:45:39.403000,413.5483269142492,14
2024-09-18 14:45:39.430000,413.5187492854876,100
2024-09-18 14:45:39.434000,413.566829724065,1005
2024-09-18 14:45:39.441000,413.52666396871575,95
2024-09-18 14:45:39.491000,413.5412484852591,95
2024-09-18 14:45:39.595000,413.5363621252944,103
2024-09-18 14:45:39.670000,413.50016103556,1001
2024-09-18 14:45:39.719000,413.5287253648849,1003
2024-09-18 14:45:39.724000,413.5349240685608,1005
2024-09-18 14:45:39.748000,413.54764700067767,5
2024-09-18 14:45:39.819000,413.5213434300479,102
2024-09-18 14:45:39.823000,413.5685115809772,995
2024-09-18 14:45:39.836000,413.50208493796,1003
2024-09-18 14:45:39.897000,413.5505211710517,15
2024-09-18 14:45:39.906000,413.5172560789555,13
2024-09-18 14:45:39.906000,413.55747068436966,97
2024-09-18 14:45:39.959000,413.5243105923515,101
2024-09-18 14:45:39.980000,413.50234295755706,998
2024-09-18 14:45:39.990000,413.5606220875292,99
2024-09-18 14:45:40.070000,413.5206672333234,996
2024-09-18 14:45:40.242000,413.5158846135287,96
2024-09-18 14:45:40.391000,413.5467031581652,6
2024-09-18 14:45:40.394000,413.5302414969539,97
2024-09-18 14:45:40.476000,413.5443550615453,12
2024-09-18 14:45:40.576000,413.52462567367337,997
2024-09-18 14:45:40.992000,413.54262447426703,1005
2024-09-18 14:45:41.032000,413.58714794917614,1004
2024-09-18 14:45:41.056000,413.5926274152158,13
2024-09-18 14:45:41.066000,413.5277315243344,1004
2024-09-18 14:45:41.107000,413.5351716531922,7
2024-09-18 14:45:41.110000,413.5496459561293,100
2024-09-18 14:45:41.151000,413.5672480613629,10
2024-09-18 14:45:41.162000,413.5824322003667,995
2024-09-18 14:45:41.172000,413.5679871198015,96
2024-09-18 14:45:41.231000,413.55985344370526,14
2024-09-18 14:45:41.425000,413.6161100280255,998
2024-09-18 14:45:41.441000,413.57128496803176,99
2024-09-18 14:45:41.469000,413.6308821896519,13
2024-09-18 14:45:41.472000,413.6083595470038,104
2024-09-18 14:45:41.481000,413.5782498630771,7
2024-09-18 14:45:41.505000,413.60890750865286,15
2024-09-18 14:45:41.570000,413.5426930890289,1003
2024-09-18 14:45:41.614000,413.5448486781727,998
2024-09-18 14:45:41.739000,413.5382105088463,14
2024-09-18 14:45:41.757000,413.6038660422003,998
2024-09-18 14:45:41.858000,413.5380738916237,997
2024-09-18 14:45:41.858000,413.61070017211193,998
2024-09-18 14:45:41.889000,413.627331747645,14
2024-09-18 14:45:41.895000,413.5748492108105,6
2024-09-18 14:45:41.897000,407.313056700999,995
2024-09-18 14:45:41.908000,413.618158526981,1002
2024-09-18 14:45:42.033000,413.5857169198184,96
2024-09-18 14:45:42.226000,413.59256912133134,7
2024-09-18 14:45:42.238000,413.590428306888,99
2024-09-18 14:45:42.309000,413.59421405711817,998
2024-09-18 14:45:42.423000,413.5892974114032,96
2024-09-18 14:45:42.512000,413.60092849061857,997
2024-09-18 14:45:42.525000,413.5768392913627,14
2024-09-18 14:45:42.673000,413.5845494471766,997
2024-09-18 14:45:42.880000,413.5810780223301,999
2024-09-18 14:45:43.007000,413.55502481840136,102
2024-09-18 14:45:43.058000,413.57270084747216,103
2024-09-18 14:45:43.105000,413.5370033305804,8
2024-09-18 14:45:43.150000,413.5703686257715,1001
2024-09-18 14:45:43.171000,407.28345128204296,5
2024-09-18 14:45:43.253000,413.5479548948077,12
2024-09-18 14:45:43.331000,413.5463236165851,1005
2024-09-18 14:45:43.361000,413.5444529399717,97
2024-09-18 14:45:43.416000,413.5789650897944,14
2024-09-18 14:45:43.496000,413.5729237981389,999
2024-09-18 14:45:43.528000,413.5774005375511,13
2024-09-18 14:45:43.609000,413.5677289848561,7
2024-09-18 14:45:43.706000,413.5646892733356,95
2024-09-18 14:45:43.817000,413.536661486942,1001
2024-09-18 14:45:43.863000,413.55887366944455,999
2024-09-18 14:45:43.918000,413.55354694555626,13
2024-09-18 14:45:43.926000,413.5880079042116,10
2024-09-18 14:45:43.926000,413.57598895823975,9
2024-09-18 14:45:43.976000,413.5869715550006,1000
2024-09-18 14:45:43.988000,413.58706146434326,997
2024-09-18 14:45:44.014000,413.5007674292735,1001
2024-09-18 14:45:44.097000,413.5153972849485,96
2024-09-18 14:45:44.250000,413.5343173044733,8
2024-09-18 14:45:44.289000,413.4986732484135,14
2024-09-18 14:45:44.330000,413.5223075313222,104
2024-09-18 14:45:44.352000,413.51375656402814,98
2024-09-18 14:45:44.370000,413.5043392420194,1005
2024-09-18 14:45:44.404000,413.5330854966563,10
2024-09-18 14:45:44.534000,413.5702947110888,14
2024-09-18 14:45:44.610000,413.5118393715254,95
2024-09-18 14:45:44.632000,413.52889625531486,9
2024-09-18 14:45:44.639000,413.5048698563981,95
2024-09-18 14:45:44.677000,413.5594061909646,7
2024-09-18 14:45:44.683000,413.516389983571,8
2024-09-18 14:45:44.696000,413.5355461781492,103
2024-09-18 14:45:44.729000,413.5520891674729,98
2024-09-18 14:45:44.752000,413.5246551745812,96
2024-09-18 14:45:44.866000,413.52385938123575,1004
2024-09-18 14:45:44.936000,413.52816281054976,104
2024-09-18 14:45:44.969000,413.521054411004,98
2024-09-18 14:45:45.072000,413.5674037660679,1000
2024-09-18 14:45:45.080000,413.5587018859474,8
2024-09-18 14:45:45.091000,413.5950966912064,105
2024-09-18 14:45:45.150000,413.538420386384,1000
2024-09-18 14:45:45.328000,413.5815876965314,8
2024-09-18 14:45:45.383000,413.5680473121339,15
2024-09-18 14:45:45.435000,413.5568129203428,996
2024-09-18 14:45:45.642000,413.5278187692927,95
2024-09-18 14:45:45.665000,413.6002505781422,1000
2024-09-18 14:45:46.014000,413.6199739454431,95
2024-09-18 14:45:46.182000,413.6239283737367,104
2024-09-18 14:45:46.272000,413.5853586434369,100
2024-09-18 14:45:46.380000,413.60842159820425,10
2024-09-18 14:45:46.414000,413.6187075194181,7
2024-09-18 14:45:46.440000,413.621519542212,997
2024-09-18 14:45:46.502000,413.5904803015724,996
2024-09-18 14:45:46.575000,413.5833900916913,13
2024-09-18 14:45:46.605000,413.6062894212615,98
2024-09-18 14:45:46.633000,413.597171163772,1003
2024-09-18 14:45:46.655000,413.59524518744246,1005
2024-09-18 14:45:46.723000,413.5768631219957,1002
2024-09-18 14:45:46.795000,413.5888621813856,1001
2024-09-18 14:45:46.809000,413.5995007975274,101
2024-09-18 14:45:46.823000,413.62474250610313,95
2024-09-18 14:45:46.865000,413.5739229810778,99
2024-09-18 14:45:46.920000,413.5986348651087,9
2024-09-18 14:45:46.951000,413.6076864776933,8
2024-09-18 14:45:46.976000,413.6067770725656,7
2024-09-18 14:45:47.002000,413.59329931785663,8
2024-09-18 14:45:47.004000,413.5533614385744,102
2024-09-18 14:45:47.034000,413.5850135861924,11
2024-09-18 14:45:47.070000,413.5713099834175,102
2024-09-18 14:45:47.124000,413.5685283094291,1000
2024-09-18 14:45:47.164000,413.5583212597805,15
2024-09-18 14:45:47.178000,407.3399054318379,1004
2024-09-18 14:45:47.199000,413.5782425400749,95
2024-09-18 14:45:47.206000,413.5672815777812,14
2024-09-18 14:45:47.228000,413.57290935795817,1001
2024-09-18 14:45:47.314000,413.5570710266945,12
2024-09-18 14:45:47.339000,413.57528906431975,1001
2024-09-18 14:45:47.470000,413.5491886400317,13
2024-09-18 14:45:47.547000,413.59854237378687,96
2024-09-18 14:45:47.573000,413.5730940796656,100
2024-09-18 14:45:47.664000,413.59729013383503,1000
2024-09-18 14:45:47.716000,413.5768299890197,103
2024-09-18 14:45:47.780000,413.590768637582,97
2024-09-18 14:45:47.805000,413.57997496669554,104
2024-09-18 14:45:47.830000,413.5806341373187,996
2024-09-18 14:45:47.869000,413.582952425057,1004
2024-09-18 14:45:47.878000,413.5562559018717,105
2024-09-18 14:45:47.916000,413.5861662417839,7
2024-09-18 14:45:47.944000,413.61557313271766,101
2024-09-18 14:45:47.957000,413.5555607707592,5
2024-09-18 14:45:47.957000,413.5587908229457,1001
2024-09-18 14:45:47.975000,413.5571853696736,6
2024-09-18 14:45:48.020000,413.55871745538127,997
2024-09-18 14:45:48.036000,413.55529187910906,104
2024-09-18 14:45:48.042000,413.57098741821545,102
2024-09-18 14:45:48.044000,413.5773140625597,13
2024-09-18 14:45:48.128000,413.55721798833616,10
2024-09-18 14:45:48.361000,413.575999202038,13
2024-09-18 14:45:48.429000,413.5752548270439,1003
2024-09-18 14:45:48.462000,413.547511929924,1003
2024-09-18 14:45:48.481000,413.56459325501686,9
2024-09-18 14:45:48.554000,413.5751183912603,104
2024-09-18 14:45:48.569000,413.56612543605473,998
2024-09-18 14:45:48.570000,413.56853179405374,102
2024-09-18 14:45:48.588000,413.5870734195941,102
2024-09-18 14:45:48.636000,413.55418213202455,7
2024-09-18 14:45:48.675000,413.5755112973807,95
2024-09-18 14:45:48.679000,413.5581256370088,8
2024-09-18 14:45:48.739000,413.5818440759036,1002
2024-09-18 14:45:48.740000,413.57272259907774,5
2024-09-18 14:45:48.775000,413.56234166343023,95
2024-09-18 14:45:48.799000,413.572815109801,999
2024-09-18 14:45:48.818000,413.5609945718622,15
2024-09-18 14:45:48.950000,413.5453125848018,1001
2024-09-18 14:45:48.962000,413.5735197561536,96
2024-09-18 14:45:48.984000,413.5695289833607,1002
2024-09-18 14:45:49.049000,413.6289755959241,101
2024-09-18 14:45:49.052000,413.63938767126416,99
2024-09-18 14:45:49.138000,413.63209224939214,101
2024-09-18 14:45:49.155000,413.5510197925176,5
2024-09-18 14:45:49.175000,413.6208914655673,98
2024-09-18 14:45:49.242000,413.5973463931937,1004
2024-09-18 14:45:49.298000,413.56600248553696,102
2024-09-18 14:45:49.626000,413.5592316356691,996
2024-09-18 14:45:49.690000,413.6317329000658,96
2024-09-18 14:45:49.713000,413.6231312162348,7
2024-09-18 14:45:49.743000,413.5738321624677,7
2024-09-18 14:45:49.776000,413.6373298556141,15
2024-09-18 14:45:49.864000,413.6148816027788,98
2024-09-18 14:45:49.890000,413.5698534763527,10
2024-09-18 14:45:49.902000,413.5620427813977,8
2024-09-18 14:45:49.918000,413.5651506360417,7
2024-09-18 14:45:49.966000,413.63304121465967,12
2024-09-18 14:45:49.968000,413.6314077266904,15
2024-09-18 14:45:49.974000,413.578158712575,102
2024-09-18 14:45:50.010000,413.6566462246674,6
2024-09-18 14:45:50.013000,413.6545429358553,1003
2024-09-18 14:45:50.103000,413.6563679332558,97
2024-09-18 14:45:50.128000,413.7292935918696,95
2024-09-18 14:45:50.144000,413.6414929793871,100
2024-09-18 14:45:50.181000,413.65529007218953,96
2024-09-18 14:45:50.187000,413.6449020927432,1002
2024-09-18 14:45:50.282000,413.7060921836084,14
2024-09-18 14:45:50.335000,413.67165251001416,1002
2024-09-18 14:45:50.358000,413.67370704095634,7
2024-09-18 14:45:50.513000,413.72370586197,5
2024-09-18 14:45:50.622000,413.73464412574623,5
2024-09-18 14:45:50.651000,413.7191434476622,12
2024-09-18 14:45:50.653000,413.646339659756,997
2024-09-18 14:45:50.654000,413.6465215857272,13
2024-09-18 14:45:50.677000,413.6827622313515,1004
2024-09-18 14:45:50.678000,413.6473310690093,8
2024-09-18 14:45:50.808000,413.6654312548861,1003
2024-09-18 14:45:50.833000,413.66409888561583,999
2024-09-18 14:45:50.835000,413.63849808859726,99
2024-09-18 14:45:50.865000,413.6556526706895,101
2024-09-18 14:45:50.880000,413.64425788354015,102
2024-09-18 14:45:50.915000,407.3410596352692,96
2024-09-18 14:45:50.963000,413.6763229860292,996
2024-09-18 14:45:51.102000,413.7411479884192,1000
2024-09-18 14:45:51.306000,413.7452114483594,7
2024-09-18 14:45:52.087000,413.7384317475027,12
2024-09-18 14:45:52.129000,413.7414381951276,1004
2024-09-18 14:45:52.176000,413.7431034414253,1000
2024-09-18 14:45:52.415000,413.74563509069054,1000
2024-09-18 14:45:52.468000,413.7369376479791,103
2024-09-18 14:45:52.492000,413.72424700396255,14
2024-09-18 14:45:52.493000,413.71562764840735,15
2024-09-18 14:45:52.511000,413.7310399521612,102
2024-09-18 14:45:52.541000,413.7229015892368,1002
2024-09-18 14:45:52.549000,413.7378849339588,100
2024-09-18 14:45:52.612000,413.7003292032487,6
2024-09-18 14:45:52.628000,413.7404147320335,103
2024-09-18 14:45:52.668000,413.7169531461754,1001
2024-09-18 14:45:52.749000,413.7147420532794,97
2024-09-18 14:45:52.770000,413.7448299823078,998
2024-09-18 14:45:52.806000,413.7442979177636,7
2024-09-18 14:45:52.824000,413.7267304944344,5
2024-09-18 14:45:52.830000,413.72938710510266,8
2024-09-18 14:45:52.839000,413.7526622017595,995
2024-09-18 14:45:52.840000,413.720632908134,1004
2024-09-18 14:45:52.868000,413.7216934122339,99
2024-09-18 14:45:52.879000,413.75163929132873,1001
2024-09-18 14:45:52.904000,413.7234136043672,1002
2024-09-18 14:45:52.926000,413.693489753708,6
2024-09-18 14:45:52.928000,413.7126402027183,99
2024-09-18 14:45:52.982000,413.7437115019785,10
2024-09-18 14:45:53.053000,413.7202472646436,14
2024-09-18 14:45:53.087000,413.7401417027015,104
2024-09-18 14:45:53.135000,413.75532247524507,997
2024-09-18 14:45:53.202000,413.7348465066855,15
2024-09-18 14:45:53.237000,413.7645481283041,999
2024-09-18 14:45:53.257000,413.7557260759749,997
2024-09-18 14:45:53.364000,413.7499043288744,995
2024-09-18 14:45:53.366000,413.73040502080806,1004
2024-09-18 14:45:53.442000,413.7561621937108,998
2024-09-18 14:45:53.530000,413.75086868354566,13
2024-09-18 14:45:53.538000,413.7272609444362,9
2024-09-18 14:45:53.622000,413.7489353130473,5
2024-09-18 14:45:53.684000,413.74553630969086,12
2024-09-18 14:45:53.906000,413.7462499184511,15
2024-09-18 14:45:53.973000,413.73735008524335,104
2024-09-18 14:45:54.328000,413.73380690926166,996
2024-09-18 14:45:54.767000,413.7422651542301,105
2024-09-18 14:45:55.033000,413.7207936245147,6
2024-09-18 14:45:55.055000,413.72331256502287,13
2024-09-18 14:45:55.069000,413.7369094964447,11
2024-09-18 14:45:55.149000,413.7301253115031,103
2024-09-18 14:45:55.644000,413.711550662722,12
2024-09-18 14:45:55.893000,413.7171619325881,8
2024-09-18 14:45:55.902000,413.7204261280874,5
2024-09-18 14:45:56.007000,413.7193317167512,999
2024-09-18 14:45:56.026000,413.715480317029,1001
2024-09-18 14:45:56.052000,413.6671839933831,104
2024-09-18 14:45:56.113000,413.69208511438217,10
2024-09-18 14:45:56.152000,413.708583316663,997
2024-09-18 14:45:56.159000,413.73823620397786,999
2024-09-18 14:45:56.226000,413.72690993531614,5
2024-09-18 14:45:56.263000,413.6605417422435,1000
2024-09-18 14:45:56.278000,413.739991189052,100
2024-09-18 14:45:56.322000,413.7510375216086,13
2024-09-18 14:45:56.366000,413.6971389687915,96
2024-09-18 14:45:56.394000,413.6662716508387,105
2024-09-18 14:45:56.567000,413.6897872499483,100
2024-09-18 14:45:56.740000,413.6952507854141,997
2024-09-18 14:45:56.782000,413.7118044315041,998
2024-09-18 14:45:56.870000,413.67357761484766,98
2024-09-18 14:45:56.904000,413.6955873624162,15
2024-09-18 14:45:56.911000,413.7096747860488,997
2024-09-18 14:45:57.130000,413.64325298614887,7
2024-09-18 14:45:57.159000,413.6681270244491,7
2024-09-18 14:45:57.159000,413.6335569941911,100
2024-09-18 14:45:57.373000,413.63101575321673,96
2024-09-18 14:45:57.429000,413.6536037181544,102
2024-09-18 14:45:57.531000,413.6628656282249,995
2024-09-18 14:45:57.579000,413.63331626890175,995
2024-09-18 14:45:57.583000,413.6450957159069,96
2024-09-18 14:45:57.700000,413.6321601640946,6
2024-09-18 14:45:57.858000,413.6538959557117,99
2024-09-18 14:45:57.964000,413.6454279982216,8
2024-09-18 14:45:58.032000,413.6190976314126,5
2024-09-18 14:45:58.060000,413.6277283898066,105
2024-09-18 14:45:58.066000,413.6114952136148,95
2024-09-18 14:45:58.124000,413.6069135882964,8
2024-09-18 14:45:58.143000,413.6230594341452,6
2024-09-18 14:45:58.201000,413.6230221266184,1000
2024-09-18 14:45:58.224000,413.61630660079686,997
2024-09-18 14:45:58.226000,413.63222719438846,12
2024-09-18 14:45:58.239000,413.6199571608754,10
2024-09-18 14:45:58.388000,413.6277504505386,997
2024-09-18 14:45:58.392000,413.6306748112199,105
2024-09-18 14:45:58.454000,413.6232831602794,7
2024-09-18 14:45:58.613000,413.6143466374693,104
2024-09-18 14:45:58.637000,413.6274641556089,10
2024-09-18 14:45:58.664000,413.6218776563448,6
2024-09-18 14:45:58.890000,413.6228027617188,101
2024-09-18 14:45:59.024000,413.6272398146198,104
2024-09-18 14:45:59.076000,413.5920603173189,105
2024-09-18 14:45:59.121000,413.6032832341899,997
2024-09-18 14:45:59.183000,413.5924621522752,99
2024-09-18 14:45:59.198000,413.6008666231828,997
2024-09-18 14:45:59.402000,413.6189588859536,105
2024-09-18 14:45:59.420000,413.5937315013712,102
2024-09-18 14:45:59.437000,413.6009772271881,104
2024-09-18 14:45:59.454000,413.5810139863832,103
2024-09-18 14:45:59.546000,413.5704845482592,105
2024-09-18 14:45:59.687000,413.5907415320492,8
2024-09-18 14:45:59.995000,413.551605382547,104
