Timestamp,Price,Size
2024-09-20 15:10:01.011000,430.5859114047788,15
2024-09-20 15:10:01.078000,430.5810460642093,1005
2024-09-20 15:10:01.113000,430.58020378829866,14
2024-09-20 15:10:01.150000,430.5561295298102,997
2024-09-20 15:10:01.327000,430.5851365834488,997
2024-09-20 15:10:01.413000,430.6026370764928,98
2024-09-20 15:10:01.485000,430.5730271251932,997
2024-09-20 15:10:01.522000,430.6023357417055,13
2024-09-20 15:10:01.731000,430.62583043260014,9
2024-09-20 15:10:01.794000,430.63812061046633,6
2024-09-20 15:10:02.084000,430.6010337313478,9
2024-09-20 15:10:02.880000,430.6096142515472,98
2024-09-20 15:10:02.996000,430.606358875775,10
2024-09-20 15:10:03.007000,430.6052547523143,95
2024-09-20 15:10:03.066000,430.6380653198288,15
2024-09-20 15:10:03.123000,430.68686733144574,13
2024-09-20 15:10:03.144000,430.60760414709097,97
2024-09-20 15:10:03.277000,430.6880817131833,997
2024-09-20 15:10:03.312000,430.609646064418,95
2024-09-20 15:10:03.361000,430.6238903315346,1002
2024-09-20 15:10:03.375000,430.6379025816711,9
2024-09-20 15:10:03.599000,430.59135307914,6
2024-09-20 15:10:03.649000,430.62274027061056,96
2024-09-20 15:10:03.714000,430.6129529407415,1003
2024-09-20 15:10:03.731000,430.5914105042903,104
2024-09-20 15:10:03.810000,430.6730275681876,99
2024-09-20 15:10:03.814000,430.6405948130399,999
2024-09-20 15:10:03.830000,430.6149540997506,105
2024-09-20 15:10:03.846000,430.6259970418967,96
2024-09-20 15:10:03.866000,430.6326610462854,100
2024-09-20 15:10:03.922000,430.59563160988296,100
2024-09-20 15:10:03.990000,430.6869622845285,100
2024-09-20 15:10:04.030000,430.6605851437925,98
2024-09-20 15:10:04.052000,430.7051854185405,9
2024-09-20 15:10:04.058000,430.7122649682153,104
2024-09-20 15:10:04.108000,430.6832097679483,100
2024-09-20 15:10:04.251000,430.6898075060661,102
2024-09-20 15:10:04.257000,430.69271623880337,5
2024-09-20 15:10:04.277000,430.7004759040083,1003
2024-09-20 15:10:04.330000,430.6856307156439,1004
2024-09-20 15:10:04.332000,430.7076028326715,11
2024-09-20 15:10:04.389000,430.6947179736599,995
2024-09-20 15:10:04.495000,430.6859814655719,100
2024-09-20 15:10:04.526000,430.6741206610594,96
2024-09-20 15:10:04.625000,430.70534833482935,102
2024-09-20 15:10:04.636000,430.6730288324521,995
2024-09-20 15:10:04.640000,430.7153463823872,1004
2024-09-20 15:10:04.776000,430.6900561501337,1001
2024-09-20 15:10:04.798000,430.6699216658925,997
2024-09-20 15:10:04.812000,430.6922985621188,1004
2024-09-20 15:10:04.946000,430.70483994376616,98
2024-09-20 15:10:04.963000,430.6968650451812,996
2024-09-20 15:10:05.135000,430.652231858476,10
2024-09-20 15:10:05.151000,430.7243388689219,9
2024-09-20 15:10:05.193000,430.6732802383476,998
2024-09-20 15:10:05.197000,430.69237407753366,104
2024-09-20 15:10:05.283000,430.7304646611629,95
2024-09-20 15:10:05.369000,430.67155459328274,98
2024-09-20 15:10:05.469000,430.683065421484,1005
2024-09-20 15:10:05.494000,430.7436788780077,1001
2024-09-20 15:10:05.735000,430.69296061184656,104
2024-09-20 15:10:05.744000,430.7098519276744,1005
2024-09-20 15:10:05.770000,430.7143342364196,1002
2024-09-20 15:10:06.078000,430.76332718770186,15
2024-09-20 15:10:06.078000,430.78163556260864,101
2024-09-20 15:10:06.099000,430.7319165258039,95
2024-09-20 15:10:06.102000,430.78073415898274,8
2024-09-20 15:10:06.183000,430.76805804914414,8
2024-09-20 15:10:06.202000,430.7959078535271,1005
2024-09-20 15:10:06.266000,430.7935492742986,996
2024-09-20 15:10:06.428000,430.7888880015291,8
2024-09-20 15:10:06.431000,430.7449021748605,7
2024-09-20 15:10:06.481000,430.79474907543454,1000
2024-09-20 15:10:06.532000,430.7948511677458,1003
2024-09-20 15:10:06.543000,430.7873205343281,998
2024-09-20 15:10:06.573000,430.7775442545282,12
2024-09-20 15:10:06.712000,430.7577051934456,10
2024-09-20 15:10:06.725000,430.7731999747918,1003
2024-09-20 15:10:06.759000,430.746712253078,7
2024-09-20 15:10:06.861000,430.7983127290982,1003
2024-09-20 15:10:06.943000,430.8028194141585,996
2024-09-20 15:10:07.002000,430.8340375772482,1004
2024-09-20 15:10:07.043000,430.8056306752065,995
2024-09-20 15:10:07.079000,430.7497822106258,1003
2024-09-20 15:10:07.226000,430.7751387809393,14
2024-09-20 15:10:07.231000,430.7447007060419,997
2024-09-20 15:10:07.360000,430.8169509943016,95
2024-09-20 15:10:07.391000,430.7626583551596,1002
2024-09-20 15:10:07.407000,430.77971194082687,1000
2024-09-20 15:10:07.434000,430.76583195138056,100
2024-09-20 15:10:07.466000,430.74465156832366,104
2024-09-20 15:10:07.487000,430.7830064544464,12
2024-09-20 15:10:07.556000,430.7594926078762,105
2024-09-20 15:10:07.581000,430.8156600201663,101
2024-09-20 15:10:07.625000,430.8151628591382,14
2024-09-20 15:10:07.663000,430.7532052827394,96
2024-09-20 15:10:07.691000,430.7766825017456,6
2024-09-20 15:10:07.742000,430.8065451232564,1005
2024-09-20 15:10:07.782000,430.7983122056253,13
2024-09-20 15:10:07.849000,430.846342311805,999
2024-09-20 15:10:07.868000,430.752378376724,1002
2024-09-20 15:10:07.904000,430.767837637604,97
2024-09-20 15:10:07.906000,430.7423695145943,1001
2024-09-20 15:10:07.915000,430.7659276463791,6
2024-09-20 15:10:07.923000,430.8473156561605,7
2024-09-20 15:10:07.953000,430.7522249658403,12
2024-09-20 15:10:07.974000,430.7534055559218,13
2024-09-20 15:10:08.158000,430.77836615517015,995
2024-09-20 15:10:08.196000,430.7912782862503,105
2024-09-20 15:10:08.256000,430.78273768468415,101
2024-09-20 15:10:08.315000,430.78076507612127,100
2024-09-20 15:10:08.374000,430.7783684922923,1000
2024-09-20 15:10:08.403000,430.7682748984501,100
2024-09-20 15:10:08.410000,430.7723598226988,104
2024-09-20 15:10:08.449000,430.7733977852283,100
2024-09-20 15:10:08.528000,430.776048072639,8
2024-09-20 15:10:08.601000,430.7781010587644,1005
2024-09-20 15:10:08.833000,430.77833395083184,8
2024-09-20 15:10:08.856000,430.8102211406101,7
2024-09-20 15:10:08.997000,430.77302982024327,103
2024-09-20 15:10:09.305000,430.8113314524469,103
2024-09-20 15:10:09.415000,430.8081439885602,999
2024-09-20 15:10:09.556000,430.8419240693863,995
2024-09-20 15:10:09.599000,430.8052992964228,98
2024-09-20 15:10:09.799000,430.787048563844,997
2024-09-20 15:10:09.871000,430.7825183246633,102
2024-09-20 15:10:09.899000,430.8061301115003,1000
2024-09-20 15:10:09.923000,430.8155758109045,101
2024-09-20 15:10:10.037000,430.8418120229039,995
2024-09-20 15:10:10.049000,430.80545877639815,13
2024-09-20 15:10:10.064000,430.8414342582355,95
2024-09-20 15:10:10.118000,430.86292282218056,101
2024-09-20 15:10:10.149000,430.87670763829607,14
2024-09-20 15:10:10.190000,430.8091722757986,999
2024-09-20 15:10:10.227000,430.8364252297026,5
2024-09-20 15:10:10.319000,430.8141620200458,7
2024-09-20 15:10:10.436000,430.8562564570507,1002
2024-09-20 15:10:10.458000,430.8495895695026,98
2024-09-20 15:10:10.465000,430.8371634036901,10
2024-09-20 15:10:10.507000,430.8413892800439,7
2024-09-20 15:10:10.510000,430.8646296696456,1004
2024-09-20 15:10:10.633000,430.85559042385614,1004
2024-09-20 15:10:10.689000,430.87550013001,95
2024-09-20 15:10:10.699000,430.8463201023488,13
2024-09-20 15:10:10.701000,430.7989199128908,1000
2024-09-20 15:10:10.766000,430.813168958917,102
2024-09-20 15:10:10.967000,430.80309090679566,10
2024-09-20 15:10:10.978000,430.8682916741979,9
2024-09-20 15:10:11.023000,430.8861914842108,1002
2024-09-20 15:10:11.037000,430.9189523918419,99
2024-09-20 15:10:11.041000,430.87157960739376,1005
2024-09-20 15:10:11.043000,430.8778382450765,8
2024-09-20 15:10:11.066000,430.8860284215653,1005
2024-09-20 15:10:11.074000,430.8846071772301,996
2024-09-20 15:10:11.090000,430.85599699678176,995
2024-09-20 15:10:11.107000,430.9015173010197,105
2024-09-20 15:10:11.118000,430.9182527355092,996
2024-09-20 15:10:11.150000,430.9604761295908,104
2024-09-20 15:10:11.150000,430.884085143167,14
2024-09-20 15:10:11.154000,430.8696362949555,1002
2024-09-20 15:10:11.213000,430.92144906388495,1004
2024-09-20 15:10:11.216000,430.9169506819472,997
2024-09-20 15:10:11.250000,430.9451652651201,104
2024-09-20 15:10:11.289000,430.9570852791576,13
2024-09-20 15:10:11.301000,430.9500740680711,9
2024-09-20 15:10:11.311000,430.9357141435385,99
2024-09-20 15:10:11.487000,430.8946683611744,14
2024-09-20 15:10:11.498000,430.87230906811817,9
2024-09-20 15:10:11.511000,430.9079242114871,997
2024-09-20 15:10:11.515000,430.8738062958298,1002
2024-09-20 15:10:11.674000,430.92993609374014,98
2024-09-20 15:10:11.675000,430.9101513760516,97
2024-09-20 15:10:11.698000,430.9301685576032,101
2024-09-20 15:10:11.714000,430.953806368815,6
2024-09-20 15:10:11.780000,430.9197501688328,1004
2024-09-20 15:10:11.817000,430.9217464519065,1003
2024-09-20 15:10:11.879000,430.8767091363162,1003
2024-09-20 15:10:12.011000,430.9492212183019,100
2024-09-20 15:10:12.126000,430.9721327294421,1004
2024-09-20 15:10:12.204000,430.95559386521415,6
2024-09-20 15:10:12.575000,431.0026577502963,1002
2024-09-20 15:10:12.699000,430.98853756900246,11
2024-09-20 15:10:12.945000,430.95074807336704,1002
2024-09-20 15:10:13.192000,430.9786643139399,9
2024-09-20 15:10:13.311000,430.9995981727215,96
2024-09-20 15:10:13.663000,430.9706980543294,12
2024-09-20 15:10:13.721000,430.98937978710177,100
2024-09-20 15:10:13.740000,430.990460860532,998
2024-09-20 15:10:14.008000,430.9716185781553,11
2024-09-20 15:10:14.154000,430.9725456081698,1005
2024-09-20 15:10:14.206000,430.9910958231313,1003
2024-09-20 15:10:14.509000,431.0079341768122,95
2024-09-20 15:10:14.521000,430.9977314469152,996
2024-09-20 15:10:14.571000,431.0148868694568,997
2024-09-20 15:10:14.716000,431.01968921942114,103
2024-09-20 15:10:14.750000,430.9756995653974,5
2024-09-20 15:10:15.015000,430.880856156517,8
2024-09-20 15:10:15.174000,430.9334996543664,1002
2024-09-20 15:10:15.251000,430.9103042251983,104
2024-09-20 15:10:15.260000,430.9395847836446,8
2024-09-20 15:10:15.286000,430.9480572502588,15
2024-09-20 15:10:15.340000,430.9853969794293,13
2024-09-20 15:10:15.367000,430.9141013600736,1005
2024-09-20 15:10:15.438000,430.89876547781256,6
2024-09-20 15:10:15.454000,430.9526360017466,13
2024-09-20 15:10:15.488000,430.9418462725301,14
2024-09-20 15:10:15.645000,430.9617416765063,15
2024-09-20 15:10:15.655000,430.935752047223,99
2024-09-20 15:10:15.678000,430.9684031404381,95
2024-09-20 15:10:15.688000,430.8963860319393,11
2024-09-20 15:10:15.726000,430.9818903514389,99
2024-09-20 15:10:15.750000,430.8913648672393,1000
2024-09-20 15:10:15.963000,430.8995613249259,104
2024-09-20 15:10:16.017000,430.8355739797042,7
2024-09-20 15:10:16.050000,430.8676267234949,10
2024-09-20 15:10:16.124000,430.8159369152163,100
2024-09-20 15:10:16.136000,430.85363030096096,103
2024-09-20 15:10:16.146000,430.8766685579785,103
2024-09-20 15:10:16.153000,430.8437987944228,96
2024-09-20 15:10:16.234000,430.83355538539456,5
2024-09-20 15:10:16.242000,430.81889409135664,105
2024-09-20 15:10:16.324000,430.8876969285496,98
2024-09-20 15:10:16.329000,430.87783665113096,14
2024-09-20 15:10:16.341000,430.83644972272486,101
2024-09-20 15:10:16.369000,430.8824153264295,5
2024-09-20 15:10:16.386000,430.8716246034639,100
2024-09-20 15:10:16.429000,430.8781072077657,6
2024-09-20 15:10:16.446000,430.85596015108223,6
2024-09-20 15:10:16.574000,430.8683905914333,101
2024-09-20 15:10:16.662000,430.8465684098721,998
2024-09-20 15:10:16.779000,430.8491160018806,1005
2024-09-20 15:10:16.874000,430.8676300914957,100
2024-09-20 15:10:16.877000,430.85303277099234,996
2024-09-20 15:10:16.889000,430.8517479854004,98
2024-09-20 15:10:16.899000,430.824343738365,1001
2024-09-20 15:10:16.915000,430.8653964857001,100
2024-09-20 15:10:16.932000,430.84191955356937,103
2024-09-20 15:10:16.960000,430.8705659380246,15
2024-09-20 15:10:16.972000,430.8603137302339,1004
2024-09-20 15:10:17.015000,430.7932953650928,1001
2024-09-20 15:10:17.032000,430.8040828443557,104
2024-09-20 15:10:17.034000,430.76994848289695,999
2024-09-20 15:10:17.111000,430.7989286443535,95
2024-09-20 15:10:17.171000,430.7988260782407,9
2024-09-20 15:10:17.174000,430.79159814856143,996
2024-09-20 15:10:17.192000,430.7891097418422,11
2024-09-20 15:10:17.246000,430.7867605832201,14
2024-09-20 15:10:17.260000,430.8065041357379,14
2024-09-20 15:10:17.260000,430.81599922291855,95
2024-09-20 15:10:17.342000,430.8255379487929,95
2024-09-20 15:10:17.353000,430.7950304134856,105
2024-09-20 15:10:17.378000,430.80653466461854,7
2024-09-20 15:10:17.382000,430.8081143550327,1003
2024-09-20 15:10:17.446000,430.7692630958749,1001
2024-09-20 15:10:17.484000,430.76325930757935,8
2024-09-20 15:10:17.536000,430.767291395289,6
2024-09-20 15:10:17.746000,430.81310551231,1005
2024-09-20 15:10:17.782000,430.79903044345537,995
2024-09-20 15:10:17.787000,430.7686925307258,99
2024-09-20 15:10:17.800000,430.8066339039466,9
2024-09-20 15:10:17.803000,430.8052263400312,15
2024-09-20 15:10:17.838000,430.7921490165279,1005
2024-09-20 15:10:17.850000,430.7648574510375,997
2024-09-20 15:10:17.877000,430.8213131172152,105
2024-09-20 15:10:17.879000,430.82910937506114,105
2024-09-20 15:10:17.960000,430.769400726205,999
2024-09-20 15:10:17.986000,430.7901883315472,99
2024-09-20 15:10:18.246000,430.7594085994864,995
2024-09-20 15:10:18.574000,430.7806794508952,15
2024-09-20 15:10:18.611000,430.78850025052935,98
2024-09-20 15:10:18.631000,430.7685237255549,1003
2024-09-20 15:10:18.772000,430.7492775982972,14
2024-09-20 15:10:18.784000,430.7583164677352,10
2024-09-20 15:10:18.895000,430.76539120791256,8
2024-09-20 15:10:19.009000,430.6955934441805,14
2024-09-20 15:10:19.205000,430.722103063035,10
2024-09-20 15:10:19.225000,430.66411491895366,6
2024-09-20 15:10:19.301000,430.6996438606596,1003
2024-09-20 15:10:19.332000,430.6975225619133,6
2024-09-20 15:10:19.335000,430.7081251191681,9
2024-09-20 15:10:19.351000,430.6933443951118,104
2024-09-20 15:10:19.396000,430.7701347320029,1001
2024-09-20 15:10:19.434000,430.6974732138445,9
2024-09-20 15:10:19.448000,430.7591030350657,105
2024-09-20 15:10:19.458000,430.6923612209575,8
2024-09-20 15:10:19.740000,430.6761797280973,98
2024-09-20 15:10:19.752000,430.6738229198308,13
2024-09-20 15:10:19.794000,430.7447246137479,12
2024-09-20 15:10:19.818000,430.7576439138931,12
2024-09-20 15:10:19.824000,430.7703170208347,8
2024-09-20 15:10:19.832000,430.69647145188384,105
2024-09-20 15:10:19.899000,430.6665467824726,1004
2024-09-20 15:10:19.961000,430.7182910494696,100
2024-09-20 15:10:20.022000,430.75963584455104,103
2024-09-20 15:10:20.037000,430.72440005578414,1004
2024-09-20 15:10:20.048000,430.723815912463,5
2024-09-20 15:10:20.069000,430.6997698713549,998
2024-09-20 15:10:20.116000,430.7547388030864,96
2024-09-20 15:10:20.160000,430.75352027514856,995
2024-09-20 15:10:20.406000,430.7391143165712,999
2024-09-20 15:10:20.445000,430.731846524174,14
2024-09-20 15:10:20.474000,430.7609343373744,95
2024-09-20 15:10:20.482000,430.7491519490859,99
2024-09-20 15:10:20.495000,430.7532963338678,1004
2024-09-20 15:10:20.515000,430.738512856206,102
2024-09-20 15:10:20.532000,430.7817623598752,998
2024-09-20 15:10:20.607000,430.71342691906057,1004
2024-09-20 15:10:20.641000,430.7479008138424,997
2024-09-20 15:10:20.647000,430.69198640303614,96
2024-09-20 15:10:20.794000,430.694228126013,104
2024-09-20 15:10:21.275000,430.72345692184217,12
2024-09-20 15:10:21.289000,430.7535617921331,13
2024-09-20 15:10:21.454000,430.774519072777,999
2024-09-20 15:10:21.468000,430.7112696761935,12
2024-09-20 15:10:21.561000,430.7607204741961,995
2024-09-20 15:10:21.700000,430.7467575562345,97
2024-09-20 15:10:21.712000,430.72012364914406,14
2024-09-20 15:10:21.717000,430.76581424265447,11
2024-09-20 15:10:21.743000,430.719419345062,6
2024-09-20 15:10:21.849000,430.7281278744928,97
2024-09-20 15:10:21.928000,430.7300284979841,8
2024-09-20 15:10:21.930000,430.76531176194845,1004
2024-09-20 15:10:22.127000,430.6925728445414,999
2024-09-20 15:10:22.178000,430.7127315151018,995
2024-09-20 15:10:22.331000,430.7329329131039,997
2024-09-20 15:10:22.487000,430.70103210172977,1001
2024-09-20 15:10:22.676000,430.7077009229761,11
2024-09-20 15:10:22.757000,430.7371352767131,99
2024-09-20 15:10:23.021000,430.74372639454464,999
2024-09-20 15:10:23.039000,430.7547368522387,1002
2024-09-20 15:10:23.073000,430.7658870629869,101
2024-09-20 15:10:23.147000,430.7451065455888,999
2024-09-20 15:10:23.237000,430.7478176133896,996
2024-09-20 15:10:23.368000,430.7606289945711,105
2024-09-20 15:10:23.427000,430.73465959859993,7
2024-09-20 15:10:23.446000,430.7476281237073,9
2024-09-20 15:10:23.717000,430.7401408854372,99
2024-09-20 15:10:23.823000,430.7284761094986,100
2024-09-20 15:10:23.859000,430.75832356333854,103
2024-09-20 15:10:24.009000,430.7315927064941,1002
2024-09-20 15:10:24.109000,430.7338388809596,1002
2024-09-20 15:10:24.338000,430.7375359807004,1001
2024-09-20 15:10:24.467000,430.7383519392036,100
2024-09-20 15:10:25.024000,430.69485088620297,96
2024-09-20 15:10:25.091000,430.6776790529291,102
2024-09-20 15:10:25.184000,430.70530792090375,102
2024-09-20 15:10:25.192000,430.6953803483119,10
2024-09-20 15:10:25.273000,430.7059841805723,104
2024-09-20 15:10:25.426000,430.70180601390354,6
2024-09-20 15:10:25.435000,430.7021507371841,999
2024-09-20 15:10:25.603000,430.719557288308,104
2024-09-20 15:10:25.649000,430.7045590250035,1003
2024-09-20 15:10:25.760000,430.6953675187938,995
2024-09-20 15:10:25.771000,430.7015379001776,102
2024-09-20 15:10:25.824000,430.692358074918,999
2024-09-20 15:10:25.909000,430.7045046202079,95
2024-09-20 15:10:25.965000,430.7070483069151,102
2024-09-20 15:10:26.055000,430.6405575589412,105
2024-09-20 15:10:26.106000,430.6595329896,1005
2024-09-20 15:10:26.391000,430.6658979566058,98
2024-09-20 15:10:26.433000,430.6379975932809,96
2024-09-20 15:10:26.534000,430.6439674393319,8
2024-09-20 15:10:26.652000,430.66024467493753,997
2024-09-20 15:10:26.939000,430.662020861693,999
2024-09-20 15:10:27.100000,430.5642937854268,1004
2024-09-20 15:10:27.102000,430.5665813275546,102
2024-09-20 15:10:27.122000,430.55679798106496,7
2024-09-20 15:10:27.153000,430.5837568547617,9
2024-09-20 15:10:27.154000,430.5646150280232,7
2024-09-20 15:10:27.225000,430.5812363060026,1002
2024-09-20 15:10:27.268000,430.6496867118954,11
2024-09-20 15:10:27.324000,430.5706196093165,8
2024-09-20 15:10:27.343000,430.5722869562968,99
2024-09-20 15:10:27.425000,430.5704840893205,99
2024-09-20 15:10:27.449000,430.5669118269623,100
2024-09-20 15:10:27.451000,430.6416827790193,6
2024-09-20 15:10:27.462000,430.5546771877534,13
2024-09-20 15:10:27.504000,430.63351564416047,9
2024-09-20 15:10:27.529000,430.56733765179047,98
2024-09-20 15:10:27.576000,430.5574413280747,9
2024-09-20 15:10:27.623000,430.5760214458803,9
2024-09-20 15:10:27.654000,430.5991827876573,97
2024-09-20 15:10:27.705000,430.611805529164,13
2024-09-20 15:10:27.732000,430.6172552083702,103
2024-09-20 15:10:27.732000,430.58720239283474,97
2024-09-20 15:10:27.762000,430.56517440245005,998
2024-09-20 15:10:27.776000,430.57874141254746,96
2024-09-20 15:10:27.790000,430.5599664716542,15
2024-09-20 15:10:27.857000,430.6401207509844,1005
2024-09-20 15:10:27.857000,430.5680233449971,10
2024-09-20 15:10:27.922000,430.5839586727967,96
2024-09-20 15:10:28.088000,430.5981211083771,998
2024-09-20 15:10:28.112000,430.5782369445109,97
2024-09-20 15:10:28.137000,430.65003974471233,999
2024-09-20 15:10:28.164000,430.5573785223662,12
2024-09-20 15:10:28.165000,430.5589437576765,998
2024-09-20 15:10:28.258000,430.5731120677376,9
2024-09-20 15:10:28.305000,430.5998003279297,95
2024-09-20 15:10:28.335000,430.6612567512542,1004
2024-09-20 15:10:28.340000,430.724312125345,1004
2024-09-20 15:10:28.347000,430.6563572815877,100
2024-09-20 15:10:28.355000,430.714642532388,1004
2024-09-20 15:10:28.420000,430.71173235401926,998
2024-09-20 15:10:28.452000,430.5745796600922,14
2024-09-20 15:10:28.461000,430.5574084303854,96
2024-09-20 15:10:28.476000,430.5773515010899,7
2024-09-20 15:10:28.486000,430.5660991778468,101
2024-09-20 15:10:28.499000,430.7247063076189,999
2024-09-20 15:10:28.613000,430.61433904620407,103
2024-09-20 15:10:28.624000,430.6328628196113,1004
2024-09-20 15:10:28.651000,430.5683448046184,13
2024-09-20 15:10:28.741000,430.5751193476934,8
2024-09-20 15:10:28.750000,430.5663905602713,1002
2024-09-20 15:10:28.828000,430.5681463630165,102
2024-09-20 15:10:28.960000,430.6921096369172,101
2024-09-20 15:10:29.012000,430.73161123996056,12
2024-09-20 15:10:29.108000,430.7512951868602,1001
2024-09-20 15:10:29.179000,430.7033001826654,100
2024-09-20 15:10:29.235000,430.731923222782,97
2024-09-20 15:10:29.243000,430.7143628483406,997
2024-09-20 15:10:29.365000,430.718828309335,102
2024-09-20 15:10:29.434000,430.7063131246289,8
2024-09-20 15:10:29.456000,430.7307912490717,11
2024-09-20 15:10:29.458000,430.7054641479776,1001
2024-09-20 15:10:29.522000,430.7208748289786,997
2024-09-20 15:10:29.527000,430.7223448654876,99
2024-09-20 15:10:29.543000,430.7163926029979,1001
2024-09-20 15:10:29.570000,430.7172711439672,101
2024-09-20 15:10:29.574000,430.7607101611409,14
2024-09-20 15:10:29.597000,430.76383642154553,998
2024-09-20 15:10:29.676000,430.70401545940985,10
2024-09-20 15:10:29.734000,430.708609129797,10
2024-09-20 15:10:29.734000,430.74125896348863,999
2024-09-20 15:10:29.778000,430.7207440193686,1000
2024-09-20 15:10:29.816000,430.6895888462448,102
2024-09-20 15:10:29.859000,430.7310998858022,15
2024-09-20 15:10:29.861000,430.7519909955553,8
2024-09-20 15:10:29.890000,430.7374923917759,95
2024-09-20 15:10:29.984000,430.7030625526504,1000
2024-09-20 15:10:29.985000,430.7556364252954,104
2024-09-20 15:10:29.990000,430.6885305952655,11
2024-09-20 15:10:30.010000,430.7874403352548,11
2024-09-20 15:10:30.054000,430.7809308609886,11
2024-09-20 15:10:30.092000,430.7732785256741,1005
2024-09-20 15:10:30.136000,430.7634904349808,9
2024-09-20 15:10:30.149000,430.73826050383366,104
2024-09-20 15:10:30.153000,430.7844176253254,14
2024-09-20 15:10:30.203000,430.7714897863545,1004
2024-09-20 15:10:30.224000,430.74338235190095,10
2024-09-20 15:10:30.407000,430.7761577864467,1004
2024-09-20 15:10:30.483000,430.7421573574656,1003
2024-09-20 15:10:30.567000,430.7672926783067,99
2024-09-20 15:10:30.576000,430.73530982054746,998
2024-09-20 15:10:30.596000,430.75182746218775,9
2024-09-20 15:10:30.599000,430.7322861861725,98
2024-09-20 15:10:30.607000,430.77937602356656,101
2024-09-20 15:10:30.612000,430.7234304776781,15
2024-09-20 15:10:30.620000,430.7402768342493,12
2024-09-20 15:10:30.632000,430.7887568236697,1000
2024-09-20 15:10:30.786000,430.7658069904578,10
2024-09-20 15:10:30.836000,430.7862260523153,999
2024-09-20 15:10:30.883000,430.795620753871,103
2024-09-20 15:10:31.295000,430.79047696355576,9
2024-09-20 15:10:31.636000,430.7915199195224,1001
2024-09-20 15:10:31.653000,430.80360443186976,5
2024-09-20 15:10:31.681000,430.79273991906825,98
2024-09-20 15:10:31.721000,430.8052704112697,6
2024-09-20 15:10:31.987000,430.8059917106016,996
2024-09-20 15:10:32.011000,430.7516893860068,1002
2024-09-20 15:10:32.056000,430.7878379881376,999
2024-09-20 15:10:32.092000,430.81461115028776,8
2024-09-20 15:10:32.102000,430.7637846764716,95
2024-09-20 15:10:32.140000,430.7522405855564,13
2024-09-20 15:10:32.177000,430.8276153951934,1000
2024-09-20 15:10:32.196000,430.7485523258867,101
2024-09-20 15:10:32.243000,430.7526419444077,996
2024-09-20 15:10:32.421000,430.7533643443239,1004
2024-09-20 15:10:32.442000,430.7976384298713,12
2024-09-20 15:10:32.464000,430.7846216235076,98
2024-09-20 15:10:32.484000,430.7826943410621,95
2024-09-20 15:10:32.534000,430.79641515119306,97
2024-09-20 15:10:32.587000,430.7358059599009,998
2024-09-20 15:10:32.599000,430.795072436052,14
2024-09-20 15:10:32.618000,430.750177955296,7
2024-09-20 15:10:32.633000,430.8208899757772,14
2024-09-20 15:10:32.654000,430.7561687419426,1003
2024-09-20 15:10:32.757000,430.745262004657,1001
2024-09-20 15:10:32.758000,430.7770751545721,1004
2024-09-20 15:10:32.794000,430.7539251340801,996
2024-09-20 15:10:32.832000,430.82854892626005,95
2024-09-20 15:10:32.842000,430.8059198215304,997
2024-09-20 15:10:32.905000,430.7952724115223,999
2024-09-20 15:10:32.942000,430.7567802884081,1002
2024-09-20 15:10:33.001000,430.7734501063464,999
2024-09-20 15:10:33.041000,430.8889959850972,98
2024-09-20 15:10:33.117000,430.89550581815865,9
2024-09-20 15:10:33.153000,430.79696894721206,101
2024-09-20 15:10:33.169000,430.8203593054002,99
2024-09-20 15:10:33.292000,430.78164712668126,104
2024-09-20 15:10:33.412000,430.884075476156,10
2024-09-20 15:10:33.420000,430.87286005755055,10
2024-09-20 15:10:33.427000,430.8424467900587,96
2024-09-20 15:10:33.568000,430.7942658488016,6
2024-09-20 15:10:33.596000,430.8380336859241,995
2024-09-20 15:10:33.602000,430.8274382394192,11
2024-09-20 15:10:33.626000,430.8028405167655,1002
2024-09-20 15:10:33.640000,430.8230818341739,15
2024-09-20 15:10:33.657000,430.7935937411904,11
2024-09-20 15:10:33.668000,430.865861753284,1001
2024-09-20 15:10:33.702000,430.791909245129,1001
2024-09-20 15:10:33.823000,430.7693505551063,104
2024-09-20 15:10:33.827000,430.89240836514335,6
2024-09-20 15:10:33.888000,430.8186781051436,13
2024-09-20 15:10:33.933000,430.7989745543348,1003
2024-09-20 15:10:33.943000,430.7914822045029,98
2024-09-20 15:10:33.959000,430.76342842306775,1000
2024-09-20 15:10:33.991000,430.87499990799984,995
2024-09-20 15:10:35.009000,430.8872633727117,100
2024-09-20 15:10:36.032000,430.8909452279162,1001
2024-09-20 15:10:36.236000,430.8822722143568,8
2024-09-20 15:10:36.438000,430.9042980996464,996
2024-09-20 15:10:36.553000,430.88534808395474,13
2024-09-20 15:10:36.574000,430.87894901099367,995
2024-09-20 15:10:36.599000,430.895525266198,1000
2024-09-20 15:10:36.942000,430.8890754502916,9
2024-09-20 15:10:37.003000,430.8992657777562,1004
2024-09-20 15:10:37.007000,430.8945342476275,997
2024-09-20 15:10:37.041000,430.9058432858736,98
2024-09-20 15:10:37.084000,430.9107723476636,9
2024-09-20 15:10:37.196000,430.898003295055,10
2024-09-20 15:10:37.246000,430.9044345802808,6
2024-09-20 15:10:37.462000,430.908419155121,103
2024-09-20 15:10:37.528000,430.9154917848317,1002
2024-09-20 15:10:37.625000,430.90585949218473,6
2024-09-20 15:10:37.758000,430.8838919619711,105
2024-09-20 15:10:37.919000,430.89984470440265,11
2024-09-20 15:10:37.942000,430.889896179339,103
2024-09-20 15:10:37.945000,430.8835098403158,1005
2024-09-20 15:10:38.094000,430.8860211340129,101
2024-09-20 15:10:38.191000,430.8929931741245,8
2024-09-20 15:10:38.229000,430.8983903911182,998
2024-09-20 15:10:38.498000,430.9285609466728,997
2024-09-20 15:10:38.825000,430.9011020085651,998
2024-09-20 15:10:38.892000,424.1324235197777,9
2024-09-20 15:10:38.905000,430.91395260453953,105
2024-09-20 15:10:39.078000,430.86461310773353,104
2024-09-20 15:10:39.679000,430.8890493516226,6
2024-09-20 15:10:39.717000,430.8558771786076,998
2024-09-20 15:10:39.913000,430.8707993299273,99
2024-09-20 15:10:39.932000,430.8815410796397,13
2024-09-20 15:10:40.131000,430.95747574981726,5
2024-09-20 15:10:40.144000,430.97354421888406,1000
2024-09-20 15:10:40.199000,430.89824903258807,999
2024-09-20 15:10:40.217000,430.9756226443573,104
2024-09-20 15:10:40.250000,430.9696281000516,1000
2024-09-20 15:10:40.282000,430.96297540662687,1004
2024-09-20 15:10:40.304000,430.9324838688652,1002
2024-09-20 15:10:40.307000,430.96385492106816,10
2024-09-20 15:10:40.311000,430.95544779777214,1002
2024-09-20 15:10:40.342000,430.9571042779655,1005
2024-09-20 15:10:40.454000,430.9516152374256,1005
2024-09-20 15:10:40.506000,430.95872095782806,98
2024-09-20 15:10:40.529000,430.960185463905,100
2024-09-20 15:10:40.580000,430.9716814914328,15
2024-09-20 15:10:40.644000,430.8997611837473,7
2024-09-20 15:10:40.692000,430.89238377018506,15
2024-09-20 15:10:40.720000,430.96346922675,103
2024-09-20 15:10:40.839000,430.95460563193336,103
2024-09-20 15:10:40.903000,430.9256093986053,102
2024-09-20 15:10:41.051000,430.9582535003097,1000
2024-09-20 15:10:41.097000,430.96516935267016,995
2024-09-20 15:10:41.222000,430.8885300442678,1005
2024-09-20 15:10:41.259000,430.92852396919193,104
2024-09-20 15:10:41.271000,430.94062923866136,8
2024-09-20 15:10:41.392000,430.9614545999954,999
2024-09-20 15:10:41.461000,430.9362896676929,11
2024-09-20 15:10:41.548000,430.9286180033724,7
2024-09-20 15:10:41.577000,430.937062483194,105
2024-09-20 15:10:41.752000,430.9447440613776,104
2024-09-20 15:10:41.910000,430.9186335398849,104
2024-09-20 15:10:41.954000,430.9297319106377,95
2024-09-20 15:10:42.071000,430.97047707287726,1004
2024-09-20 15:10:42.220000,430.9541481767261,96
2024-09-20 15:10:42.381000,430.9574999307054,95
2024-09-20 15:10:42.420000,430.90371811738,96
2024-09-20 15:10:42.422000,430.9786489291711,8
2024-09-20 15:10:42.429000,430.9692722320113,9
2024-09-20 15:10:42.461000,430.9611078946558,101
2024-09-20 15:10:42.486000,430.9785979020073,1000
2024-09-20 15:10:42.493000,430.90769811003247,101
2024-09-20 15:10:42.509000,430.9718048333784,9
2024-09-20 15:10:42.520000,430.92455371686566,12
2024-09-20 15:10:42.566000,430.94266231641495,998
2024-09-20 15:10:42.580000,430.9635756304038,6
2024-09-20 15:10:42.586000,430.98255696262936,995
2024-09-20 15:10:42.611000,430.9377800662464,14
2024-09-20 15:10:42.639000,430.901121622271,100
2024-09-20 15:10:42.684000,430.965159361322,1004
2024-09-20 15:10:42.705000,430.9765631100311,1002
2024-09-20 15:10:42.719000,430.8907983793676,104
2024-09-20 15:10:42.745000,430.95175613607273,96
2024-09-20 15:10:42.746000,430.95769901226856,999
2024-09-20 15:10:42.752000,430.92073796898745,9
2024-09-20 15:10:42.754000,430.93897212375407,995
2024-09-20 15:10:42.819000,430.9780016176465,97
2024-09-20 15:10:42.836000,430.9661052312925,7
2024-09-20 15:10:42.860000,430.8909552878603,13
2024-09-20 15:10:42.869000,430.9610590514639,97
2024-09-20 15:10:42.883000,430.9581934589706,99
2024-09-20 15:10:43.123000,430.9670061150801,999
2024-09-20 15:10:43.813000,430.9484618123726,101
2024-09-20 15:10:43.901000,430.9793260926986,10
2024-09-20 15:10:44.007000,430.9970264867764,998
2024-09-20 15:10:44.084000,430.98396606718376,98
2024-09-20 15:10:44.115000,430.9844038094835,6
2024-09-20 15:10:44.218000,430.97961435068703,1003
2024-09-20 15:10:44.282000,430.9836100719282,14
2024-09-20 15:10:44.308000,430.9735346808037,97
2024-09-20 15:10:44.342000,430.9936089867023,12
2024-09-20 15:10:44.416000,430.9811152425575,12
2024-09-20 15:10:44.423000,430.9789181709466,99
2024-09-20 15:10:44.466000,430.9663839509601,98
2024-09-20 15:10:44.565000,430.9864657256458,13
2024-09-20 15:10:44.703000,430.99694154003134,1000
2024-09-20 15:10:44.726000,431.0059994298833,1004
2024-09-20 15:10:44.845000,431.00630098318,1005
2024-09-20 15:10:44.955000,430.9647672536432,102
2024-09-20 15:10:44.959000,430.9812234819589,8
2024-09-20 15:10:45.019000,430.9703328434561,11
2024-09-20 15:10:45.069000,430.9625204387819,102
2024-09-20 15:10:45.197000,430.9726311330628,98
2024-09-20 15:10:45.198000,430.96009263386975,1000
2024-09-20 15:10:45.250000,430.9694224190556,1000
2024-09-20 15:10:45.293000,430.9659424266119,7
2024-09-20 15:10:45.585000,430.9576248622144,103
2024-09-20 15:10:45.611000,430.94239119101536,9
2024-09-20 15:10:45.830000,430.9618065227579,104
2024-09-20 15:10:46.152000,431.0009713255538,996
2024-09-20 15:10:46.545000,430.9923760770073,999
2024-09-20 15:10:46.892000,430.9725638640954,9
2024-09-20 15:10:47.007000,431.0067237535037,10
2024-09-20 15:10:47.058000,431.0126365651731,103
2024-09-20 15:10:47.109000,431.0362456330049,105
2024-09-20 15:10:47.362000,431.03722885715575,11
2024-09-20 15:10:47.394000,431.0747554430381,15
2024-09-20 15:10:47.494000,431.0783207363886,11
2024-09-20 15:10:47.514000,431.0258011373733,12
2024-09-20 15:10:47.521000,431.0428731258788,95
2024-09-20 15:10:47.645000,431.0446099970463,8
2024-09-20 15:10:47.696000,431.0617539875168,5
2024-09-20 15:10:47.876000,431.0432559878976,9
2024-09-20 15:10:48.063000,431.09369889721,8
2024-09-20 15:10:48.094000,431.089530905633,999
2024-09-20 15:10:48.237000,430.9958332477675,5
2024-09-20 15:10:48.269000,431.0717116584176,96
2024-09-20 15:10:48.290000,431.01516188946965,15
2024-09-20 15:10:48.394000,431.0345197270293,1004
2024-09-20 15:10:48.419000,431.0959586697481,998
2024-09-20 15:10:48.468000,430.9859715350155,7
2024-09-20 15:10:48.484000,431.0944874853069,99
2024-09-20 15:10:48.490000,431.0709519064175,13
2024-09-20 15:10:48.527000,431.07263403312334,999
2024-09-20 15:10:48.641000,431.0704998524013,12
2024-09-20 15:10:48.746000,431.0888826773256,1005
2024-09-20 15:10:48.759000,430.9939548724119,6
2024-09-20 15:10:48.818000,431.01174718582575,1001
2024-09-20 15:10:48.828000,431.0668630939292,102
2024-09-20 15:10:48.837000,431.0091685217175,14
2024-09-20 15:10:48.884000,431.0139535001532,97
2024-09-20 15:10:48.894000,431.054808762887,98
2024-09-20 15:10:48.904000,431.0561238736538,1000
2024-09-20 15:10:48.931000,431.0977424660846,8
2024-09-20 15:10:48.953000,431.0377309292021,100
2024-09-20 15:10:48.957000,431.0404627278791,97
2024-09-20 15:10:48.993000,431.0789374669757,14
2024-09-20 15:10:49.070000,431.0018805476008,1000
2024-09-20 15:10:49.126000,430.96767202478645,101
2024-09-20 15:10:49.170000,431.0040162368207,8
2024-09-20 15:10:49.243000,430.971643221448,99
2024-09-20 15:10:49.281000,430.9601220336431,101
2024-09-20 15:10:49.295000,430.9783873884634,7
2024-09-20 15:10:49.302000,430.9635487207691,1002
2024-09-20 15:10:49.351000,431.02123966963904,995
2024-09-20 15:10:49.438000,430.9705503019376,11
2024-09-20 15:10:49.475000,430.9715306677275,996
2024-09-20 15:10:49.524000,430.977999569208,998
2024-09-20 15:10:49.543000,431.0095711823749,999
2024-09-20 15:10:49.615000,430.991155227998,6
2024-09-20 15:10:49.621000,430.9836270410023,999
2024-09-20 15:10:49.660000,430.9841754038775,15
2024-09-20 15:10:49.677000,430.97418605766086,6
2024-09-20 15:10:49.680000,430.99141304155256,10
2024-09-20 15:10:49.717000,430.9668239076044,104
2024-09-20 15:10:49.777000,430.9573030116404,997
2024-09-20 15:10:49.794000,430.9830685012196,15
2024-09-20 15:10:49.806000,431.0098186558664,95
2024-09-20 15:10:50.050000,431.0295342867965,1001
2024-09-20 15:10:50.084000,431.023228333366,1001
2024-09-20 15:10:50.178000,431.0400259120029,1005
2024-09-20 15:10:50.209000,431.0022541202584,11
2024-09-20 15:10:50.254000,431.03479490528247,96
2024-09-20 15:10:50.264000,431.01485610900914,12
2024-09-20 15:10:50.281000,431.0092695191765,995
2024-09-20 15:10:50.311000,430.99730157510544,7
2024-09-20 15:10:50.332000,431.0470851789954,14
2024-09-20 15:10:50.530000,431.0129893722656,12
2024-09-20 15:10:50.531000,431.0161331555786,14
2024-09-20 15:10:50.551000,431.035692327594,1004
2024-09-20 15:10:50.643000,431.0036344548147,1001
2024-09-20 15:10:50.692000,431.0359751717155,995
2024-09-20 15:10:50.760000,431.03458951062527,5
2024-09-20 15:10:50.772000,431.0318888653708,96
2024-09-20 15:10:50.840000,430.9818908666447,14
2024-09-20 15:10:50.863000,431.038733855976,98
2024-09-20 15:10:50.864000,431.0157200612957,996
2024-09-20 15:10:50.897000,431.0287138459876,1000
2024-09-20 15:10:50.919000,431.0421980276798,1002
2024-09-20 15:10:50.922000,430.9979566117004,998
2024-09-20 15:10:50.950000,431.01568550019823,996
2024-09-20 15:10:50.989000,431.0528577892468,1002
2024-09-20 15:10:50.992000,431.00984214305225,12
2024-09-20 15:10:51.454000,431.0298590528957,9
2024-09-20 15:10:52.038000,431.09214513692297,12
2024-09-20 15:10:52.042000,431.08357204814814,8
2024-09-20 15:10:52.195000,431.080060239931,13
2024-09-20 15:10:52.222000,431.06588939074913,998
2024-09-20 15:10:52.256000,431.0705069803337,1001
2024-09-20 15:10:52.285000,431.0884774878477,13
2024-09-20 15:10:52.304000,431.0943101242362,97
2024-09-20 15:10:52.321000,431.0711962865435,99
2024-09-20 15:10:52.368000,431.0553211275111,997
2024-09-20 15:10:52.484000,431.0656896622255,10
2024-09-20 15:10:52.500000,431.08780615168337,7
2024-09-20 15:10:52.501000,431.07187499724415,9
2024-09-20 15:10:52.506000,431.085607547042,105
2024-09-20 15:10:52.511000,431.0587704478185,102
2024-09-20 15:10:52.528000,431.0700959711149,6
2024-09-20 15:10:52.577000,431.06740730269513,8
2024-09-20 15:10:52.593000,431.0341724757652,95
2024-09-20 15:10:52.661000,431.0894311200671,1003
2024-09-20 15:10:52.691000,431.09015295572914,7
2024-09-20 15:10:52.691000,431.0756280903989,9
2024-09-20 15:10:52.708000,431.0698173075519,8
2024-09-20 15:10:52.779000,431.06010506399656,996
2024-09-20 15:10:52.861000,431.09516301564486,98
2024-09-20 15:10:52.866000,431.06972731797913,1004
2024-09-20 15:10:52.958000,431.0512743914873,11
2024-09-20 15:10:53.041000,431.0627944419471,1000
2024-09-20 15:10:53.198000,431.02920624175226,96
2024-09-20 15:10:53.383000,431.0298580804263,7
2024-09-20 15:10:53.603000,431.08026972705386,101
2024-09-20 15:10:53.698000,431.0608395803234,103
2024-09-20 15:10:53.901000,431.009327381816,8
2024-09-20 15:10:53.958000,431.0307527473793,9
2024-09-20 15:10:54.117000,431.0434869992071,1005
2024-09-20 15:10:54.211000,431.05982054240354,8
2024-09-20 15:10:54.219000,431.0779213906451,1002
2024-09-20 15:10:54.234000,431.0571880708274,5
2024-09-20 15:10:54.330000,431.0717554745143,1005
2024-09-20 15:10:54.369000,431.0761246155046,99
2024-09-20 15:10:54.381000,431.0502800492432,101
2024-09-20 15:10:54.391000,431.0599630825025,996
2024-09-20 15:10:54.501000,431.0658254274787,1003
2024-09-20 15:10:54.686000,431.082712027899,6
2024-09-20 15:10:54.687000,431.0555608756757,104
2024-09-20 15:10:54.691000,431.0543502594453,9
2024-09-20 15:10:54.716000,431.0450779525793,98
2024-09-20 15:10:54.748000,431.0503789722038,10
2024-09-20 15:10:54.858000,431.0601620937369,99
2024-09-20 15:10:54.894000,431.0668202703682,1000
2024-09-20 15:10:55.049000,431.0211371073057,1003
2024-09-20 15:10:55.175000,431.0434714623708,1001
2024-09-20 15:10:55.481000,431.048731331373,15
2024-09-20 15:10:55.650000,431.0353675171164,1003
2024-09-20 15:10:55.784000,431.05054001316216,6
2024-09-20 15:10:56.005000,430.9360458446079,104
2024-09-20 15:10:56.028000,430.9376420734859,103
2024-09-20 15:10:56.069000,430.99073565071984,103
2024-09-20 15:10:56.396000,430.9331123607922,996
2024-09-20 15:10:56.497000,431.0135633617176,11
2024-09-20 15:10:56.689000,431.0240275390161,6
2024-09-20 15:10:56.755000,430.951279324798,7
2024-09-20 15:10:56.782000,430.9881808166838,8
2024-09-20 15:10:56.818000,430.9558965074562,5
2024-09-20 15:10:56.827000,431.0242407916493,98
2024-09-20 15:10:56.941000,431.0003553318472,9
2024-09-20 15:10:56.956000,430.9286624504457,5
2024-09-20 15:10:57.053000,430.95218417231007,14
2024-09-20 15:10:57.166000,430.91360612627824,12
2024-09-20 15:10:57.263000,430.90559756386926,1000
2024-09-20 15:10:57.279000,430.9566212589495,14
2024-09-20 15:10:57.318000,430.93356538243887,105
2024-09-20 15:10:57.350000,430.8838225461932,103
2024-09-20 15:10:57.436000,430.9464859736029,95
2024-09-20 15:10:57.445000,430.9304766522865,997
2024-09-20 15:10:57.451000,430.9500188370986,9
2024-09-20 15:10:57.558000,430.88499468051583,102
2024-09-20 15:10:57.637000,430.9571839475737,96
2024-09-20 15:10:57.703000,430.9411611557837,11
2024-09-20 15:10:57.747000,430.9050163835301,999
2024-09-20 15:10:57.900000,430.94369195857433,100
2024-09-20 15:10:57.950000,430.9601098818712,5
2024-09-20 15:10:57.963000,430.93948241061776,98
2024-09-20 15:10:58.028000,430.9011727216945,100
2024-09-20 15:10:58.043000,430.8871503258943,95
2024-09-20 15:10:58.077000,430.8910194917261,97
2024-09-20 15:10:58.081000,430.8929742555986,997
2024-09-20 15:10:58.082000,430.8839308011417,9
2024-09-20 15:10:58.158000,430.8776580148837,1004
2024-09-20 15:10:58.181000,430.88488967498216,6
2024-09-20 15:10:58.204000,430.8848043350156,15
2024-09-20 15:10:58.372000,430.8859773095731,1005
2024-09-20 15:10:58.444000,430.8792028864659,1005
2024-09-20 15:10:58.625000,430.88585651079234,10
2024-09-20 15:10:58.798000,430.895712813741,5
2024-09-20 15:10:58.808000,430.8862900457377,100
2024-09-20 15:10:58.855000,430.88970920585393,7
2024-09-20 15:10:58.952000,430.8863592756542,1004
2024-09-20 15:10:59.007000,430.92902935100807,101
2024-09-20 15:10:59.027000,430.9356796061634,996
2024-09-20 15:10:59.109000,430.886683053623,12
2024-09-20 15:10:59.166000,430.9362242125076,14
2024-09-20 15:10:59.562000,430.8994068240091,98
2024-09-20 15:10:59.725000,430.95123812037735,1005
2024-09-20 15:10:59.852000,430.9089707421085,995
2024-09-20 15:10:59.929000,430.9377192171283,1004
2024-09-20 15:10:59.981000,430.9322358635205,8
