Timestamp,Price,Size
2024-09-19 09:48:00.458000,414.5726769734161,1004
2024-09-19 09:48:00.537000,414.5617481986767,100
2024-09-19 09:48:00.545000,414.5678316457981,12
2024-09-19 09:48:00.855000,414.5760894364094,995
2024-09-19 09:48:00.960000,414.57489323491785,6
2024-09-19 09:48:01.039000,414.513194767262,995
2024-09-19 09:48:01.096000,414.5359063910717,102
2024-09-19 09:48:01.388000,414.559306034522,97
2024-09-19 09:48:01.442000,414.5092652822443,95
2024-09-19 09:48:01.485000,414.5557978469503,95
2024-09-19 09:48:01.603000,414.4972473914801,997
2024-09-19 09:48:01.965000,414.4958754284045,104
2024-09-19 09:48:01.980000,414.49521087973096,102
2024-09-19 09:48:02.012000,414.4978304523359,9
2024-09-19 09:48:02.096000,414.4690937118174,8
2024-09-19 09:48:02.249000,414.5034238040158,9
2024-09-19 09:48:02.612000,414.51847614715103,100
2024-09-19 09:48:02.690000,414.5145370458971,1003
2024-09-19 09:48:02.927000,414.4954387375202,100
2024-09-19 09:48:02.933000,414.4698003249548,996
2024-09-19 09:48:03.010000,414.4894371504551,998
2024-09-19 09:48:03.025000,414.4849385314806,7
2024-09-19 09:48:03.072000,414.4830621550591,104
2024-09-19 09:48:03.084000,414.4795096314295,1003
2024-09-19 09:48:03.172000,414.4865161984033,15
2024-09-19 09:48:03.188000,414.5123160099186,14
2024-09-19 09:48:03.305000,414.4825594214651,1004
2024-09-19 09:48:03.386000,414.4997817120718,6
2024-09-19 09:48:03.407000,414.5080029180393,10
2024-09-19 09:48:03.537000,414.5083555116758,996
2024-09-19 09:48:03.640000,414.4605552234119,97
2024-09-19 09:48:03.722000,414.48718596072905,996
2024-09-19 09:48:03.741000,414.4836017996183,10
2024-09-19 09:48:03.770000,414.47925735688347,7
2024-09-19 09:48:03.809000,414.4900086982207,9
2024-09-19 09:48:03.833000,414.48505232549854,998
2024-09-19 09:48:03.837000,414.4857520841708,103
2024-09-19 09:48:03.899000,414.5070989084106,1002
2024-09-19 09:48:03.971000,414.50265130249744,999
2024-09-19 09:48:03.981000,414.4892596244435,95
2024-09-19 09:48:04.147000,414.5151146551333,14
2024-09-19 09:48:04.186000,414.5177554841517,999
2024-09-19 09:48:04.189000,414.5473713633705,12
2024-09-19 09:48:04.196000,414.4961717218084,15
2024-09-19 09:48:04.331000,414.5110243084361,98
2024-09-19 09:48:04.368000,414.50170500160425,105
2024-09-19 09:48:04.427000,414.5147879405575,7
2024-09-19 09:48:04.479000,414.5410593017116,11
2024-09-19 09:48:04.485000,414.5328093104575,995
2024-09-19 09:48:04.494000,414.55075411188176,9
2024-09-19 09:48:04.824000,414.5051562305633,1002
2024-09-19 09:48:04.835000,414.5126109518595,10
2024-09-19 09:48:04.844000,414.5594838362895,104
2024-09-19 09:48:04.940000,414.500247755176,5
2024-09-19 09:48:05.239000,414.5477683765204,100
2024-09-19 09:48:05.322000,414.5225982542523,105
2024-09-19 09:48:05.449000,414.5550828390965,998
2024-09-19 09:48:05.515000,414.5542942755094,15
2024-09-19 09:48:05.576000,414.5073778994645,105
2024-09-19 09:48:05.773000,414.5148400184705,1005
2024-09-19 09:48:05.849000,414.5583768078075,102
2024-09-19 09:48:06.073000,414.5604004389684,7
2024-09-19 09:48:06.093000,414.558610092767,9
2024-09-19 09:48:06.097000,414.5521275253312,101
2024-09-19 09:48:06.136000,414.5511008245521,1005
2024-09-19 09:48:06.175000,414.56369654886913,996
2024-09-19 09:48:06.223000,414.5446391653621,12
2024-09-19 09:48:06.271000,414.5390958639122,100
2024-09-19 09:48:06.331000,414.5366172618127,5
2024-09-19 09:48:06.380000,414.5535517505506,998
2024-09-19 09:48:06.382000,414.5545909198315,7
2024-09-19 09:48:06.392000,414.5578745776549,5
2024-09-19 09:48:06.516000,414.5660853781822,1003
2024-09-19 09:48:06.566000,414.5644765333859,1001
2024-09-19 09:48:06.732000,414.5500079571083,7
2024-09-19 09:48:06.779000,414.5501703721037,97
2024-09-19 09:48:06.790000,414.5281616989133,14
2024-09-19 09:48:06.790000,414.5514269630814,104
2024-09-19 09:48:06.849000,414.5251245796236,14
2024-09-19 09:48:06.877000,414.5679561560239,6
2024-09-19 09:48:06.879000,414.56594551850026,10
2024-09-19 09:48:06.906000,414.5576190388287,11
2024-09-19 09:48:06.929000,414.5546568046907,13
2024-09-19 09:48:06.936000,414.54596531321073,15
2024-09-19 09:48:07.066000,414.5303296785577,5
2024-09-19 09:48:07.076000,414.5681877807888,103
2024-09-19 09:48:07.078000,414.4456792161804,1002
2024-09-19 09:48:07.090000,414.39902426145886,95
2024-09-19 09:48:07.092000,414.51498263852017,100
2024-09-19 09:48:07.211000,414.4778346913004,1003
2024-09-19 09:48:07.287000,414.4684432871318,9
2024-09-19 09:48:07.373000,414.4979655474318,5
2024-09-19 09:48:07.380000,414.4117854832321,1001
2024-09-19 09:48:07.407000,414.3872445985738,99
2024-09-19 09:48:07.424000,414.54907557727125,1004
2024-09-19 09:48:07.446000,414.5144100775841,98
2024-09-19 09:48:07.460000,414.50318087472175,1001
2024-09-19 09:48:07.479000,414.414621884947,998
2024-09-19 09:48:07.491000,414.5076799598279,5
2024-09-19 09:48:07.550000,414.5459889520162,1001
2024-09-19 09:48:07.673000,414.38174327515554,103
2024-09-19 09:48:07.706000,414.5516400340911,96
2024-09-19 09:48:07.722000,414.4829435539712,11
2024-09-19 09:48:07.726000,414.4570417795322,6
2024-09-19 09:48:07.764000,414.3911315281664,104
2024-09-19 09:48:07.768000,414.38859966897496,101
2024-09-19 09:48:07.917000,414.39438965628585,998
2024-09-19 09:48:07.936000,414.4494913695586,100
2024-09-19 09:48:07.996000,414.3800522651473,10
2024-09-19 09:48:08.034000,414.3882120538221,5
2024-09-19 09:48:08.107000,414.3538668073609,99
2024-09-19 09:48:08.168000,414.3667047251831,103
2024-09-19 09:48:08.173000,414.358909573377,998
2024-09-19 09:48:08.232000,414.3694693734549,96
2024-09-19 09:48:08.286000,414.3805416622556,101
2024-09-19 09:48:08.348000,414.3738408464786,97
2024-09-19 09:48:08.356000,414.3723900858176,10
2024-09-19 09:48:08.557000,414.382036867479,1005
2024-09-19 09:48:08.612000,414.3829074240912,999
2024-09-19 09:48:08.661000,414.4052480363324,101
2024-09-19 09:48:08.677000,414.3767097207034,8
2024-09-19 09:48:08.686000,414.344996787841,13
2024-09-19 09:48:08.690000,414.3555949410488,11
2024-09-19 09:48:08.702000,414.3778486214045,15
2024-09-19 09:48:08.736000,414.391051700832,7
2024-09-19 09:48:08.862000,414.3872829871916,1004
2024-09-19 09:48:08.891000,414.3321260310343,5
2024-09-19 09:48:08.995000,414.3490269558628,105
2024-09-19 09:48:09.052000,414.3226097053695,999
2024-09-19 09:48:09.087000,414.3336053204883,1003
2024-09-19 09:48:09.136000,414.3261133139211,97
2024-09-19 09:48:09.165000,414.3148866426955,98
2024-09-19 09:48:09.229000,414.2919899524591,103
2024-09-19 09:48:09.248000,414.31476615942216,1001
2024-09-19 09:48:09.359000,414.2930578498335,8
2024-09-19 09:48:09.508000,414.3087176290376,1003
2024-09-19 09:48:09.542000,414.3182065771198,8
2024-09-19 09:48:09.585000,414.32414306944855,996
2024-09-19 09:48:09.660000,414.32904479054673,11
2024-09-19 09:48:09.726000,414.30290782153537,101
2024-09-19 09:48:09.794000,414.2927422731601,15
2024-09-19 09:48:09.801000,414.3329596861986,1000
2024-09-19 09:48:09.818000,414.32929127485744,12
2024-09-19 09:48:09.883000,414.32480695574327,1002
2024-09-19 09:48:09.904000,414.294850933844,11
2024-09-19 09:48:10.158000,414.3368562875487,14
2024-09-19 09:48:10.254000,414.3354258674373,104
2024-09-19 09:48:10.479000,414.3318285466343,13
2024-09-19 09:48:10.480000,414.3340921197075,15
2024-09-19 09:48:11.082000,414.3294074907173,6
2024-09-19 09:48:11.135000,414.3122708898941,96
2024-09-19 09:48:11.149000,414.2616352051968,1003
2024-09-19 09:48:11.154000,414.3114747363916,101
2024-09-19 09:48:11.248000,414.2804938145092,1003
2024-09-19 09:48:11.272000,414.2544829624815,101
2024-09-19 09:48:11.275000,414.3246470941743,100
2024-09-19 09:48:11.347000,414.27661362539766,98
2024-09-19 09:48:11.376000,414.3198413851271,1003
2024-09-19 09:48:11.446000,414.3137377884341,14
2024-09-19 09:48:11.479000,414.27319382889976,6
2024-09-19 09:48:11.496000,414.30399577734994,105
2024-09-19 09:48:11.518000,414.2684692328024,10
2024-09-19 09:48:11.532000,414.2554230723445,12
2024-09-19 09:48:11.537000,414.302274723048,1000
2024-09-19 09:48:11.588000,414.3613116227378,7
2024-09-19 09:48:11.664000,414.3238265852863,1005
2024-09-19 09:48:11.816000,414.3226996248379,95
2024-09-19 09:48:11.825000,414.2998660467819,5
2024-09-19 09:48:12.044000,414.3219998342888,1001
2024-09-19 09:48:12.206000,414.3196426555435,96
2024-09-19 09:48:12.261000,414.3312124430564,15
2024-09-19 09:48:12.285000,414.3283261993033,99
2024-09-19 09:48:12.319000,414.3031167586803,103
2024-09-19 09:48:12.437000,414.3221774713599,9
2024-09-19 09:48:12.683000,414.2945577333787,10
2024-09-19 09:48:12.688000,414.2865618058507,1004
2024-09-19 09:48:12.723000,414.3107651979171,7
2024-09-19 09:48:12.845000,414.3024926464659,96
2024-09-19 09:48:13.198000,414.3658427171724,101
2024-09-19 09:48:13.729000,414.33083069194487,15
2024-09-19 09:48:13.834000,414.36091650926846,1000
2024-09-19 09:48:13.893000,414.33829034233,996
2024-09-19 09:48:13.986000,414.33379603381536,997
2024-09-19 09:48:14.401000,414.33862225730337,1003
2024-09-19 09:48:15.123000,414.3604374752067,97
2024-09-19 09:48:15.595000,414.3455562561444,7
2024-09-19 09:48:15.729000,414.3511770927231,15
2024-09-19 09:48:16.052000,414.3288825068158,998
2024-09-19 09:48:16.129000,414.3350628633228,998
2024-09-19 09:48:16.254000,414.3496194752004,13
2024-09-19 09:48:16.256000,414.3371616247433,1003
2024-09-19 09:48:16.301000,414.36207941535497,1000
2024-09-19 09:48:16.302000,414.3478410699229,996
2024-09-19 09:48:16.476000,414.3343948680353,99
2024-09-19 09:48:16.518000,414.3133975012266,998
2024-09-19 09:48:16.530000,414.3280446977925,104
2024-09-19 09:48:16.607000,414.32832675989147,97
2024-09-19 09:48:16.630000,414.32847277417545,7
2024-09-19 09:48:16.678000,414.32725067682753,12
2024-09-19 09:48:16.774000,414.3258220363156,1003
2024-09-19 09:48:16.836000,414.34644631141424,10
2024-09-19 09:48:17.007000,414.27652472322575,995
2024-09-19 09:48:17.064000,414.2860816266428,1001
2024-09-19 09:48:17.172000,414.2954108219865,5
2024-09-19 09:48:17.176000,414.2828966803322,6
2024-09-19 09:48:17.181000,414.2739890062797,14
2024-09-19 09:48:17.199000,414.28123190810607,98
2024-09-19 09:48:17.288000,414.2786616712087,9
2024-09-19 09:48:17.318000,414.2825242400631,105
2024-09-19 09:48:17.351000,414.2880727839367,7
2024-09-19 09:48:17.541000,414.2872922515773,11
2024-09-19 09:48:17.568000,414.3176836590336,996
2024-09-19 09:48:17.580000,414.2761564568402,104
2024-09-19 09:48:17.588000,414.3304388425043,97
2024-09-19 09:48:17.615000,414.2927589206521,1003
2024-09-19 09:48:17.626000,414.317556999203,10
2024-09-19 09:48:17.682000,414.2941234316992,1005
2024-09-19 09:48:17.727000,414.3114874482224,1003
2024-09-19 09:48:17.728000,414.2789236262964,1005
2024-09-19 09:48:17.743000,414.32144562988975,10
2024-09-19 09:48:17.757000,414.293907127242,5
2024-09-19 09:48:17.799000,414.28576391084505,10
2024-09-19 09:48:17.818000,414.3012108367295,9
2024-09-19 09:48:17.831000,414.2923068860369,7
2024-09-19 09:48:17.883000,414.28726258729387,101
2024-09-19 09:48:17.888000,414.2857818679698,99
2024-09-19 09:48:17.896000,414.2771594102646,1005
2024-09-19 09:48:17.959000,414.2954289722098,98
2024-09-19 09:48:18.091000,414.28635013442994,100
2024-09-19 09:48:18.160000,414.3349993278963,100
2024-09-19 09:48:18.179000,414.3352483593579,15
2024-09-19 09:48:18.229000,414.3004300036141,1004
2024-09-19 09:48:18.269000,414.31850027082726,97
2024-09-19 09:48:18.314000,414.3168194867085,11
2024-09-19 09:48:18.357000,414.29025169911785,104
2024-09-19 09:48:18.369000,414.28134869834753,101
2024-09-19 09:48:18.391000,414.2662275052537,99
2024-09-19 09:48:18.425000,414.2976766789069,100
2024-09-19 09:48:18.471000,414.2795059243359,8
2024-09-19 09:48:18.497000,414.3205039868285,995
2024-09-19 09:48:18.500000,414.280638379653,15
2024-09-19 09:48:18.591000,414.2682291924902,99
2024-09-19 09:48:18.702000,414.3249138289517,100
2024-09-19 09:48:18.757000,414.2957461539991,6
2024-09-19 09:48:18.764000,414.2941659612936,7
2024-09-19 09:48:18.803000,414.31598687788727,998
2024-09-19 09:48:18.845000,414.3166747835204,8
2024-09-19 09:48:18.886000,414.3325335730641,10
2024-09-19 09:48:18.961000,414.2925044256759,96
2024-09-19 09:48:19.019000,414.3566948792568,6
2024-09-19 09:48:19.034000,414.3567671026735,105
2024-09-19 09:48:19.105000,414.3472305126589,13
2024-09-19 09:48:19.162000,414.3421635615203,1004
2024-09-19 09:48:19.233000,414.3418645733017,1003
2024-09-19 09:48:19.435000,414.3485138111038,14
2024-09-19 09:48:19.450000,414.3470916995632,10
2024-09-19 09:48:19.500000,414.3374553890607,14
2024-09-19 09:48:19.516000,414.3449493544783,1005
2024-09-19 09:48:19.519000,414.3433858001472,1005
2024-09-19 09:48:19.595000,414.3578967860198,14
2024-09-19 09:48:19.714000,414.33386593946193,103
2024-09-19 09:48:19.872000,414.353013475408,95
2024-09-19 09:48:20.036000,414.35690550274086,1003
2024-09-19 09:48:20.094000,414.379439498357,14
2024-09-19 09:48:20.151000,414.3582807157344,15
2024-09-19 09:48:20.166000,414.393544886498,103
2024-09-19 09:48:20.169000,414.37213125636754,98
2024-09-19 09:48:20.468000,414.3782316070424,10
2024-09-19 09:48:20.567000,414.38241354874094,105
2024-09-19 09:48:20.570000,414.3538550379882,12
2024-09-19 09:48:20.593000,414.3780053048384,7
2024-09-19 09:48:20.637000,414.3734044470961,1003
2024-09-19 09:48:20.728000,414.3918887631838,104
2024-09-19 09:48:20.836000,414.3450932438439,1000
2024-09-19 09:48:20.851000,414.35251154570153,1002
2024-09-19 09:48:20.876000,414.3548270785482,998
2024-09-19 09:48:20.983000,414.33467204792953,1000
2024-09-19 09:48:21.050000,414.33365826212713,9
2024-09-19 09:48:21.076000,414.3125732420539,99
2024-09-19 09:48:21.129000,414.3116139195607,98
2024-09-19 09:48:21.136000,414.3197146080362,1004
2024-09-19 09:48:21.186000,414.33936927726177,996
2024-09-19 09:48:21.209000,414.3211083903664,13
2024-09-19 09:48:21.318000,414.32677213113175,14
2024-09-19 09:48:21.375000,414.36996810343686,6
2024-09-19 09:48:21.491000,414.31263571633326,12
2024-09-19 09:48:21.491000,414.3609403627751,105
2024-09-19 09:48:21.527000,414.3505700591038,98
2024-09-19 09:48:21.591000,414.3798752662264,5
2024-09-19 09:48:21.616000,414.3213930055608,8
2024-09-19 09:48:21.775000,414.3555860121101,998
2024-09-19 09:48:21.809000,414.3832423722184,995
2024-09-19 09:48:21.918000,414.358705117193,13
2024-09-19 09:48:21.932000,414.3440542529737,998
2024-09-19 09:48:22.012000,414.2722475383107,12
2024-09-19 09:48:22.031000,414.2285532105216,95
2024-09-19 09:48:22.069000,414.2654858573808,100
2024-09-19 09:48:22.086000,414.2171368642545,98
2024-09-19 09:48:22.100000,414.23079960415504,1005
2024-09-19 09:48:22.119000,414.29258157759085,101
2024-09-19 09:48:22.121000,414.2866530993929,104
2024-09-19 09:48:22.135000,414.3113166882607,998
2024-09-19 09:48:22.172000,414.2398643686764,9
2024-09-19 09:48:22.175000,414.292649718131,105
2024-09-19 09:48:22.188000,414.27324925159536,1001
2024-09-19 09:48:22.205000,414.32361764184486,103
2024-09-19 09:48:22.211000,414.30771708292224,15
2024-09-19 09:48:22.344000,414.2942640503876,997
2024-09-19 09:48:22.356000,414.3031221221523,1001
2024-09-19 09:48:22.401000,414.3166491339976,997
2024-09-19 09:48:22.480000,414.3228490253534,101
2024-09-19 09:48:22.519000,414.2561119638091,98
2024-09-19 09:48:22.568000,414.2523619505149,10
2024-09-19 09:48:22.609000,414.22529619231454,103
2024-09-19 09:48:22.651000,414.2473051994672,105
2024-09-19 09:48:22.709000,414.3148360049267,98
2024-09-19 09:48:22.709000,414.2693219726186,5
2024-09-19 09:48:22.793000,414.2234737659466,105
2024-09-19 09:48:22.829000,414.3121731915622,7
2024-09-19 09:48:22.840000,414.2211914510768,105
2024-09-19 09:48:22.882000,414.3336555907679,13
2024-09-19 09:48:22.985000,414.22103129838433,997
2024-09-19 09:48:22.990000,414.2788862959753,998
2024-09-19 09:48:23.077000,414.2178813655324,98
2024-09-19 09:48:23.111000,414.2138971653226,5
2024-09-19 09:48:23.265000,414.2176601701235,1002
2024-09-19 09:48:24.028000,414.239872677775,97
2024-09-19 09:48:24.035000,414.1565095395861,997
2024-09-19 09:48:24.077000,414.2108821609192,996
2024-09-19 09:48:24.087000,414.2186499012394,11
2024-09-19 09:48:24.278000,414.17149410274135,98
2024-09-19 09:48:24.336000,414.2011262129454,14
2024-09-19 09:48:24.354000,414.1967672832416,14
2024-09-19 09:48:24.432000,414.2190456079269,997
2024-09-19 09:48:24.621000,414.16668701240326,100
2024-09-19 09:48:24.754000,414.2367275412822,1001
2024-09-19 09:48:24.787000,414.1650982026164,1001
2024-09-19 09:48:24.800000,414.23663554540576,12
2024-09-19 09:48:24.823000,414.1726464257858,996
2024-09-19 09:48:24.858000,414.1808847526348,6
2024-09-19 09:48:24.908000,414.189784294146,12
2024-09-19 09:48:24.970000,414.155024367374,7
2024-09-19 09:48:25.123000,414.17261748365735,999
2024-09-19 09:48:25.155000,414.1834749912861,100
2024-09-19 09:48:25.170000,414.20673887067255,995
2024-09-19 09:48:25.377000,414.15977957979015,104
2024-09-19 09:48:25.564000,414.1663267891971,12
2024-09-19 09:48:25.567000,414.1564449168986,1005
2024-09-19 09:48:25.901000,414.1652862192904,6
2024-09-19 09:48:25.955000,414.1660596899512,995
2024-09-19 09:48:25.971000,414.1907674946577,1004
2024-09-19 09:48:25.999000,414.1625434414712,6
2024-09-19 09:48:26.809000,414.1641084099181,999
2024-09-19 09:48:27.009000,414.19667417197184,1000
2024-09-19 09:48:27.621000,414.2031069444148,995
2024-09-19 09:48:27.645000,414.2081059483272,13
2024-09-19 09:48:27.800000,414.19517161006615,13
2024-09-19 09:48:27.979000,414.16931626137904,1003
2024-09-19 09:48:28.198000,414.19080098075614,997
2024-09-19 09:48:28.253000,414.1825761958097,1000
2024-09-19 09:48:28.560000,414.1759911565669,8
2024-09-19 09:48:28.576000,414.1849632169837,15
2024-09-19 09:48:28.930000,414.1777173950153,105
2024-09-19 09:48:29.066000,414.1746252117685,14
2024-09-19 09:48:29.881000,414.18407197899097,999
2024-09-19 09:48:30.130000,414.1737652663716,997
2024-09-19 09:48:30.360000,414.1855803349288,9
2024-09-19 09:48:30.454000,414.18514995260944,100
2024-09-19 09:48:30.541000,414.1680739898329,96
2024-09-19 09:48:30.696000,414.1578195014278,1002
2024-09-19 09:48:30.715000,414.1986753796255,100
2024-09-19 09:48:31.016000,414.1917465178442,100
2024-09-19 09:48:31.087000,414.244857277577,99
2024-09-19 09:48:31.224000,414.2412439421952,995
2024-09-19 09:48:31.317000,414.1817952909033,102
2024-09-19 09:48:31.351000,414.2542952345493,7
2024-09-19 09:48:31.375000,414.18209435304817,103
2024-09-19 09:48:31.734000,414.2304978972255,100
2024-09-19 09:48:31.766000,414.1908774455276,1004
2024-09-19 09:48:31.770000,414.16903446701576,6
2024-09-19 09:48:31.905000,414.1964947767954,13
2024-09-19 09:48:31.910000,414.2309656876536,10
2024-09-19 09:48:32.056000,414.2359173628869,97
2024-09-19 09:48:32.305000,414.21965252508926,13
2024-09-19 09:48:33.662000,414.21841779567376,999
2024-09-19 09:48:34.090000,414.28027643606754,1001
2024-09-19 09:48:34.232000,414.2468026304387,99
2024-09-19 09:48:34.244000,414.2066101776088,103
2024-09-19 09:48:34.287000,414.19912351644666,1000
2024-09-19 09:48:34.417000,414.26907211975583,1002
2024-09-19 09:48:34.420000,414.2151638943226,999
2024-09-19 09:48:34.438000,414.2442999797013,100
2024-09-19 09:48:34.499000,414.23520419704215,95
2024-09-19 09:48:34.536000,414.2695066255779,999
2024-09-19 09:48:34.634000,414.26169148357553,7
2024-09-19 09:48:34.722000,414.2230338953572,10
2024-09-19 09:48:34.737000,414.2698015138175,98
2024-09-19 09:48:34.774000,414.2196158202733,1005
2024-09-19 09:48:34.791000,414.2545497376039,1003
2024-09-19 09:48:34.812000,414.23152941399934,98
2024-09-19 09:48:34.896000,414.28894698020736,104
2024-09-19 09:48:34.920000,414.21325062222166,11
2024-09-19 09:48:34.933000,414.2365784901458,105
2024-09-19 09:48:34.960000,414.2380437075484,95
2024-09-19 09:48:34.989000,414.2334208716471,15
2024-09-19 09:48:35.002000,414.31617796427145,96
2024-09-19 09:48:35.007000,414.24552884273385,7
2024-09-19 09:48:35.061000,414.2976434538958,102
2024-09-19 09:48:35.075000,414.29189004530593,13
2024-09-19 09:48:35.078000,414.3224533380267,1002
2024-09-19 09:48:35.161000,414.2397710491766,104
2024-09-19 09:48:35.207000,414.3302491404938,1005
2024-09-19 09:48:35.349000,414.23949393135433,999
2024-09-19 09:48:35.399000,414.2941519215262,998
2024-09-19 09:48:35.422000,414.226913803589,1004
2024-09-19 09:48:35.463000,414.27950638991655,14
2024-09-19 09:48:35.529000,414.3193607421845,1003
2024-09-19 09:48:35.587000,414.25480140879256,997
2024-09-19 09:48:35.646000,414.3285830454549,104
2024-09-19 09:48:35.649000,414.3112824642224,12
2024-09-19 09:48:35.690000,414.2565434545271,996
2024-09-19 09:48:35.769000,414.2830095563235,997
2024-09-19 09:48:35.827000,414.2367554877772,102
2024-09-19 09:48:35.844000,414.233249309718,1000
2024-09-19 09:48:35.866000,414.2333550971715,1004
2024-09-19 09:48:35.869000,414.3008299959001,7
2024-09-19 09:48:35.875000,414.2339086597481,1002
2024-09-19 09:48:35.883000,414.2346955594279,99
2024-09-19 09:48:35.916000,414.248664416398,1002
2024-09-19 09:48:35.930000,414.3255531059909,14
2024-09-19 09:48:35.939000,414.2731150077837,105
2024-09-19 09:48:35.956000,414.2587176546936,14
2024-09-19 09:48:36.022000,414.4161786371338,996
2024-09-19 09:48:36.082000,414.364561105506,105
2024-09-19 09:48:36.092000,414.339526550198,14
2024-09-19 09:48:36.196000,414.4206396655832,15
2024-09-19 09:48:36.213000,414.404762797157,95
2024-09-19 09:48:36.336000,414.3636180336598,9
2024-09-19 09:48:36.361000,414.346539138476,1002
2024-09-19 09:48:36.500000,414.3666402124052,101
2024-09-19 09:48:36.533000,414.38587916245655,10
2024-09-19 09:48:36.548000,414.4027889474585,996
2024-09-19 09:48:36.588000,414.413824127283,96
2024-09-19 09:48:36.639000,414.3441587672297,103
2024-09-19 09:48:36.652000,414.3785697710114,1002
2024-09-19 09:48:36.679000,414.38301897142105,1003
2024-09-19 09:48:36.712000,414.37885751766805,95
2024-09-19 09:48:36.728000,414.3869168546663,10
2024-09-19 09:48:36.848000,414.3789285009768,98
2024-09-19 09:48:36.858000,414.3715848476263,10
2024-09-19 09:48:36.886000,414.3740060476465,1004
2024-09-19 09:48:36.921000,414.3945243405767,9
2024-09-19 09:48:36.946000,414.3492970578444,97
2024-09-19 09:48:36.972000,414.3752388397863,10
2024-09-19 09:48:38.109000,414.3623479056278,11
2024-09-19 09:48:38.138000,414.3539599242831,1001
2024-09-19 09:48:38.192000,414.3657942413433,11
2024-09-19 09:48:38.268000,414.3424978191099,12
2024-09-19 09:48:38.323000,414.3254563562844,105
2024-09-19 09:48:38.525000,414.3730611448948,104
2024-09-19 09:48:38.542000,414.314847115572,95
2024-09-19 09:48:38.571000,414.3697330554447,10
2024-09-19 09:48:38.588000,414.3627026190139,102
2024-09-19 09:48:38.702000,414.3375859302684,10
2024-09-19 09:48:38.705000,414.3666718176801,101
2024-09-19 09:48:38.797000,414.3691079216723,105
2024-09-19 09:48:38.811000,414.332960620109,1003
2024-09-19 09:48:38.838000,414.3578948769369,102
2024-09-19 09:48:38.847000,414.35107358037885,997
2024-09-19 09:48:38.859000,414.388967978397,104
2024-09-19 09:48:38.868000,414.3684128852088,14
2024-09-19 09:48:39.022000,414.4145932602346,999
2024-09-19 09:48:39.216000,414.403840702394,99
2024-09-19 09:48:39.225000,414.3746774360536,1001
2024-09-19 09:48:39.321000,414.3484302740021,9
2024-09-19 09:48:39.407000,414.4203784000504,996
2024-09-19 09:48:39.444000,414.3987300296116,1000
2024-09-19 09:48:39.476000,414.3511990886289,15
2024-09-19 09:48:39.514000,414.4184193759336,1001
2024-09-19 09:48:39.531000,414.3344846670019,996
2024-09-19 09:48:39.622000,414.3349134860501,102
2024-09-19 09:48:39.725000,414.3340965149768,99
2024-09-19 09:48:39.778000,414.3690076792466,99
2024-09-19 09:48:39.857000,414.4162876427536,95
2024-09-19 09:48:39.884000,414.4059348975363,101
2024-09-19 09:48:39.959000,414.38609537622807,95
2024-09-19 09:48:39.976000,414.4039611621103,99
2024-09-19 09:48:40.385000,414.4101463349018,998
2024-09-19 09:48:40.680000,414.4781184925433,1000
2024-09-19 09:48:40.700000,414.4654369501756,15
2024-09-19 09:48:40.792000,414.4179948289048,101
2024-09-19 09:48:40.810000,414.4148926157845,1004
2024-09-19 09:48:40.990000,414.4080909540519,997
2024-09-19 09:48:40.995000,414.45037733848966,999
2024-09-19 09:48:41.065000,414.39461685322607,103
2024-09-19 09:48:41.099000,414.4294849485159,998
2024-09-19 09:48:41.138000,414.4245016285713,101
2024-09-19 09:48:41.182000,414.4534577013098,8
2024-09-19 09:48:41.227000,414.44442941103705,97
2024-09-19 09:48:41.247000,414.4295348696156,99
2024-09-19 09:48:41.336000,414.40803277762166,6
2024-09-19 09:48:41.394000,414.3917637120901,12
2024-09-19 09:48:41.418000,414.437512179511,101
2024-09-19 09:48:41.433000,414.4078926730579,1004
2024-09-19 09:48:41.469000,414.4029111223639,7
2024-09-19 09:48:41.561000,414.4466671966552,11
2024-09-19 09:48:41.571000,414.4064495725481,13
2024-09-19 09:48:41.574000,414.4282000202893,1002
2024-09-19 09:48:41.628000,414.390950891475,95
2024-09-19 09:48:41.662000,414.45250801213,101
2024-09-19 09:48:41.677000,414.4037634652822,11
2024-09-19 09:48:41.684000,414.4077052784195,999
2024-09-19 09:48:41.701000,414.44892240869103,97
2024-09-19 09:48:41.704000,414.4219073684488,995
2024-09-19 09:48:41.722000,414.4347120690345,13
2024-09-19 09:48:41.816000,414.4376932981165,997
2024-09-19 09:48:41.868000,414.3977777334314,1004
2024-09-19 09:48:41.908000,414.4219431866353,100
2024-09-19 09:48:41.950000,414.4328893001657,1001
2024-09-19 09:48:42.061000,414.4344256348563,97
2024-09-19 09:48:42.153000,414.4954955211053,997
2024-09-19 09:48:42.159000,414.439032058172,95
2024-09-19 09:48:42.199000,414.46032397317913,105
2024-09-19 09:48:42.219000,414.46724584505233,5
2024-09-19 09:48:42.226000,414.4508372926729,998
2024-09-19 09:48:42.329000,414.4389353692567,1003
2024-09-19 09:48:42.360000,414.4449971547943,1003
2024-09-19 09:48:42.362000,414.43683784553366,100
2024-09-19 09:48:42.383000,414.4548312099614,999
2024-09-19 09:48:42.422000,414.4319928544216,5
2024-09-19 09:48:42.542000,414.4829299705354,1002
2024-09-19 09:48:42.557000,414.4661524584672,103
2024-09-19 09:48:42.572000,414.477041892226,996
2024-09-19 09:48:42.620000,414.4748479385274,5
2024-09-19 09:48:42.624000,414.4484038896633,1001
2024-09-19 09:48:42.667000,414.4732799811752,14
2024-09-19 09:48:42.952000,414.4347113809369,104
2024-09-19 09:48:42.953000,414.4369280782369,13
2024-09-19 09:48:42.975000,414.4578549520136,103
2024-09-19 09:48:43.066000,414.429359392112,995
2024-09-19 09:48:43.196000,414.4262865873769,13
2024-09-19 09:48:43.234000,414.4250514730895,8
2024-09-19 09:48:43.260000,414.46166127338114,103
2024-09-19 09:48:43.346000,414.4317310162792,13
2024-09-19 09:48:43.357000,414.471437190334,96
2024-09-19 09:48:43.383000,414.4654333835576,6
2024-09-19 09:48:43.480000,414.41348740533584,97
2024-09-19 09:48:43.512000,414.4046756304267,103
2024-09-19 09:48:43.629000,414.4223517893014,7
2024-09-19 09:48:43.753000,414.4405910795704,95
2024-09-19 09:48:43.799000,414.4302601799188,98
2024-09-19 09:48:43.956000,414.4179436978415,997
2024-09-19 09:48:44.003000,414.4211366591864,104
2024-09-19 09:48:44.074000,414.4088399670369,95
2024-09-19 09:48:44.079000,414.44790357859387,1001
2024-09-19 09:48:44.133000,414.414512701054,7
2024-09-19 09:48:44.146000,414.4172990815696,1000
2024-09-19 09:48:44.185000,414.43956414915016,1003
2024-09-19 09:48:44.219000,414.4350848008369,8
2024-09-19 09:48:44.229000,414.43926726736674,105
2024-09-19 09:48:44.240000,414.4519783687076,95
2024-09-19 09:48:44.325000,414.409661328588,15
2024-09-19 09:48:44.340000,414.42175109288337,12
2024-09-19 09:48:44.342000,414.4447910191616,103
2024-09-19 09:48:44.348000,414.4103419197343,15
2024-09-19 09:48:44.409000,414.4210106275605,13
2024-09-19 09:48:44.443000,414.40814623368993,998
2024-09-19 09:48:44.505000,414.4477642798956,5
2024-09-19 09:48:44.544000,414.4148227380276,10
2024-09-19 09:48:44.557000,414.4190854873509,100
2024-09-19 09:48:44.616000,414.44582014404114,99
2024-09-19 09:48:44.678000,414.43801273348055,103
2024-09-19 09:48:44.702000,414.44226888286937,995
2024-09-19 09:48:44.789000,414.4090503271161,1002
2024-09-19 09:48:44.812000,414.4250710224807,97
2024-09-19 09:48:44.848000,414.4268087615223,999
2024-09-19 09:48:44.853000,414.4553532356445,5
2024-09-19 09:48:44.876000,414.4283938417827,13
2024-09-19 09:48:44.931000,414.410581311376,1004
2024-09-19 09:48:44.972000,414.425088533117,9
2024-09-19 09:48:45.053000,414.4445115116256,7
2024-09-19 09:48:45.156000,414.4571884415042,101
2024-09-19 09:48:45.210000,414.4693236511192,95
2024-09-19 09:48:45.243000,414.4431284017353,1001
2024-09-19 09:48:45.280000,414.4340728309061,1001
2024-09-19 09:48:45.317000,414.4498464649007,995
2024-09-19 09:48:45.427000,414.4541832965183,5
2024-09-19 09:48:45.634000,414.4462421582456,99
2024-09-19 09:48:45.681000,414.4386652781113,98
2024-09-19 09:48:45.828000,414.4762948647978,101
2024-09-19 09:48:45.853000,414.4485002405323,998
2024-09-19 09:48:45.867000,414.45840040435024,13
2024-09-19 09:48:46.009000,414.4689379818687,1002
2024-09-19 09:48:46.074000,414.4360383918777,12
2024-09-19 09:48:46.176000,414.3821298551034,102
2024-09-19 09:48:46.190000,414.42993049997136,14
2024-09-19 09:48:46.216000,414.3901679697423,12
2024-09-19 09:48:46.249000,414.4224132216196,1004
2024-09-19 09:48:46.306000,414.3903775916001,1000
2024-09-19 09:48:46.369000,414.4162587083627,1002
2024-09-19 09:48:46.412000,414.385802813173,996
2024-09-19 09:48:46.435000,414.3872132358109,1003
2024-09-19 09:48:46.574000,414.4542011438217,1001
2024-09-19 09:48:46.789000,414.4018537450772,14
2024-09-19 09:48:46.860000,414.4506878799187,6
2024-09-19 09:48:46.916000,414.4223051466285,1001
2024-09-19 09:48:47.037000,414.4142841632509,11
2024-09-19 09:48:47.138000,414.3702602741151,997
2024-09-19 09:48:47.166000,414.3984407267759,995
2024-09-19 09:48:47.280000,414.4440955835556,1002
2024-09-19 09:48:47.309000,414.3966781963439,5
2024-09-19 09:48:47.332000,414.38212345836473,1004
2024-09-19 09:48:47.521000,414.3619848224889,103
2024-09-19 09:48:47.523000,414.40462510870407,13
2024-09-19 09:48:47.840000,414.4476722024722,95
2024-09-19 09:48:47.859000,414.39266453918736,1003
2024-09-19 09:48:47.948000,414.43752667776187,14
2024-09-19 09:48:47.949000,414.3763943283184,6
2024-09-19 09:48:47.988000,414.3744012536176,1002
2024-09-19 09:48:48.142000,414.4444139441158,98
2024-09-19 09:48:48.204000,414.4465154334465,1004
2024-09-19 09:48:48.414000,414.4284548153883,96
2024-09-19 09:48:48.479000,414.4633726213576,8
2024-09-19 09:48:48.498000,414.46377825381126,96
2024-09-19 09:48:48.510000,414.4609038984568,7
2024-09-19 09:48:48.551000,414.44371544805085,1002
2024-09-19 09:48:48.677000,414.4357244319336,7
2024-09-19 09:48:48.702000,414.4377103710555,1005
2024-09-19 09:48:48.786000,414.45522252035454,104
2024-09-19 09:48:48.869000,414.4153742594244,103
2024-09-19 09:48:48.898000,414.4322313801344,101
2024-09-19 09:48:49.250000,414.4322921836628,1000
2024-09-19 09:48:49.566000,414.4733540543942,104
2024-09-19 09:48:49.672000,414.47388902973984,104
2024-09-19 09:48:50.344000,414.4490015007861,98
2024-09-19 09:48:50.358000,414.438983967304,6
2024-09-19 09:48:50.475000,414.4371597061429,104
2024-09-19 09:48:51.089000,414.4299126569033,8
2024-09-19 09:48:51.405000,414.41539082122375,104
2024-09-19 09:48:51.829000,414.41782613123655,1003
2024-09-19 09:48:52.142000,414.4315879942494,103
2024-09-19 09:48:52.263000,414.4233208112848,101
2024-09-19 09:48:53.081000,414.4047657997988,102
2024-09-19 09:48:53.157000,414.3753666820072,103
2024-09-19 09:48:53.236000,414.4167018258412,1005
2024-09-19 09:48:53.248000,414.4340036669313,1002
2024-09-19 09:48:53.254000,414.4040297781549,13
2024-09-19 09:48:53.279000,414.3998242568531,96
2024-09-19 09:48:53.408000,414.3944941321722,998
2024-09-19 09:48:53.449000,414.4270059354936,9
2024-09-19 09:48:53.520000,414.4306596552131,99
2024-09-19 09:48:53.829000,414.3719797526925,97
2024-09-19 09:48:53.953000,414.4263175857535,6
2024-09-19 09:48:54.016000,414.3723366307093,95
2024-09-19 09:48:54.027000,414.36890029898274,103
2024-09-19 09:48:54.038000,414.3615699812456,100
2024-09-19 09:48:54.049000,414.3653816315819,95
2024-09-19 09:48:54.051000,414.3591637696189,1005
2024-09-19 09:48:54.087000,414.3222192186988,100
2024-09-19 09:48:54.112000,414.3663836927333,12
2024-09-19 09:48:54.113000,414.3555640150514,998
2024-09-19 09:48:54.143000,414.3659449000072,13
2024-09-19 09:48:54.172000,414.31615290446,997
2024-09-19 09:48:54.252000,414.3629643769052,9
2024-09-19 09:48:54.278000,414.3543497476177,8
2024-09-19 09:48:54.278000,414.3411476489906,1004
2024-09-19 09:48:54.298000,414.3532551873226,100
2024-09-19 09:48:54.329000,414.3455582675101,9
2024-09-19 09:48:54.427000,414.34052989992665,100
2024-09-19 09:48:54.440000,414.3676030092408,96
2024-09-19 09:48:54.448000,414.32523042240666,105
2024-09-19 09:48:54.474000,414.3181419795503,12
2024-09-19 09:48:54.479000,414.34242453026246,1005
2024-09-19 09:48:54.483000,414.363028537355,10
2024-09-19 09:48:54.489000,414.34412434784815,13
2024-09-19 09:48:54.526000,414.35390667588166,10
2024-09-19 09:48:54.560000,414.36741123165297,97
2024-09-19 09:48:54.621000,414.36381118306576,11
2024-09-19 09:48:54.721000,414.3683228617352,1004
2024-09-19 09:48:54.918000,414.3612770212728,11
2024-09-19 09:48:54.957000,414.31795583458535,13
2024-09-19 09:48:54.965000,414.3485716025005,105
2024-09-19 09:48:55.004000,414.3194192100962,14
2024-09-19 09:48:55.009000,414.30985179363,5
2024-09-19 09:48:55.097000,414.2950780617134,102
2024-09-19 09:48:55.252000,414.31182724442886,96
2024-09-19 09:48:55.265000,414.29991202010046,10
2024-09-19 09:48:55.353000,414.28991525667504,101
2024-09-19 09:48:55.405000,414.30879639874814,1002
2024-09-19 09:48:55.433000,414.2617684433688,14
2024-09-19 09:48:55.480000,414.2787695401462,104
2024-09-19 09:48:55.494000,414.291369666312,12
2024-09-19 09:48:55.525000,414.294029707,14
2024-09-19 09:48:55.640000,414.278096070378,102
2024-09-19 09:48:55.688000,414.2753003130032,99
2024-09-19 09:48:55.703000,414.3150021155315,12
2024-09-19 09:48:55.715000,414.298624254378,999
2024-09-19 09:48:55.854000,414.2737616006044,14
2024-09-19 09:48:55.949000,414.2940267889462,101
2024-09-19 09:48:55.974000,414.3094939890444,9
2024-09-19 09:48:55.986000,414.31948742807714,98
2024-09-19 09:48:56.085000,414.2855285236316,996
2024-09-19 09:48:56.148000,414.2683793542018,95
2024-09-19 09:48:56.253000,414.3016406961821,103
2024-09-19 09:48:56.268000,414.2995189396704,1001
2024-09-19 09:48:56.366000,414.2706857261307,7
2024-09-19 09:48:56.551000,414.32017251684186,101
2024-09-19 09:48:56.700000,414.2962737241162,999
2024-09-19 09:48:56.744000,414.32428980276666,1000
2024-09-19 09:48:56.767000,414.319822343265,9
2024-09-19 09:48:56.776000,414.2730953961824,1004
2024-09-19 09:48:56.846000,414.2946901289356,7
2024-09-19 09:48:57.011000,414.3369624683274,97
2024-09-19 09:48:57.145000,414.3498416211029,999
2024-09-19 09:48:57.194000,414.36742858604447,998
2024-09-19 09:48:57.302000,414.3712702432461,101
2024-09-19 09:48:57.315000,414.361551448812,998
2024-09-19 09:48:57.327000,414.352269627062,98
2024-09-19 09:48:57.339000,414.3450118263308,6
2024-09-19 09:48:57.401000,414.3434060097559,96
2024-09-19 09:48:57.411000,414.341674693631,998
2024-09-19 09:48:57.623000,414.3902255273729,104
2024-09-19 09:48:57.742000,414.3775658248456,1003
2024-09-19 09:48:57.751000,414.3317075445698,101
2024-09-19 09:48:57.753000,414.4022039102683,7
2024-09-19 09:48:57.890000,414.36226892778296,105
2024-09-19 09:48:57.939000,414.3633120893245,9
2024-09-19 09:48:57.968000,414.3195786724091,999
2024-09-19 09:48:57.992000,414.3478344344083,101
2024-09-19 09:48:57.999000,414.347903745066,999
2024-09-19 09:48:58.283000,414.3371697646505,99
2024-09-19 09:48:58.546000,414.328629678924,96
2024-09-19 09:48:58.699000,414.3637114652264,1000
2024-09-19 09:48:58.753000,414.353977201783,8
2024-09-19 09:48:58.792000,414.3342000870135,12
2024-09-19 09:48:58.849000,414.3397988684658,1003
2024-09-19 09:48:59.058000,414.3480667710724,8
2024-09-19 09:48:59.139000,414.36669030169554,8
2024-09-19 09:48:59.354000,414.3716098975568,103
2024-09-19 09:48:59.383000,414.36552488284985,96
2024-09-19 09:48:59.822000,414.349675194154,1002
