Timestamp,Price,Size
2024-09-20 15:26:00.043000,429.3163086332011,999
2024-09-20 15:26:00.048000,429.2455564311964,104
2024-09-20 15:26:00.116000,429.2972650695697,996
2024-09-20 15:26:00.237000,429.2980714950015,104
2024-09-20 15:26:00.255000,429.2306851409135,1001
2024-09-20 15:26:00.267000,429.22849555564073,1002
2024-09-20 15:26:00.280000,429.27883278931256,995
2024-09-20 15:26:00.421000,429.2487599130365,1004
2024-09-20 15:26:00.466000,429.2393758239191,1002
2024-09-20 15:26:00.485000,429.3033057934871,997
2024-09-20 15:26:00.521000,429.2334191160003,97
2024-09-20 15:26:00.693000,429.31409574469006,7
2024-09-20 15:26:00.697000,429.3061156778705,998
2024-09-20 15:26:00.699000,429.3338171111376,101
2024-09-20 15:26:00.761000,429.3060105551823,1003
2024-09-20 15:26:00.812000,429.23964399906873,96
2024-09-20 15:26:00.857000,429.3129909696656,12
2024-09-20 15:26:00.886000,429.2563892503708,8
2024-09-20 15:26:00.905000,429.3107185020053,997
2024-09-20 15:26:00.949000,429.2376859864237,12
2024-09-20 15:26:00.974000,429.2224891699766,95
2024-09-20 15:26:00.985000,429.2847103993267,97
2024-09-20 15:26:01.007000,429.2879428745557,1004
2024-09-20 15:26:01.051000,429.3372653723078,98
2024-09-20 15:26:01.078000,429.3521427118276,10
2024-09-20 15:26:01.090000,429.2942029270103,999
2024-09-20 15:26:01.105000,429.3366089526026,1002
2024-09-20 15:26:01.186000,429.3147780220474,105
2024-09-20 15:26:01.215000,429.2649419341609,10
2024-09-20 15:26:01.296000,429.3036086223357,996
2024-09-20 15:26:01.377000,429.285212215914,7
2024-09-20 15:26:01.392000,429.287885704568,97
2024-09-20 15:26:01.532000,429.3368479120616,102
2024-09-20 15:26:01.539000,429.3546607724674,101
2024-09-20 15:26:01.539000,429.3428900772509,998
2024-09-20 15:26:01.549000,429.281675767705,12
2024-09-20 15:26:01.590000,429.3039324094125,101
2024-09-20 15:26:01.624000,429.27388461369736,1002
2024-09-20 15:26:01.643000,429.3382238497707,997
2024-09-20 15:26:01.726000,429.2692994223989,12
2024-09-20 15:26:01.758000,429.2879078735813,1004
2024-09-20 15:26:01.781000,429.3414863610721,99
2024-09-20 15:26:01.828000,429.2649992084893,1005
2024-09-20 15:26:01.852000,429.27679861673033,1004
2024-09-20 15:26:01.865000,423.8575980185835,13
2024-09-20 15:26:01.907000,429.3407649518401,100
2024-09-20 15:26:01.912000,429.29277726364086,1001
2024-09-20 15:26:01.934000,429.2552911638549,97
2024-09-20 15:26:02.174000,429.2862913580378,15
2024-09-20 15:26:02.330000,429.24072944853015,11
2024-09-20 15:26:02.463000,429.2717970920087,12
2024-09-20 15:26:02.464000,429.260339098146,104
2024-09-20 15:26:02.469000,429.2764588031724,8
2024-09-20 15:26:02.481000,429.2740757545928,1002
2024-09-20 15:26:02.519000,429.2810044270523,97
2024-09-20 15:26:02.546000,429.2790524402384,7
2024-09-20 15:26:02.697000,429.2913945236513,104
2024-09-20 15:26:03.131000,429.230182717797,1004
2024-09-20 15:26:03.387000,429.2643443183962,103
2024-09-20 15:26:03.418000,429.22860155002246,102
2024-09-20 15:26:03.940000,429.2776443612682,96
2024-09-20 15:26:04.078000,429.31382752038655,101
2024-09-20 15:26:04.430000,429.3284605792532,1000
2024-09-20 15:26:04.602000,429.3192917552403,101
2024-09-20 15:26:05.035000,429.3310966978186,102
2024-09-20 15:26:05.059000,429.3156575932647,99
2024-09-20 15:26:05.078000,429.3034323647339,14
2024-09-20 15:26:05.110000,429.3190962272243,8
2024-09-20 15:26:05.145000,429.33707150890297,15
2024-09-20 15:26:05.165000,429.3342956130799,102
2024-09-20 15:26:05.186000,429.3091499167952,95
2024-09-20 15:26:05.188000,429.3295970592872,10
2024-09-20 15:26:05.190000,429.3443879638953,98
2024-09-20 15:26:05.247000,429.3300212492911,105
2024-09-20 15:26:05.386000,429.3174810420376,14
2024-09-20 15:26:05.472000,429.3418319712386,104
2024-09-20 15:26:05.496000,429.334279222383,996
2024-09-20 15:26:05.514000,429.3429699459605,96
2024-09-20 15:26:05.567000,429.3368766671328,98
2024-09-20 15:26:05.652000,429.3257736693064,100
2024-09-20 15:26:05.659000,429.358509418216,101
2024-09-20 15:26:05.665000,429.31504723907295,5
2024-09-20 15:26:05.748000,429.31946480208313,1001
2024-09-20 15:26:05.851000,429.31715261442673,1002
2024-09-20 15:26:05.908000,429.3028590601698,1005
2024-09-20 15:26:06.271000,429.328135407245,1002
2024-09-20 15:26:06.336000,429.3421650938415,97
2024-09-20 15:26:06.470000,429.3018748801466,1002
2024-09-20 15:26:06.682000,429.32961778861295,1002
2024-09-20 15:26:06.684000,429.2976720978029,1005
2024-09-20 15:26:06.776000,429.3254926411323,100
2024-09-20 15:26:06.814000,429.31104917498953,5
2024-09-20 15:26:07.131000,429.31870568452814,999
2024-09-20 15:26:07.271000,429.35038589839536,998
2024-09-20 15:26:07.318000,429.3486396966511,997
2024-09-20 15:26:07.366000,429.3079781289872,96
2024-09-20 15:26:07.507000,429.3269100198886,999
2024-09-20 15:26:07.536000,429.346410502222,13
2024-09-20 15:26:07.566000,429.3155745114912,997
2024-09-20 15:26:07.571000,429.3249685203131,9
2024-09-20 15:26:07.602000,429.3701492202735,999
2024-09-20 15:26:07.696000,429.3207511817748,99
2024-09-20 15:26:07.748000,429.3298555340074,15
2024-09-20 15:26:07.913000,429.296007561724,15
2024-09-20 15:26:07.916000,429.37822754665774,1005
2024-09-20 15:26:08.129000,429.2453547373294,1003
2024-09-20 15:26:08.142000,429.2617931314939,102
2024-09-20 15:26:08.163000,429.2787519726862,100
2024-09-20 15:26:08.216000,429.2693747447889,1000
2024-09-20 15:26:08.236000,429.2933616455988,9
2024-09-20 15:26:08.260000,429.2858017978602,6
2024-09-20 15:26:08.324000,429.2647562601179,104
2024-09-20 15:26:08.342000,429.2707362212292,1004
2024-09-20 15:26:08.354000,429.3059443217842,12
2024-09-20 15:26:08.393000,429.28168031313606,1003
2024-09-20 15:26:08.422000,429.3140587952816,102
2024-09-20 15:26:08.432000,429.3152393065166,101
2024-09-20 15:26:08.533000,429.2732864393381,995
2024-09-20 15:26:08.538000,429.26683946738666,1001
2024-09-20 15:26:08.681000,429.2472250837472,5
2024-09-20 15:26:08.742000,429.2413017746221,100
2024-09-20 15:26:08.860000,429.2467817285102,98
2024-09-20 15:26:08.877000,429.3170264309516,1001
2024-09-20 15:26:08.932000,429.3058373266412,995
2024-09-20 15:26:08.954000,429.25268924442975,103
2024-09-20 15:26:08.965000,429.2569536423631,1000
2024-09-20 15:26:08.993000,429.29253463145545,13
2024-09-20 15:26:09.033000,429.1189762433571,9
2024-09-20 15:26:09.054000,429.12995417448855,97
2024-09-20 15:26:09.151000,429.1185295250754,96
2024-09-20 15:26:09.225000,429.1695361439287,1002
2024-09-20 15:26:09.478000,429.229804934661,105
2024-09-20 15:26:09.502000,429.1483434486264,1001
2024-09-20 15:26:09.509000,429.1261775167787,5
2024-09-20 15:26:09.536000,429.2161477624724,99
2024-09-20 15:26:09.545000,429.1356249088215,10
2024-09-20 15:26:09.574000,429.1461401305476,10
2024-09-20 15:26:09.632000,429.1388047933544,998
2024-09-20 15:26:09.665000,429.2059283606303,98
2024-09-20 15:26:09.680000,429.1296543220832,103
2024-09-20 15:26:09.694000,429.1609365905623,101
2024-09-20 15:26:09.702000,429.1127368249629,7
2024-09-20 15:26:09.704000,429.16170440484274,995
2024-09-20 15:26:09.757000,429.0923426840585,104
2024-09-20 15:26:09.772000,429.1430130011898,99
2024-09-20 15:26:09.774000,429.1926978275562,10
2024-09-20 15:26:09.810000,429.23913730918105,1004
2024-09-20 15:26:09.878000,429.2268968833355,1001
2024-09-20 15:26:09.926000,429.1146858384127,1002
2024-09-20 15:26:10.030000,429.1570272359485,1000
2024-09-20 15:26:10.060000,429.152178220764,998
2024-09-20 15:26:10.093000,429.1754521461282,5
2024-09-20 15:26:10.168000,429.144539481486,1004
2024-09-20 15:26:10.192000,429.17204981706345,104
2024-09-20 15:26:10.267000,429.1785476827117,6
2024-09-20 15:26:10.275000,429.16717854997,1004
2024-09-20 15:26:10.683000,429.1684137035913,12
2024-09-20 15:26:10.739000,429.1601118520272,15
2024-09-20 15:26:10.740000,429.1784423224068,105
2024-09-20 15:26:10.766000,429.1692998158245,97
2024-09-20 15:26:10.780000,429.1568166145241,95
2024-09-20 15:26:10.782000,429.1799177440224,9
2024-09-20 15:26:10.787000,429.17429496177016,98
2024-09-20 15:26:10.885000,429.1588877072675,1005
2024-09-20 15:26:10.936000,429.1566736524912,98
2024-09-20 15:26:10.985000,429.1810165036548,96
2024-09-20 15:26:11.053000,429.20508548328655,104
2024-09-20 15:26:11.148000,429.21116003671386,15
2024-09-20 15:26:11.364000,429.21263708355065,100
2024-09-20 15:26:11.370000,429.2362480722848,15
2024-09-20 15:26:11.478000,429.2026233098116,1000
2024-09-20 15:26:11.615000,429.2453516665095,5
2024-09-20 15:26:11.731000,429.1988350273489,97
2024-09-20 15:26:12.165000,429.23596584962615,996
2024-09-20 15:26:12.266000,429.2266312706009,6
2024-09-20 15:26:12.788000,429.2280871567468,1000
2024-09-20 15:26:12.969000,429.245417268233,996
2024-09-20 15:26:13.057000,429.1478441013517,998
2024-09-20 15:26:13.167000,429.1606241366574,5
2024-09-20 15:26:13.249000,429.16098966550527,99
2024-09-20 15:26:13.270000,429.1499759967702,95
2024-09-20 15:26:13.298000,423.7970198254599,6
2024-09-20 15:26:13.347000,429.1784437189625,10
2024-09-20 15:26:13.433000,429.1607098678489,12
2024-09-20 15:26:13.465000,429.1647902497724,96
2024-09-20 15:26:13.658000,429.16131747631135,11
2024-09-20 15:26:13.662000,429.15800625437305,12
2024-09-20 15:26:13.674000,429.1712339674976,1004
2024-09-20 15:26:13.682000,429.15742708094297,998
2024-09-20 15:26:13.821000,429.2139279208311,10
2024-09-20 15:26:13.927000,429.18399210723976,1005
2024-09-20 15:26:14.095000,429.1149780908167,10
2024-09-20 15:26:14.129000,429.1195662565246,1005
2024-09-20 15:26:14.172000,429.1506531439752,1000
2024-09-20 15:26:14.239000,429.1129923822763,6
2024-09-20 15:26:14.270000,429.0757987244053,103
2024-09-20 15:26:14.331000,429.1124612357606,1000
2024-09-20 15:26:14.467000,429.0827900149623,13
2024-09-20 15:26:14.475000,429.0912113708039,5
2024-09-20 15:26:14.481000,429.15231486940047,96
2024-09-20 15:26:14.502000,429.06732857700416,99
2024-09-20 15:26:14.509000,429.0875747447579,1000
2024-09-20 15:26:14.676000,429.0887804776988,1003
2024-09-20 15:26:14.677000,429.06895591350656,14
2024-09-20 15:26:14.694000,429.0718214184515,1004
2024-09-20 15:26:14.695000,429.0806534462215,101
2024-09-20 15:26:14.736000,423.78063668525016,103
2024-09-20 15:26:14.749000,429.12304048416536,13
2024-09-20 15:26:14.789000,429.1208155337427,999
2024-09-20 15:26:14.813000,429.0844235410654,10
2024-09-20 15:26:14.840000,429.0694345587354,7
2024-09-20 15:26:14.843000,429.0981166275645,1005
2024-09-20 15:26:14.895000,429.0968446042269,98
2024-09-20 15:26:14.972000,429.0980386835612,98
2024-09-20 15:26:14.991000,429.1389905597619,99
2024-09-20 15:26:14.995000,429.1146394610076,101
2024-09-20 15:26:15.079000,428.999579557354,7
2024-09-20 15:26:15.138000,428.9617798111185,1005
2024-09-20 15:26:15.206000,428.9470987038702,98
2024-09-20 15:26:15.245000,428.9704595454485,5
2024-09-20 15:26:15.248000,428.9510401252101,12
2024-09-20 15:26:15.253000,428.92358564322655,15
2024-09-20 15:26:15.283000,429.0742112609167,103
2024-09-20 15:26:15.316000,428.9980052722879,1003
2024-09-20 15:26:15.355000,428.9208752578266,104
2024-09-20 15:26:15.355000,428.9578694683461,1003
2024-09-20 15:26:15.406000,428.9970835836372,100
2024-09-20 15:26:15.427000,429.0344412008524,996
2024-09-20 15:26:15.496000,428.9907976953689,1003
2024-09-20 15:26:15.550000,428.9669649162222,103
2024-09-20 15:26:15.554000,428.9724383234383,9
2024-09-20 15:26:15.620000,429.0634103544226,1004
2024-09-20 15:26:15.679000,428.9679016011336,996
2024-09-20 15:26:15.809000,428.9295891169771,9
2024-09-20 15:26:15.867000,428.9954738943595,13
2024-09-20 15:26:15.933000,429.024677543701,97
2024-09-20 15:26:15.985000,429.0801299340503,14
2024-09-20 15:26:16.091000,428.9463943013667,6
2024-09-20 15:26:16.100000,428.9453216715109,1000
2024-09-20 15:26:16.155000,428.9319540467172,14
2024-09-20 15:26:16.332000,428.95453367274894,998
2024-09-20 15:26:16.378000,428.9695340145922,96
2024-09-20 15:26:16.601000,428.97140602383206,96
2024-09-20 15:26:16.658000,428.96868704209663,7
2024-09-20 15:26:16.719000,428.9356286209306,10
2024-09-20 15:26:16.924000,428.9587918867875,7
2024-09-20 15:26:16.935000,428.9673994835852,100
2024-09-20 15:26:16.943000,428.9700175154479,1001
2024-09-20 15:26:16.944000,428.97299139741153,12
2024-09-20 15:26:17.012000,428.97419416528805,1002
2024-09-20 15:26:17.141000,429.0115070103368,997
2024-09-20 15:26:17.172000,429.0115249050763,9
2024-09-20 15:26:17.188000,428.9919273612717,1005
2024-09-20 15:26:17.255000,429.0155355239883,1003
2024-09-20 15:26:17.305000,429.0052327686951,102
2024-09-20 15:26:17.313000,428.9956409234053,7
2024-09-20 15:26:17.374000,429.01458218011146,1002
2024-09-20 15:26:17.402000,428.9875484776901,101
2024-09-20 15:26:17.408000,428.9828789754418,102
2024-09-20 15:26:17.428000,429.0103309341395,101
2024-09-20 15:26:17.432000,429.043572778442,14
2024-09-20 15:26:17.695000,429.017470350648,995
2024-09-20 15:26:17.865000,428.9897899696997,1004
2024-09-20 15:26:17.891000,428.990313806978,7
2024-09-20 15:26:17.959000,428.9892557841747,95
2024-09-20 15:26:17.984000,428.99469389377896,1001
2024-09-20 15:26:18.010000,429.05089434486354,12
2024-09-20 15:26:18.069000,429.06398032802207,9
2024-09-20 15:26:18.164000,429.04961506065575,1005
2024-09-20 15:26:18.309000,429.03379630759935,5
2024-09-20 15:26:18.407000,429.0410196782927,12
2024-09-20 15:26:18.434000,429.0380436990966,103
2024-09-20 15:26:18.455000,429.0511464000566,102
2024-09-20 15:26:18.476000,429.03191779314176,8
2024-09-20 15:26:18.569000,429.0618133238888,996
2024-09-20 15:26:18.649000,429.0420923743623,997
2024-09-20 15:26:18.669000,429.0458233689132,1000
2024-09-20 15:26:18.680000,429.0720643955634,9
2024-09-20 15:26:18.729000,429.0675946448972,102
2024-09-20 15:26:18.793000,429.05477495504056,998
2024-09-20 15:26:18.842000,429.0395567620942,11
2024-09-20 15:26:18.871000,429.03758771541226,7
2024-09-20 15:26:18.890000,429.0351987125502,8
2024-09-20 15:26:18.911000,429.0436594703127,1004
2024-09-20 15:26:18.961000,429.0355681278829,101
2024-09-20 15:26:18.973000,429.0371314494979,996
2024-09-20 15:26:18.985000,429.0553022365306,1003
2024-09-20 15:26:18.987000,429.0531761238289,998
2024-09-20 15:26:19.074000,428.99923273911327,15
2024-09-20 15:26:19.146000,429.0488670622445,102
2024-09-20 15:26:19.146000,428.9791570539542,101
2024-09-20 15:26:19.177000,428.9853511756909,11
2024-09-20 15:26:19.279000,428.9808428921856,11
2024-09-20 15:26:19.298000,428.9862552099504,10
2024-09-20 15:26:19.455000,429.022155861568,10
2024-09-20 15:26:19.599000,428.99652116234114,1000
2024-09-20 15:26:19.627000,429.0072418679442,5
2024-09-20 15:26:19.630000,429.0225098504733,105
2024-09-20 15:26:19.660000,429.0226610665175,995
2024-09-20 15:26:19.734000,429.00833193412205,1005
2024-09-20 15:26:19.739000,429.00737248731065,1001
2024-09-20 15:26:19.809000,429.0127563362004,9
2024-09-20 15:26:19.836000,429.0286228406098,97
2024-09-20 15:26:19.910000,428.9746242153301,1003
2024-09-20 15:26:20.400000,428.99174844775047,95
2024-09-20 15:26:20.416000,428.9914638057143,10
2024-09-20 15:26:20.598000,429.0084786446163,97
2024-09-20 15:26:21.006000,428.9580932319531,97
2024-09-20 15:26:21.037000,428.9778049234786,103
2024-09-20 15:26:21.052000,428.9485729362984,6
2024-09-20 15:26:21.081000,428.9020783831462,8
2024-09-20 15:26:21.088000,428.9288442712299,12
2024-09-20 15:26:21.166000,428.95199490850376,15
2024-09-20 15:26:21.196000,428.9314618135743,105
2024-09-20 15:26:21.216000,428.9025857165437,1000
2024-09-20 15:26:21.220000,428.875374701854,1005
2024-09-20 15:26:21.241000,428.9751567262538,997
2024-09-20 15:26:21.288000,428.9347369952727,11
2024-09-20 15:26:21.380000,428.9287760450105,995
2024-09-20 15:26:21.389000,428.8833230664959,998
2024-09-20 15:26:21.448000,428.9392258231112,103
2024-09-20 15:26:21.450000,428.9395971618813,6
2024-09-20 15:26:21.463000,428.8773162975105,1000
2024-09-20 15:26:21.565000,428.97507932342006,7
2024-09-20 15:26:21.592000,428.92542660083205,8
2024-09-20 15:26:21.593000,428.96042891414425,100
2024-09-20 15:26:21.731000,428.90508878244736,12
2024-09-20 15:26:21.836000,428.889537947337,97
2024-09-20 15:26:21.864000,428.8698082909517,15
2024-09-20 15:26:21.891000,428.924222192769,5
2024-09-20 15:26:21.921000,428.8847446675215,1001
2024-09-20 15:26:21.955000,428.8647085976627,12
2024-09-20 15:26:21.971000,428.9723410717539,96
2024-09-20 15:26:22.001000,428.9221940168461,103
2024-09-20 15:26:22.012000,428.92658057706,996
2024-09-20 15:26:22.057000,428.91419885483737,1005
2024-09-20 15:26:22.079000,428.8740681260581,5
2024-09-20 15:26:22.083000,428.9152296306103,103
2024-09-20 15:26:22.133000,428.90287517463776,8
2024-09-20 15:26:22.143000,428.9197819703035,1001
2024-09-20 15:26:22.154000,428.93034606217657,1000
2024-09-20 15:26:22.196000,428.927300375837,996
2024-09-20 15:26:22.323000,428.8986349540367,999
2024-09-20 15:26:22.342000,428.8988927081991,99
2024-09-20 15:26:22.397000,428.923545712203,6
2024-09-20 15:26:22.486000,428.89460414193246,1003
2024-09-20 15:26:22.661000,428.9011843226499,14
2024-09-20 15:26:22.750000,428.9260261112609,15
2024-09-20 15:26:22.849000,428.9154861114883,9
2024-09-20 15:26:22.865000,428.9128214068967,10
2024-09-20 15:26:22.953000,428.935793428446,1003
2024-09-20 15:26:23.095000,428.9644454487245,105
2024-09-20 15:26:23.109000,428.9543825083261,8
2024-09-20 15:26:23.155000,428.98168088849127,101
2024-09-20 15:26:23.156000,428.9266275861413,102
2024-09-20 15:26:23.172000,428.9684460835227,1004
2024-09-20 15:26:23.270000,428.9226672380984,105
2024-09-20 15:26:23.307000,428.94661163433,96
2024-09-20 15:26:23.500000,428.94249132321056,996
2024-09-20 15:26:23.585000,428.9738442016156,101
2024-09-20 15:26:23.629000,428.95080660530806,102
2024-09-20 15:26:23.699000,428.9303492768806,105
2024-09-20 15:26:23.714000,428.9627020130618,96
2024-09-20 15:26:23.731000,428.9398524649216,10
2024-09-20 15:26:23.734000,428.9450884923973,99
2024-09-20 15:26:23.780000,428.95410713405727,14
2024-09-20 15:26:23.793000,428.9557919781205,1005
2024-09-20 15:26:23.877000,428.95224118106927,101
2024-09-20 15:26:23.935000,428.9713799798601,1001
2024-09-20 15:26:23.971000,428.9462662063896,1004
2024-09-20 15:26:24.003000,428.9750557613381,95
2024-09-20 15:26:24.112000,428.9516011373014,12
2024-09-20 15:26:24.114000,428.9816996919061,8
2024-09-20 15:26:24.167000,428.9622988723974,999
2024-09-20 15:26:24.305000,428.9719149121553,95
2024-09-20 15:26:24.371000,428.96952791042617,995
2024-09-20 15:26:24.422000,428.96563110645616,97
2024-09-20 15:26:24.733000,428.9538801584407,1003
2024-09-20 15:26:24.758000,428.978551542504,102
2024-09-20 15:26:24.796000,428.95510273237335,97
2024-09-20 15:26:24.898000,428.9558281022945,10
2024-09-20 15:26:24.932000,428.9757030999209,1004
2024-09-20 15:26:25.118000,428.9373138865714,105
2024-09-20 15:26:25.208000,428.9747420559314,1001
2024-09-20 15:26:25.356000,428.9541157629784,100
2024-09-20 15:26:25.357000,428.9637110667897,997
2024-09-20 15:26:25.461000,428.942426497834,995
2024-09-20 15:26:25.644000,428.947320905272,11
2024-09-20 15:26:25.681000,428.9469678197799,99
2024-09-20 15:26:25.733000,428.9483709457695,1005
2024-09-20 15:26:25.737000,428.9584344905581,5
2024-09-20 15:26:25.771000,428.9606789860252,11
2024-09-20 15:26:25.800000,428.96276567366857,10
2024-09-20 15:26:25.841000,428.9448367381419,999
2024-09-20 15:26:25.930000,428.9684311041245,1000
2024-09-20 15:26:25.969000,428.9484132902999,998
2024-09-20 15:26:26.313000,428.9325233883271,1002
2024-09-20 15:26:26.370000,428.9412337845291,1004
2024-09-20 15:26:26.417000,428.9435730409996,101
2024-09-20 15:26:26.433000,428.9617293680852,12
2024-09-20 15:26:26.471000,428.9282300739965,995
2024-09-20 15:26:26.550000,428.944560055541,101
2024-09-20 15:26:26.637000,428.93881212554913,1005
2024-09-20 15:26:26.993000,428.94364928871056,11
2024-09-20 15:26:27.047000,428.927924492424,12
2024-09-20 15:26:27.109000,428.9088471348111,997
2024-09-20 15:26:27.154000,428.9597592510928,9
2024-09-20 15:26:27.368000,428.9410258269628,13
2024-09-20 15:26:27.431000,428.8891290234855,99
2024-09-20 15:26:27.443000,428.93099786864366,5
2024-09-20 15:26:27.481000,428.93097235079847,999
2024-09-20 15:26:27.641000,428.91487395730616,103
2024-09-20 15:26:27.652000,428.9243944579698,14
2024-09-20 15:26:27.675000,428.8904567312007,15
2024-09-20 15:26:27.713000,428.9541936897393,996
2024-09-20 15:26:27.736000,428.897461331788,95
2024-09-20 15:26:27.744000,428.90544872153697,9
2024-09-20 15:26:27.755000,428.9065421266883,997
2024-09-20 15:26:27.926000,428.9134523090565,97
2024-09-20 15:26:28.241000,428.9271798729135,14
2024-09-20 15:26:28.998000,428.9091493770233,8
2024-09-20 15:26:29.114000,428.9452178488916,102
2024-09-20 15:26:29.217000,428.9538957746442,1004
2024-09-20 15:26:29.340000,428.9663587717598,1003
2024-09-20 15:26:29.446000,428.94585947881313,1001
2024-09-20 15:26:29.544000,428.9557531807101,14
2024-09-20 15:26:29.846000,428.9428463347202,95
2024-09-20 15:26:29.927000,428.9348185188976,995
2024-09-20 15:26:29.936000,428.93100772201785,103
2024-09-20 15:26:30.017000,429.03189908956887,11
2024-09-20 15:26:30.032000,429.0186944918968,97
2024-09-20 15:26:30.067000,429.0281043664531,15
2024-09-20 15:26:30.073000,429.0047692240837,1003
2024-09-20 15:26:30.115000,429.0401662341749,8
2024-09-20 15:26:30.155000,429.00945984609695,9
2024-09-20 15:26:30.172000,428.9960768354167,5
2024-09-20 15:26:30.223000,429.0208913054357,101
2024-09-20 15:26:30.427000,429.00194329736223,999
2024-09-20 15:26:30.435000,429.00469030070224,100
2024-09-20 15:26:30.452000,429.0237729464744,100
2024-09-20 15:26:30.539000,429.0321342970525,101
2024-09-20 15:26:30.551000,428.98548033056295,1005
2024-09-20 15:26:30.624000,429.0121441501715,13
2024-09-20 15:26:30.634000,429.0250136183097,15
2024-09-20 15:26:30.660000,429.0301097261501,96
2024-09-20 15:26:30.667000,429.0110492740696,995
2024-09-20 15:26:30.686000,429.0389532255385,7
2024-09-20 15:26:30.700000,429.0049208959299,102
2024-09-20 15:26:30.714000,428.9706282940735,7
2024-09-20 15:26:30.732000,429.01095117622697,995
2024-09-20 15:26:30.817000,429.0212818617569,999
2024-09-20 15:26:30.819000,428.999086496592,102
2024-09-20 15:26:30.881000,429.0046673369947,103
2024-09-20 15:26:30.910000,429.015360012056,100
2024-09-20 15:26:30.915000,429.04296328771113,995
2024-09-20 15:26:31.032000,428.9883154022176,9
2024-09-20 15:26:31.091000,428.9453539083137,96
2024-09-20 15:26:31.114000,428.9851311155173,104
2024-09-20 15:26:31.159000,428.9461862981536,996
2024-09-20 15:26:31.274000,428.9628355296396,95
2024-09-20 15:26:31.281000,428.94612100682303,15
2024-09-20 15:26:31.310000,428.9793663252474,96
2024-09-20 15:26:31.325000,428.9738003743845,1005
2024-09-20 15:26:31.327000,423.8150555630299,8
2024-09-20 15:26:31.404000,428.94292401979664,99
2024-09-20 15:26:31.479000,428.99116425339736,10
2024-09-20 15:26:31.501000,428.9440231706225,1002
2024-09-20 15:26:31.513000,428.9387791271997,1003
2024-09-20 15:26:31.566000,428.93595399393934,102
2024-09-20 15:26:31.577000,428.93552645287065,1005
2024-09-20 15:26:31.589000,428.9397146245825,1004
2024-09-20 15:26:31.623000,428.9866697532843,9
2024-09-20 15:26:31.684000,428.9556799632978,995
2024-09-20 15:26:31.720000,428.935065528341,9
2024-09-20 15:26:31.809000,428.96897753183447,103
2024-09-20 15:26:31.843000,428.9727865579752,7
2024-09-20 15:26:31.879000,428.9331040105005,998
2024-09-20 15:26:31.907000,428.9472309813439,10
2024-09-20 15:26:32.055000,429.0215760391661,12
2024-09-20 15:26:32.085000,429.0176217901601,8
2024-09-20 15:26:32.134000,429.0201890636813,7
2024-09-20 15:26:32.135000,429.0069424482951,6
2024-09-20 15:26:32.150000,429.0423647875032,10
2024-09-20 15:26:32.154000,429.00511155735,7
2024-09-20 15:26:32.346000,429.0174781007411,10
2024-09-20 15:26:32.346000,429.0245757600805,997
2024-09-20 15:26:32.443000,429.0443964734995,99
2024-09-20 15:26:32.479000,429.033315765272,8
2024-09-20 15:26:32.490000,429.0033971359277,1002
2024-09-20 15:26:32.528000,429.0074942095617,995
2024-09-20 15:26:32.598000,429.02716681377416,1004
2024-09-20 15:26:32.654000,429.0183879325483,997
2024-09-20 15:26:32.698000,429.003623441656,96
2024-09-20 15:26:32.715000,429.001688274652,997
2024-09-20 15:26:32.726000,429.0115196663828,998
2024-09-20 15:26:32.873000,428.9956675753322,6
2024-09-20 15:26:32.891000,429.0241191831233,1004
2024-09-20 15:26:32.940000,429.0061245151179,995
2024-09-20 15:26:33.148000,429.0171364003436,12
2024-09-20 15:26:33.317000,429.0408791003345,7
2024-09-20 15:26:33.323000,429.0256953467589,101
2024-09-20 15:26:33.363000,429.053276829682,1001
2024-09-20 15:26:33.647000,429.0450409199653,103
2024-09-20 15:26:33.766000,429.0524278391871,996
2024-09-20 15:26:33.947000,429.0687177202901,12
2024-09-20 15:26:33.958000,429.0484397486139,12
2024-09-20 15:26:33.976000,429.03229115145695,1001
2024-09-20 15:26:33.993000,429.0362435511841,6
2024-09-20 15:26:34.014000,429.0366597258289,998
2024-09-20 15:26:34.223000,429.0695537432081,7
2024-09-20 15:26:34.260000,429.102560213083,6
2024-09-20 15:26:34.300000,429.0464050397028,6
2024-09-20 15:26:34.319000,429.055049054108,96
2024-09-20 15:26:34.354000,429.092982664659,995
2024-09-20 15:26:34.362000,429.04177394632256,998
2024-09-20 15:26:34.362000,429.0731698575166,97
2024-09-20 15:26:34.412000,429.0889774809937,999
2024-09-20 15:26:34.524000,429.0337957718961,95
2024-09-20 15:26:34.559000,429.0320224464378,1002
2024-09-20 15:26:34.594000,429.0251535187684,98
2024-09-20 15:26:34.595000,429.097980364814,100
2024-09-20 15:26:34.645000,429.0686348920273,1002
2024-09-20 15:26:34.739000,429.1001543156685,1004
2024-09-20 15:26:34.740000,429.0838881588464,101
2024-09-20 15:26:34.752000,429.020994110126,12
2024-09-20 15:26:34.770000,429.0313189949995,15
2024-09-20 15:26:34.833000,429.048942889926,15
2024-09-20 15:26:34.892000,429.0437323487093,5
2024-09-20 15:26:34.907000,429.04971575009887,7
2024-09-20 15:26:35.075000,429.0832137857374,98
2024-09-20 15:26:35.088000,429.0931404112106,105
2024-09-20 15:26:35.126000,429.0893526494176,1001
2024-09-20 15:26:35.143000,429.0870899279981,102
2024-09-20 15:26:35.199000,429.1035239273151,8
2024-09-20 15:26:35.252000,429.0714859916201,103
2024-09-20 15:26:35.281000,429.0567934051343,995
2024-09-20 15:26:35.323000,429.0866041440207,14
2024-09-20 15:26:35.343000,429.1073898604413,98
2024-09-20 15:26:35.375000,429.0470783399686,997
2024-09-20 15:26:35.389000,429.0857295175881,6
2024-09-20 15:26:35.496000,429.10052651504566,97
2024-09-20 15:26:35.558000,429.0766356388482,999
2024-09-20 15:26:35.571000,429.0710561136994,95
2024-09-20 15:26:35.761000,423.8053153457885,102
2024-09-20 15:26:35.791000,429.1039328285023,8
2024-09-20 15:26:35.795000,429.06097950692265,9
2024-09-20 15:26:35.871000,429.0869427489209,998
2024-09-20 15:26:35.937000,429.0838509908309,97
2024-09-20 15:26:36,429.0178613608522,1001
2024-09-20 15:26:36.111000,429.0305431084845,9
2024-09-20 15:26:36.261000,428.9944612490977,11
2024-09-20 15:26:36.390000,429.02016055047096,105
2024-09-20 15:26:36.411000,429.0023287353996,15
2024-09-20 15:26:36.481000,429.0930044388343,1001
2024-09-20 15:26:36.499000,429.00956802791166,9
2024-09-20 15:26:36.501000,429.0017788804405,999
2024-09-20 15:26:36.525000,429.078048561265,101
2024-09-20 15:26:36.566000,429.0460871332269,7
2024-09-20 15:26:36.602000,429.0243149515177,96
2024-09-20 15:26:36.602000,429.0216352437058,104
2024-09-20 15:26:36.622000,429.0419765903508,105
2024-09-20 15:26:36.671000,428.9868534463448,999
2024-09-20 15:26:36.778000,429.0046312033027,101
2024-09-20 15:26:36.918000,429.0957140347927,995
2024-09-20 15:26:36.937000,428.99361373065335,10
2024-09-20 15:26:36.977000,429.094247835894,5
2024-09-20 15:26:37.045000,429.0387270740519,1003
2024-09-20 15:26:37.056000,429.02660346728464,13
2024-09-20 15:26:37.057000,429.0285060411999,996
2024-09-20 15:26:37.095000,429.0733246427814,5
2024-09-20 15:26:37.166000,428.9876524040462,101
2024-09-20 15:26:37.212000,429.07143240860256,996
2024-09-20 15:26:37.325000,429.0355084410465,103
2024-09-20 15:26:37.335000,429.0305599916617,1004
2024-09-20 15:26:37.440000,429.04460215132445,11
2024-09-20 15:26:37.446000,429.07542203980586,96
2024-09-20 15:26:37.490000,429.080969433268,10
2024-09-20 15:26:37.613000,429.01256109463833,104
2024-09-20 15:26:37.708000,429.0615680387501,996
2024-09-20 15:26:37.732000,429.0152675617828,12
2024-09-20 15:26:37.741000,429.06432095765285,999
2024-09-20 15:26:37.746000,429.0445164520305,100
2024-09-20 15:26:37.758000,429.023967128554,97
2024-09-20 15:26:37.764000,429.0520844365013,12
2024-09-20 15:26:37.812000,429.0703479038134,1003
2024-09-20 15:26:37.832000,429.0273663155029,99
2024-09-20 15:26:37.923000,429.0163370427469,95
2024-09-20 15:26:37.960000,429.0739993812505,6
2024-09-20 15:26:37.999000,429.0782332106092,5
2024-09-20 15:26:38.079000,429.0613760726905,9
2024-09-20 15:26:38.105000,429.0442617460428,1003
2024-09-20 15:26:38.343000,429.04770186917546,103
2024-09-20 15:26:39.023000,429.00546230640464,999
2024-09-20 15:26:39.026000,428.927319054704,6
2024-09-20 15:26:39.030000,429.03156602909536,96
2024-09-20 15:26:39.132000,429.0089840245325,100
2024-09-20 15:26:39.162000,429.0485586976009,97
2024-09-20 15:26:39.213000,428.9520887938547,10
2024-09-20 15:26:39.255000,428.9700173515458,15
2024-09-20 15:26:39.391000,428.9929461543982,14
2024-09-20 15:26:39.458000,428.9447678135653,997
2024-09-20 15:26:39.518000,429.00485000950016,998
2024-09-20 15:26:39.544000,429.0313271524015,103
2024-09-20 15:26:39.559000,428.8893180511135,1003
2024-09-20 15:26:39.610000,428.9897717029674,1003
2024-09-20 15:26:39.643000,429.0078079558359,14
2024-09-20 15:26:39.710000,428.9830670143658,999
2024-09-20 15:26:39.734000,428.98099292114335,101
2024-09-20 15:26:39.743000,429.0588628515789,102
2024-09-20 15:26:39.826000,428.9620842645512,104
2024-09-20 15:26:39.831000,428.9685630440741,14
2024-09-20 15:26:39.877000,428.9778574738506,1000
2024-09-20 15:26:39.880000,428.9721782369021,6
2024-09-20 15:26:39.886000,429.00386535803176,5
2024-09-20 15:26:39.937000,428.9897696688412,9
2024-09-20 15:26:39.985000,429.0085327785375,1000
2024-09-20 15:26:40.026000,428.8865217871832,998
2024-09-20 15:26:40.071000,428.8652237683474,99
2024-09-20 15:26:40.075000,428.8786394405835,96
2024-09-20 15:26:40.131000,428.8787186534356,104
2024-09-20 15:26:40.139000,428.8614571429367,8
2024-09-20 15:26:40.176000,428.8922395511477,996
2024-09-20 15:26:40.192000,428.8658908764537,100
2024-09-20 15:26:40.199000,428.8602196589181,11
2024-09-20 15:26:40.208000,428.9129623025815,997
2024-09-20 15:26:40.546000,428.903539511898,9
2024-09-20 15:26:40.576000,428.855466538812,14
2024-09-20 15:26:40.616000,428.9048696448411,11
2024-09-20 15:26:40.814000,428.8851880940218,7
2024-09-20 15:26:40.846000,428.8596343265549,99
2024-09-20 15:26:40.917000,428.9138570056282,9
2024-09-20 15:26:40.943000,428.8594978028681,11
2024-09-20 15:26:40.971000,428.89081444226485,1004
2024-09-20 15:26:41.089000,428.9244250686613,10
2024-09-20 15:26:41.158000,428.94047890427225,998
2024-09-20 15:26:41.215000,428.8952512691105,997
2024-09-20 15:26:41.234000,428.9335956038706,99
2024-09-20 15:26:41.244000,428.91283779313306,102
2024-09-20 15:26:41.271000,428.9307991239808,998
2024-09-20 15:26:41.353000,428.9439926237614,104
2024-09-20 15:26:41.397000,428.9276304874806,998
2024-09-20 15:26:41.429000,428.9268590307226,6
2024-09-20 15:26:41.513000,428.9204483189865,8
2024-09-20 15:26:41.560000,428.92462086059766,15
2024-09-20 15:26:41.567000,428.9427898655672,95
2024-09-20 15:26:41.568000,428.9298577859402,103
2024-09-20 15:26:41.760000,428.93624108321774,100
2024-09-20 15:26:41.789000,428.9075699980088,101
2024-09-20 15:26:41.790000,428.8699004955239,95
2024-09-20 15:26:41.791000,428.88567341406366,996
2024-09-20 15:26:41.812000,428.9427018695131,95
2024-09-20 15:26:41.848000,428.8969653717176,998
2024-09-20 15:26:41.868000,428.8549245558405,9
2024-09-20 15:26:41.893000,428.9013503836743,103
2024-09-20 15:26:41.958000,428.9219983006956,9
2024-09-20 15:26:41.982000,428.87901024624216,101
2024-09-20 15:26:42.036000,428.91062218709175,97
2024-09-20 15:26:42.107000,428.9423214176804,6
2024-09-20 15:26:42.107000,428.8816496027513,14
2024-09-20 15:26:42.215000,428.9203312969237,12
2024-09-20 15:26:42.223000,428.9177251072345,998
2024-09-20 15:26:42.298000,428.9453589568043,6
2024-09-20 15:26:42.621000,428.93499734604967,95
2024-09-20 15:26:42.663000,428.9246698613328,995
2024-09-20 15:26:42.782000,428.8925987401389,1002
2024-09-20 15:26:42.829000,428.9441410405756,97
2024-09-20 15:26:42.971000,428.94726324684416,1005
2024-09-20 15:26:43.015000,428.9153436541362,996
2024-09-20 15:26:43.016000,428.89761927868176,104
2024-09-20 15:26:43.195000,428.90176401474656,1001
2024-09-20 15:26:43.367000,428.8916819039365,7
2024-09-20 15:26:43.387000,428.9197995268024,9
2024-09-20 15:26:43.427000,428.9220624708633,11
2024-09-20 15:26:43.451000,428.9141274556085,6
2024-09-20 15:26:43.656000,428.9118536789352,99
2024-09-20 15:26:43.739000,423.5352118913483,1003
2024-09-20 15:26:43.750000,428.9062238467673,13
2024-09-20 15:26:43.766000,428.9130654735342,5
2024-09-20 15:26:43.793000,428.9101816966207,10
2024-09-20 15:26:43.815000,428.90446817547263,95
2024-09-20 15:26:43.830000,428.9136034886441,105
2024-09-20 15:26:43.848000,428.9115100392656,14
2024-09-20 15:26:43.896000,428.9051985402329,999
2024-09-20 15:26:43.900000,428.9093916923382,1002
2024-09-20 15:26:43.937000,428.8998781111496,12
2024-09-20 15:26:44.003000,428.9324955325911,104
2024-09-20 15:26:44.690000,428.9272859139075,97
2024-09-20 15:26:44.753000,428.9396586517482,14
2024-09-20 15:26:44.787000,428.9232866502814,6
2024-09-20 15:26:45.153000,428.90304192884105,996
2024-09-20 15:26:45.179000,429.070787124135,996
2024-09-20 15:26:45.193000,428.971072445969,95
2024-09-20 15:26:45.293000,429.0277131790132,96
2024-09-20 15:26:45.304000,429.008634197719,95
2024-09-20 15:26:45.333000,428.95163616768895,99
2024-09-20 15:26:45.366000,429.0582959117618,1005
2024-09-20 15:26:45.415000,428.9607386400193,11
2024-09-20 15:26:45.420000,429.0554143870249,101
2024-09-20 15:26:45.424000,429.0370104613908,999
2024-09-20 15:26:45.426000,428.962747634696,1002
2024-09-20 15:26:45.513000,429.0811199159846,11
2024-09-20 15:26:45.524000,428.9341951544959,8
2024-09-20 15:26:45.543000,428.9815401462556,14
2024-09-20 15:26:45.557000,428.9933729498349,995
2024-09-20 15:26:45.633000,429.0940914237965,102
2024-09-20 15:26:45.691000,428.93999827063817,97
2024-09-20 15:26:45.708000,428.9165668754901,98
2024-09-20 15:26:45.710000,428.909346572994,103
2024-09-20 15:26:45.721000,423.6166490196986,11
2024-09-20 15:26:45.751000,428.94816060599584,997
2024-09-20 15:26:45.811000,428.9079197726393,104
2024-09-20 15:26:45.885000,429.0985200480799,1000
2024-09-20 15:26:45.907000,428.9407578418167,12
2024-09-20 15:26:45.926000,428.9489824953796,6
2024-09-20 15:26:45.976000,429.0179073345463,97
2024-09-20 15:26:45.983000,429.0462068847296,99
2024-09-20 15:26:46.022000,429.0814786292359,1003
2024-09-20 15:26:46.152000,429.0909532080562,1002
2024-09-20 15:26:46.422000,429.1003098513335,1003
2024-09-20 15:26:46.524000,429.0951562828816,98
2024-09-20 15:26:46.599000,429.10012940753126,999
2024-09-20 15:26:46.753000,429.090851385189,104
2024-09-20 15:26:46.760000,429.11063813956,998
2024-09-20 15:26:46.771000,429.0894128200717,97
2024-09-20 15:26:46.942000,429.104901344526,997
2024-09-20 15:26:46.988000,429.08991085009205,96
2024-09-20 15:26:47.015000,429.0707609354964,1005
2024-09-20 15:26:47.101000,429.1058998830136,7
2024-09-20 15:26:47.119000,429.0950882011253,12
2024-09-20 15:26:47.148000,429.0768153931369,101
2024-09-20 15:26:47.188000,429.0996499701284,101
2024-09-20 15:26:47.225000,429.10721478228174,15
2024-09-20 15:26:47.226000,429.07696346232416,996
2024-09-20 15:26:47.227000,429.0996660895768,10
2024-09-20 15:26:47.280000,429.09243934909256,101
2024-09-20 15:26:47.288000,429.1043823626944,97
2024-09-20 15:26:47.298000,429.0548366775806,1001
2024-09-20 15:26:47.360000,429.1221675017249,1002
2024-09-20 15:26:47.382000,429.0938505753029,6
2024-09-20 15:26:47.434000,429.0648555041375,103
2024-09-20 15:26:47.436000,429.09948229685807,15
2024-09-20 15:26:47.457000,429.09214617396304,13
2024-09-20 15:26:47.467000,429.0993641559475,996
2024-09-20 15:26:47.573000,429.103775186724,1005
2024-09-20 15:26:47.578000,429.13377705691255,999
2024-09-20 15:26:47.662000,429.1032882733236,8
2024-09-20 15:26:47.687000,429.09483131413225,9
2024-09-20 15:26:47.795000,429.06380726564856,13
2024-09-20 15:26:47.827000,429.1033855551469,103
2024-09-20 15:26:47.935000,429.0939032153812,12
2024-09-20 15:26:47.956000,429.0424771966122,98
2024-09-20 15:26:48.053000,429.1020417016588,14
2024-09-20 15:26:48.357000,429.0909998431956,12
2024-09-20 15:26:48.414000,429.0868374830504,101
2024-09-20 15:26:48.625000,429.08729511397377,98
2024-09-20 15:26:48.952000,429.0799228065959,10
2024-09-20 15:26:49.007000,429.0456416364314,9
2024-09-20 15:26:49.067000,429.1445222426069,101
2024-09-20 15:26:49.170000,429.04219464013937,5
2024-09-20 15:26:49.203000,429.077565594378,98
2024-09-20 15:26:49.296000,429.0695385206675,13
2024-09-20 15:26:49.390000,429.1284370104556,996
2024-09-20 15:26:49.401000,429.0816176812463,102
2024-09-20 15:26:49.416000,429.1445457563792,1005
2024-09-20 15:26:49.468000,429.15294056926,15
2024-09-20 15:26:49.581000,429.0584575184129,103
2024-09-20 15:26:49.582000,429.0744708102301,15
2024-09-20 15:26:49.705000,429.1514142904591,99
2024-09-20 15:26:49.743000,429.14843662869424,103
2024-09-20 15:26:49.781000,429.08705236668754,104
2024-09-20 15:26:49.827000,429.0652271990548,101
2024-09-20 15:26:50.047000,429.1907050932575,13
2024-09-20 15:26:50.174000,429.1740647999573,7
2024-09-20 15:26:50.195000,429.1600165061684,1000
2024-09-20 15:26:50.506000,429.1606213605868,1005
2024-09-20 15:26:50.554000,429.1590762935151,1002
2024-09-20 15:26:50.563000,429.16929617349433,998
2024-09-20 15:26:50.659000,429.1944538760355,99
2024-09-20 15:26:50.733000,429.2126899249562,102
2024-09-20 15:26:50.832000,429.1563207574095,998
2024-09-20 15:26:50.961000,429.160187322804,1000
2024-09-20 15:26:50.992000,429.1430633672612,1005
2024-09-20 15:26:50.998000,429.1570038261878,997
2024-09-20 15:26:50.998000,429.1804528316893,5
2024-09-20 15:26:51.740000,429.2017808745841,8
2024-09-20 15:26:51.974000,429.21707416013055,100
2024-09-20 15:26:51.980000,423.6873051909873,7
2024-09-20 15:26:53.106000,429.29756286471365,9
2024-09-20 15:26:53.160000,429.3139883521927,95
2024-09-20 15:26:53.170000,429.32696012305166,6
2024-09-20 15:26:53.177000,429.3185910478009,101
2024-09-20 15:26:53.210000,429.3509480268139,11
2024-09-20 15:26:53.228000,429.3486850344341,5
2024-09-20 15:26:53.254000,429.317812499434,100
2024-09-20 15:26:53.280000,429.3240364067613,1001
2024-09-20 15:26:53.299000,429.3067062430295,10
2024-09-20 15:26:53.315000,429.3177609309511,13
2024-09-20 15:26:53.325000,429.3112059543076,1005
2024-09-20 15:26:53.327000,429.3182454239187,6
2024-09-20 15:26:53.343000,429.3239464235247,105
2024-09-20 15:26:53.364000,429.2210196359889,995
2024-09-20 15:26:53.366000,429.3257827727836,998
2024-09-20 15:26:53.403000,429.2361159384611,997
2024-09-20 15:26:53.433000,429.3482917553647,11
2024-09-20 15:26:53.489000,429.2416050424486,105
2024-09-20 15:26:53.529000,429.2708744989823,101
2024-09-20 15:26:53.585000,429.334528616757,1004
2024-09-20 15:26:53.657000,429.31862517766166,105
2024-09-20 15:26:53.659000,429.2956428686789,1001
2024-09-20 15:26:53.665000,429.32003873104594,10
2024-09-20 15:26:53.690000,429.30199100744585,999
2024-09-20 15:26:53.745000,429.3102522039233,996
2024-09-20 15:26:53.775000,429.30775143697264,9
2024-09-20 15:26:53.850000,429.30487579265184,1005
2024-09-20 15:26:53.888000,429.3167646423843,1001
2024-09-20 15:26:53.930000,429.3406003053099,11
2024-09-20 15:26:53.969000,429.3300916612436,999
2024-09-20 15:26:54.116000,429.2859199244005,11
2024-09-20 15:26:54.135000,429.32104604908216,104
2024-09-20 15:26:54.147000,429.316773385427,100
2024-09-20 15:26:54.178000,429.2840245725144,1004
2024-09-20 15:26:54.291000,429.3025564213027,999
2024-09-20 15:26:54.314000,429.2866207336116,95
2024-09-20 15:26:54.315000,429.301346784826,7
2024-09-20 15:26:54.326000,429.29919837178943,15
2024-09-20 15:26:54.366000,429.29532404091526,995
2024-09-20 15:26:54.377000,429.2878417568506,95
2024-09-20 15:26:54.393000,429.2865436849385,1003
2024-09-20 15:26:54.394000,429.2680206844819,102
2024-09-20 15:26:54.397000,429.3008121231887,998
2024-09-20 15:26:54.457000,429.3070955946493,1003
2024-09-20 15:26:54.478000,429.2971072364667,11
2024-09-20 15:26:54.569000,429.27457951147335,14
2024-09-20 15:26:54.573000,429.2908252754941,999
2024-09-20 15:26:54.599000,429.31042618103766,101
2024-09-20 15:26:54.606000,429.29396141115774,1003
2024-09-20 15:26:54.948000,429.3031162463111,95
2024-09-20 15:26:54.994000,429.2781640998117,1000
2024-09-20 15:26:55.005000,429.2528156341767,997
2024-09-20 15:26:55.133000,429.1697878902814,996
2024-09-20 15:26:55.265000,429.2583136844415,95
2024-09-20 15:26:55.282000,429.2642756179352,1002
2024-09-20 15:26:55.343000,429.1666097842239,102
2024-09-20 15:26:55.345000,429.2655909117482,12
2024-09-20 15:26:55.346000,429.19910943933576,996
2024-09-20 15:26:55.521000,429.2240063619441,8
2024-09-20 15:26:55.538000,429.2295605576018,6
2024-09-20 15:26:55.543000,429.190753298473,98
2024-09-20 15:26:55.645000,429.1672027779578,99
2024-09-20 15:26:55.904000,429.2574560641944,98
2024-09-20 15:26:56.118000,429.1670552193231,13
2024-09-20 15:26:56.142000,429.15662467238974,15
2024-09-20 15:26:56.204000,429.1636270660129,11
2024-09-20 15:26:56.298000,429.1658726785056,105
2024-09-20 15:26:56.316000,429.1380166429346,97
2024-09-20 15:26:56.329000,429.1442940518638,7
2024-09-20 15:26:56.537000,429.1532801766636,103
2024-09-20 15:26:56.651000,429.153293347793,96
2024-09-20 15:26:56.664000,429.1428751442753,101
2024-09-20 15:26:56.684000,429.1694641047199,999
2024-09-20 15:26:56.703000,429.1573784214477,7
2024-09-20 15:26:56.813000,429.1458283902018,9
2024-09-20 15:26:56.819000,429.158363876031,8
2024-09-20 15:26:56.915000,429.1548287228096,996
2024-09-20 15:26:56.918000,429.1435879516964,998
2024-09-20 15:26:56.997000,429.1628291491176,995
2024-09-20 15:26:57.169000,429.1314531071422,95
2024-09-20 15:26:57.246000,429.1380096120421,104
2024-09-20 15:26:57.300000,429.11937858704897,97
2024-09-20 15:26:57.760000,429.13644823180334,1001
2024-09-20 15:26:57.810000,429.1234949481546,95
2024-09-20 15:26:57.855000,429.115700906744,1005
2024-09-20 15:26:57.890000,429.1240681811026,9
2024-09-20 15:26:57.972000,429.1273379873708,999
2024-09-20 15:26:57.998000,429.1406582572049,1002
2024-09-20 15:26:58.006000,429.270998318224,10
2024-09-20 15:26:58.018000,429.1534008426254,1000
2024-09-20 15:26:58.025000,429.1492576683773,995
2024-09-20 15:26:58.026000,429.27215603614496,998
2024-09-20 15:26:58.079000,429.3060608479181,11
2024-09-20 15:26:58.133000,429.2692715228864,1002
2024-09-20 15:26:58.222000,429.1304951130979,1004
2024-09-20 15:26:58.240000,429.2705641936383,999
2024-09-20 15:26:58.266000,429.1363690882839,1001
2024-09-20 15:26:58.361000,429.23366360648726,99
2024-09-20 15:26:58.398000,429.2344756312496,14
2024-09-20 15:26:58.437000,429.2415733401186,96
2024-09-20 15:26:58.438000,429.16682121678457,1004
2024-09-20 15:26:58.440000,429.17540909808565,1001
2024-09-20 15:26:58.447000,429.2178785750016,103
2024-09-20 15:26:58.527000,429.280310582596,998
2024-09-20 15:26:58.569000,429.1365508027615,995
2024-09-20 15:26:58.629000,429.1063403851193,6
2024-09-20 15:26:58.788000,429.201481171917,97
2024-09-20 15:26:58.802000,429.1192143548005,10
2024-09-20 15:26:58.970000,429.2146569544688,95
2024-09-20 15:26:58.984000,429.1305578004257,5
2024-09-20 15:26:59.093000,429.27786882233295,13
2024-09-20 15:26:59.119000,429.2800665229739,98
2024-09-20 15:26:59.134000,429.2437811173284,1004
2024-09-20 15:26:59.159000,429.2764232599716,9
2024-09-20 15:26:59.161000,429.27152782752506,95
2024-09-20 15:26:59.206000,429.28619809284896,96
2024-09-20 15:26:59.220000,429.30778751649495,15
2024-09-20 15:26:59.229000,429.2588661199288,1004
2024-09-20 15:26:59.390000,429.289136827272,997
2024-09-20 15:26:59.403000,429.2761857459866,103
2024-09-20 15:26:59.410000,429.2659791888997,1005
2024-09-20 15:26:59.430000,429.28734775536407,1001
2024-09-20 15:26:59.484000,429.28507713383897,13
2024-09-20 15:26:59.518000,429.2850944522132,998
2024-09-20 15:26:59.564000,429.2819204780379,105
2024-09-20 15:26:59.605000,429.2994428804259,104
2024-09-20 15:26:59.662000,429.2888566694243,6
2024-09-20 15:26:59.662000,429.258588242568,7
2024-09-20 15:26:59.724000,429.29527431541584,8
2024-09-20 15:26:59.727000,429.27969477095456,997
2024-09-20 15:26:59.731000,429.2745796479904,105
2024-09-20 15:26:59.746000,429.2612900607986,97
2024-09-20 15:26:59.789000,429.2348439259633,7
2024-09-20 15:26:59.819000,429.25313532203984,9
2024-09-20 15:26:59.831000,429.254929271402,999
2024-09-20 15:26:59.854000,429.2738602084055,97
