Timestamp,Price,Size
2024-09-16 14:20:00.006000,414.20265784639975,1001
2024-09-16 14:20:00.201000,414.216413510145,14
2024-09-16 14:20:00.396000,414.2185337796259,99
2024-09-16 14:20:00.732000,414.2319497015964,1000
2024-09-16 14:20:00.753000,414.185823176774,97
2024-09-16 14:20:00.791000,414.182030134056,9
2024-09-16 14:20:01.038000,414.2409243273625,1004
2024-09-16 14:20:01.066000,414.2153195128796,7
2024-09-16 14:20:01.085000,414.2527687346421,998
2024-09-16 14:20:01.109000,414.25447623537104,996
2024-09-16 14:20:01.283000,414.2177784384885,98
2024-09-16 14:20:01.355000,414.26470619809953,999
2024-09-16 14:20:01.358000,414.2194916427444,97
2024-09-16 14:20:01.372000,414.2603758988399,5
2024-09-16 14:20:01.416000,414.2295691455712,5
2024-09-16 14:20:01.416000,414.2027051503183,7
2024-09-16 14:20:01.457000,414.21811849079705,103
2024-09-16 14:20:01.491000,414.2420409224869,98
2024-09-16 14:20:01.526000,414.2556380137749,8
2024-09-16 14:20:01.531000,414.2438142656376,997
2024-09-16 14:20:01.551000,414.2170863507743,1004
2024-09-16 14:20:01.599000,414.2239136988623,105
2024-09-16 14:20:01.608000,414.2300934485807,998
2024-09-16 14:20:01.611000,414.2583045702581,997
2024-09-16 14:20:01.667000,414.2488284343648,1002
2024-09-16 14:20:01.695000,414.2341092802367,10
2024-09-16 14:20:01.713000,414.2484647370016,11
2024-09-16 14:20:01.748000,414.2585000787494,1004
2024-09-16 14:20:01.775000,414.2139101255906,103
2024-09-16 14:20:01.825000,414.24394743392094,998
2024-09-16 14:20:01.908000,414.22404600159166,99
2024-09-16 14:20:01.996000,414.2405222510264,9
2024-09-16 14:20:02.009000,414.2605001111319,104
2024-09-16 14:20:02.339000,414.2731228787006,12
2024-09-16 14:20:02.348000,414.23804159745794,98
2024-09-16 14:20:02.447000,414.251307487444,996
2024-09-16 14:20:02.447000,414.2531713469464,102
2024-09-16 14:20:02.467000,414.25378029473774,14
2024-09-16 14:20:02.521000,414.2678948246655,102
2024-09-16 14:20:02.534000,414.24764977021687,105
2024-09-16 14:20:02.616000,414.24478613912936,15
2024-09-16 14:20:02.668000,414.26696720449263,102
2024-09-16 14:20:02.702000,414.2480878115698,6
2024-09-16 14:20:02.868000,414.2506354695099,98
2024-09-16 14:20:03.006000,414.3007676383688,100
2024-09-16 14:20:03.076000,414.2696795577447,103
2024-09-16 14:20:03.175000,414.28276588261394,995
2024-09-16 14:20:03.345000,414.30959517772624,13
2024-09-16 14:20:03.483000,414.26665520256535,104
2024-09-16 14:20:03.513000,414.27982629074273,14
2024-09-16 14:20:03.664000,414.2773354063772,97
2024-09-16 14:20:03.693000,414.3003822813788,5
2024-09-16 14:20:03.893000,414.2850557731622,996
2024-09-16 14:20:03.915000,414.2985655834553,998
2024-09-16 14:20:04.066000,414.34609304980165,1005
2024-09-16 14:20:04.075000,414.350227828833,105
2024-09-16 14:20:04.122000,414.36208493131215,13
2024-09-16 14:20:04.179000,414.3366126539547,103
2024-09-16 14:20:04.652000,414.3223259762,15
2024-09-16 14:20:04.677000,414.3027211752522,1004
2024-09-16 14:20:04.779000,414.2974320809857,7
2024-09-16 14:20:05.024000,414.3629801839344,998
2024-09-16 14:20:05.046000,414.3671601058882,98
2024-09-16 14:20:05.125000,414.34863935659376,98
2024-09-16 14:20:05.125000,414.3777417464087,103
2024-09-16 14:20:05.272000,414.36748766001074,997
2024-09-16 14:20:05.295000,414.37007008552575,15
2024-09-16 14:20:05.372000,414.36365442445305,100
2024-09-16 14:20:05.389000,414.3668403473864,100
2024-09-16 14:20:05.479000,414.3562559051473,1001
2024-09-16 14:20:05.522000,414.3610391177285,105
2024-09-16 14:20:05.555000,414.35237833063405,9
2024-09-16 14:20:05.582000,414.3540606470922,98
2024-09-16 14:20:05.628000,414.3514180628361,96
2024-09-16 14:20:05.644000,414.3619118797005,97
2024-09-16 14:20:05.652000,414.3467919314859,14
2024-09-16 14:20:05.702000,414.343285575704,96
2024-09-16 14:20:05.735000,414.3864931037591,1001
2024-09-16 14:20:05.746000,414.35928432455074,13
2024-09-16 14:20:05.875000,414.3612513066562,104
2024-09-16 14:20:05.895000,414.3657290104394,1002
2024-09-16 14:20:05.940000,414.36807011833776,10
2024-09-16 14:20:05.942000,414.3668082181492,1005
2024-09-16 14:20:05.961000,414.3401419037108,13
2024-09-16 14:20:05.982000,414.3640648614158,1000
2024-09-16 14:20:06.052000,414.31708284307473,1005
2024-09-16 14:20:06.092000,414.35163328796153,997
2024-09-16 14:20:06.135000,414.34467411577447,997
2024-09-16 14:20:06.227000,414.3380842664289,102
2024-09-16 14:20:06.232000,414.3363969732776,998
2024-09-16 14:20:06.235000,414.36299900234417,99
2024-09-16 14:20:06.285000,414.3503653856408,95
2024-09-16 14:20:06.321000,414.350708477646,96
2024-09-16 14:20:06.321000,414.3482824415164,1002
2024-09-16 14:20:06.328000,414.3623566467268,104
2024-09-16 14:20:06.357000,414.3601342605998,95
2024-09-16 14:20:06.361000,414.3380519362536,1003
2024-09-16 14:20:06.557000,414.33300318337416,97
2024-09-16 14:20:06.573000,414.3830731239328,1003
2024-09-16 14:20:06.579000,414.3443485432172,105
2024-09-16 14:20:06.629000,414.38287963993344,98
2024-09-16 14:20:06.670000,414.3541574124874,97
2024-09-16 14:20:06.782000,414.3909265981164,1000
2024-09-16 14:20:06.833000,414.3449977210459,11
2024-09-16 14:20:06.848000,414.3775321601415,15
2024-09-16 14:20:06.936000,414.3272857023616,99
2024-09-16 14:20:06.952000,414.3522615705426,8
2024-09-16 14:20:06.980000,414.39169811458106,96
2024-09-16 14:20:07.295000,414.4014671527928,15
2024-09-16 14:20:07.303000,414.4460765956696,104
2024-09-16 14:20:07.326000,414.4210726887289,101
2024-09-16 14:20:07.426000,414.4000415083941,100
2024-09-16 14:20:07.464000,414.3882558102976,99
2024-09-16 14:20:07.497000,414.44230418236793,1000
2024-09-16 14:20:07.552000,414.4129430345236,6
2024-09-16 14:20:07.605000,414.3833011436448,13
2024-09-16 14:20:07.654000,414.4004415908565,97
2024-09-16 14:20:07.728000,414.4684327457367,999
2024-09-16 14:20:07.753000,414.413756360294,105
2024-09-16 14:20:07.845000,414.4296857552942,98
2024-09-16 14:20:07.845000,414.3917148934873,11
2024-09-16 14:20:07.908000,414.4236668610892,9
2024-09-16 14:20:07.975000,414.41773867542855,1002
2024-09-16 14:20:08.044000,414.40201670469554,996
2024-09-16 14:20:08.093000,414.4120147006071,103
2024-09-16 14:20:08.367000,414.4000619136088,14
2024-09-16 14:20:08.449000,414.4105557220713,7
2024-09-16 14:20:08.576000,414.42060995035934,9
2024-09-16 14:20:08.666000,414.4117876970786,1001
2024-09-16 14:20:08.745000,414.4039859459344,6
2024-09-16 14:20:08.852000,414.39169572164,9
2024-09-16 14:20:08.963000,414.3932671111567,6
2024-09-16 14:20:09.117000,414.3842332179416,5
2024-09-16 14:20:09.166000,414.377099120129,999
2024-09-16 14:20:09.430000,414.4081260785234,104
2024-09-16 14:20:09.501000,414.396295457071,1001
2024-09-16 14:20:09.503000,414.3846364641647,101
2024-09-16 14:20:09.592000,414.3764858869999,14
2024-09-16 14:20:09.692000,414.38319637994607,15
2024-09-16 14:20:09.826000,414.36676015772247,98
2024-09-16 14:20:09.897000,414.3897002828715,105
2024-09-16 14:20:09.961000,414.3812716597338,1001
2024-09-16 14:20:10.027000,414.3821386054614,995
2024-09-16 14:20:10.058000,414.4213919930241,97
2024-09-16 14:20:10.063000,414.3639630794093,995
2024-09-16 14:20:10.074000,414.3731111813448,5
2024-09-16 14:20:10.104000,414.3536261815024,999
2024-09-16 14:20:10.133000,414.4103821153207,95
2024-09-16 14:20:10.190000,414.3726681264702,10
2024-09-16 14:20:10.220000,414.393490289652,11
2024-09-16 14:20:10.261000,414.3601053628241,12
2024-09-16 14:20:10.386000,414.3408014683273,100
2024-09-16 14:20:10.387000,414.3799759720448,8
2024-09-16 14:20:10.399000,414.3595972518523,6
2024-09-16 14:20:10.423000,414.378816012225,104
2024-09-16 14:20:10.425000,414.4033941343986,98
2024-09-16 14:20:10.456000,414.3458650588288,13
2024-09-16 14:20:10.578000,414.3988837654813,12
2024-09-16 14:20:10.580000,414.3661138930401,105
2024-09-16 14:20:10.641000,414.3633259940257,997
2024-09-16 14:20:10.747000,414.348552520821,10
2024-09-16 14:20:10.761000,414.3892706325535,13
2024-09-16 14:20:10.775000,414.3922292120377,13
2024-09-16 14:20:10.783000,414.3781488010681,9
2024-09-16 14:20:10.790000,414.42021540383394,996
2024-09-16 14:20:10.800000,414.3890035700044,98
2024-09-16 14:20:10.882000,414.4030699651635,99
2024-09-16 14:20:10.891000,414.3533497660845,998
2024-09-16 14:20:10.932000,414.3915058227433,95
2024-09-16 14:20:10.938000,414.4030367079568,96
2024-09-16 14:20:10.985000,414.3730929533923,1001
2024-09-16 14:20:10.992000,414.40262952940304,14
2024-09-16 14:20:11.247000,414.4117462848048,999
2024-09-16 14:20:11.303000,414.4144843392865,95
2024-09-16 14:20:11.329000,414.44350531992535,102
2024-09-16 14:20:11.389000,414.4363354143944,101
2024-09-16 14:20:11.422000,414.3922682743993,95
2024-09-16 14:20:11.486000,414.4416076986143,13
2024-09-16 14:20:11.598000,414.4320809951584,7
2024-09-16 14:20:11.623000,414.3869596702188,102
2024-09-16 14:20:11.707000,414.4375154259472,8
2024-09-16 14:20:11.820000,414.3991673515606,1001
2024-09-16 14:20:11.935000,414.3985465852942,998
2024-09-16 14:20:12.006000,414.5115880091223,997
2024-09-16 14:20:12.038000,414.5150921878335,13
2024-09-16 14:20:12.172000,414.5007647601497,98
2024-09-16 14:20:12.249000,414.50212381415776,1003
2024-09-16 14:20:12.272000,414.4726920791397,10
2024-09-16 14:20:12.311000,414.46968225652495,1000
2024-09-16 14:20:12.321000,414.5012614492621,102
2024-09-16 14:20:12.329000,414.4975864246297,12
2024-09-16 14:20:12.346000,414.5067156924514,9
2024-09-16 14:20:12.347000,414.4632575394667,102
2024-09-16 14:20:12.412000,414.4570139290849,1004
2024-09-16 14:20:12.449000,414.4807279875554,15
2024-09-16 14:20:12.494000,414.5219051908706,11
2024-09-16 14:20:12.494000,414.4658433051809,8
2024-09-16 14:20:12.502000,414.4507078191775,9
2024-09-16 14:20:12.506000,414.4600974804017,1000
2024-09-16 14:20:12.543000,414.52082009796806,5
2024-09-16 14:20:12.554000,414.5357383044759,100
2024-09-16 14:20:12.602000,414.46375575188085,97
2024-09-16 14:20:12.622000,414.5228327063776,1005
2024-09-16 14:20:12.632000,414.45303508386826,6
2024-09-16 14:20:12.715000,414.4691626494841,103
2024-09-16 14:20:12.735000,414.5114380936198,10
2024-09-16 14:20:12.735000,414.4632815797645,98
2024-09-16 14:20:12.870000,414.52180943239824,13
2024-09-16 14:20:12.911000,414.51851211114064,14
2024-09-16 14:20:12.921000,414.4918573754712,998
2024-09-16 14:20:13.025000,414.50190413986815,96
2024-09-16 14:20:13.043000,414.4606933963223,97
2024-09-16 14:20:13.082000,414.4820855683051,99
2024-09-16 14:20:13.109000,414.51838128919786,105
2024-09-16 14:20:13.135000,414.4886327313783,7
2024-09-16 14:20:13.141000,414.4981355570112,95
2024-09-16 14:20:13.212000,414.524917981146,997
2024-09-16 14:20:13.221000,414.4522790434607,1002
2024-09-16 14:20:13.230000,414.46935452606544,98
2024-09-16 14:20:13.235000,414.46196167201606,7
2024-09-16 14:20:13.265000,414.49408657179913,101
2024-09-16 14:20:13.288000,414.50299462621314,12
2024-09-16 14:20:13.319000,414.5451579511324,996
2024-09-16 14:20:13.333000,414.5355746919692,996
2024-09-16 14:20:13.342000,414.4955722834063,998
2024-09-16 14:20:13.491000,414.53974512547046,997
2024-09-16 14:20:13.514000,414.4660598719206,999
2024-09-16 14:20:13.522000,414.4887648670807,1004
2024-09-16 14:20:13.556000,414.4938763236606,98
2024-09-16 14:20:13.583000,414.5379994294578,101
2024-09-16 14:20:13.596000,414.50165297955056,999
2024-09-16 14:20:13.678000,414.5095820938536,998
2024-09-16 14:20:13.815000,414.4767624261328,9
2024-09-16 14:20:13.847000,414.54887928040887,998
2024-09-16 14:20:13.908000,414.5316111619866,9
2024-09-16 14:20:13.908000,414.4726440505741,96
2024-09-16 14:20:13.925000,414.4690857786642,97
2024-09-16 14:20:14.092000,414.54215823890456,96
2024-09-16 14:20:14.098000,414.5474748313243,12
2024-09-16 14:20:14.129000,414.55061412714497,13
2024-09-16 14:20:14.139000,414.5602973861224,999
2024-09-16 14:20:14.156000,414.5499195612794,1000
2024-09-16 14:20:14.255000,414.5357956094092,998
2024-09-16 14:20:14.307000,414.5421612680965,1000
2024-09-16 14:20:14.420000,414.5824176444575,1001
2024-09-16 14:20:14.431000,414.5426288689209,103
2024-09-16 14:20:14.457000,414.55069778043423,1005
2024-09-16 14:20:14.583000,414.54565716345707,5
2024-09-16 14:20:14.835000,414.5864063701172,1002
2024-09-16 14:20:14.852000,414.5648724285665,104
2024-09-16 14:20:15.023000,414.5158414447879,5
2024-09-16 14:20:15.028000,414.5049596353186,1003
2024-09-16 14:20:15.054000,414.51763673960687,98
2024-09-16 14:20:15.104000,414.4554222266644,998
2024-09-16 14:20:15.225000,414.4858115705995,996
2024-09-16 14:20:15.245000,414.5075196838592,100
2024-09-16 14:20:15.265000,414.5117523230424,98
2024-09-16 14:20:15.265000,414.52726072770986,1004
2024-09-16 14:20:15.346000,414.4961314712698,995
2024-09-16 14:20:15.380000,414.4847203535173,7
2024-09-16 14:20:15.417000,414.4988511043901,103
2024-09-16 14:20:15.491000,414.5112837731016,11
2024-09-16 14:20:15.515000,414.5181052890859,10
2024-09-16 14:20:15.770000,414.5202797977992,14
2024-09-16 14:20:15.770000,414.4807106673193,10
2024-09-16 14:20:15.886000,414.5278971786212,1004
2024-09-16 14:20:15.968000,414.4635683949802,13
2024-09-16 14:20:15.975000,414.5278533666868,12
2024-09-16 14:20:16.150000,414.5283400215399,99
2024-09-16 14:20:16.159000,414.5181579015344,9
2024-09-16 14:20:16.608000,414.49202435153455,95
2024-09-16 14:20:16.610000,414.5034695508632,1002
2024-09-16 14:20:16.760000,414.483879709876,13
2024-09-16 14:20:16.773000,414.5035800577807,11
2024-09-16 14:20:16.849000,414.483385147744,1001
2024-09-16 14:20:16.861000,414.4705844288919,999
2024-09-16 14:20:16.875000,414.5241762583197,96
2024-09-16 14:20:16.995000,414.48271761098266,8
2024-09-16 14:20:17.118000,414.5714874730061,1004
2024-09-16 14:20:17.165000,414.5670777349424,101
2024-09-16 14:20:17.195000,414.57077485919046,98
2024-09-16 14:20:17.220000,414.554613548744,997
2024-09-16 14:20:17.315000,414.5841164316447,103
2024-09-16 14:20:17.360000,414.5410205948664,12
2024-09-16 14:20:17.362000,414.58731656276206,1004
2024-09-16 14:20:17.380000,414.5357960923107,11
2024-09-16 14:20:17.473000,414.5240689094573,5
2024-09-16 14:20:17.504000,414.5638033518385,1004
2024-09-16 14:20:17.526000,414.5219557138072,96
2024-09-16 14:20:17.536000,414.55528345695575,100
2024-09-16 14:20:17.715000,414.5614098050079,103
2024-09-16 14:20:17.761000,414.5620730280246,10
2024-09-16 14:20:17.882000,414.5837323457959,15
2024-09-16 14:20:17.970000,414.5774442269069,999
2024-09-16 14:20:17.999000,414.5298811505057,995
2024-09-16 14:20:18.012000,414.54909471938953,15
2024-09-16 14:20:18.020000,414.5662964300612,14
2024-09-16 14:20:18.073000,414.5640261984523,105
2024-09-16 14:20:18.100000,414.5501272291309,8
2024-09-16 14:20:18.206000,414.5558814310629,1005
2024-09-16 14:20:18.432000,414.5636672222327,95
2024-09-16 14:20:18.440000,414.5404147427929,15
2024-09-16 14:20:18.453000,414.5700671998344,5
2024-09-16 14:20:18.469000,414.5616261420271,15
2024-09-16 14:20:18.518000,414.5443262641748,14
2024-09-16 14:20:18.559000,414.55009587005134,1002
2024-09-16 14:20:18.603000,414.568709455932,97
2024-09-16 14:20:18.637000,414.55574267304326,99
2024-09-16 14:20:18.661000,414.5619209259059,6
2024-09-16 14:20:18.715000,414.5870072092709,15
2024-09-16 14:20:18.773000,414.53057774851095,10
2024-09-16 14:20:18.819000,414.55469400515415,103
2024-09-16 14:20:18.915000,414.5792388989522,105
2024-09-16 14:20:18.941000,414.5454262179222,95
2024-09-16 14:20:18.977000,414.5557667791497,995
2024-09-16 14:20:19.064000,414.532447365129,5
2024-09-16 14:20:19.066000,414.5137453745875,1002
2024-09-16 14:20:19.086000,414.5734568119955,1004
2024-09-16 14:20:19.088000,414.5365794512307,14
2024-09-16 14:20:19.145000,414.533440885769,9
2024-09-16 14:20:19.186000,414.5339077653794,13
2024-09-16 14:20:19.188000,414.5632683798448,9
2024-09-16 14:20:19.230000,414.5681221371854,12
2024-09-16 14:20:19.240000,414.53990299315535,105
2024-09-16 14:20:19.394000,414.5608296079157,97
2024-09-16 14:20:19.473000,414.5330866569362,98
2024-09-16 14:20:19.536000,414.5155950722901,98
2024-09-16 14:20:19.636000,414.5224895477176,1004
2024-09-16 14:20:19.691000,414.5300710324034,96
2024-09-16 14:20:19.928000,414.5517572455148,101
2024-09-16 14:20:19.993000,414.5371830930413,15
2024-09-16 14:20:20.231000,414.5136244945184,105
2024-09-16 14:20:20.281000,414.5162873523756,998
2024-09-16 14:20:22.002000,414.4997282400053,96
2024-09-16 14:20:22.023000,414.5295484659521,15
2024-09-16 14:20:22.099000,414.46981885287727,6
2024-09-16 14:20:22.130000,414.5332671381001,14
2024-09-16 14:20:22.134000,414.5199585905708,8
2024-09-16 14:20:22.136000,414.5236215552183,997
2024-09-16 14:20:22.201000,414.4976447896228,15
2024-09-16 14:20:22.247000,414.52999390773454,8
2024-09-16 14:20:22.249000,414.5517400787355,104
2024-09-16 14:20:22.262000,414.5611685210084,103
2024-09-16 14:20:22.268000,414.5367022404432,1001
2024-09-16 14:20:22.331000,414.5473279223934,6
2024-09-16 14:20:22.336000,414.54105424212617,1005
2024-09-16 14:20:22.439000,414.5436893491853,99
2024-09-16 14:20:22.506000,414.4923650196562,999
2024-09-16 14:20:22.523000,414.5580576914917,11
2024-09-16 14:20:22.524000,414.52767530069264,998
2024-09-16 14:20:22.532000,414.52350598743055,99
2024-09-16 14:20:22.537000,414.5591337883157,995
2024-09-16 14:20:22.542000,414.4566921872725,999
2024-09-16 14:20:22.552000,414.50311503053945,1004
2024-09-16 14:20:22.610000,414.4861500053638,996
2024-09-16 14:20:22.772000,414.5479465705197,12
2024-09-16 14:20:22.943000,414.5498114724328,997
2024-09-16 14:20:22.958000,414.56022883734994,9
2024-09-16 14:20:22.966000,414.5069290262156,15
2024-09-16 14:20:23.035000,414.48547439798426,6
2024-09-16 14:20:23.062000,414.4702562250784,995
2024-09-16 14:20:23.062000,414.4479989492668,104
2024-09-16 14:20:23.186000,414.4813995426126,11
2024-09-16 14:20:23.238000,414.4773270172578,999
2024-09-16 14:20:23.354000,414.4466666358677,13
2024-09-16 14:20:23.356000,414.46178037157694,9
2024-09-16 14:20:23.360000,414.47189274444605,8
2024-09-16 14:20:23.377000,414.4689685490707,1004
2024-09-16 14:20:23.382000,414.462895485818,998
2024-09-16 14:20:23.441000,414.4608989617449,997
2024-09-16 14:20:23.637000,414.4652078801354,105
2024-09-16 14:20:23.648000,414.4559669886546,99
2024-09-16 14:20:23.654000,414.4412000048968,13
2024-09-16 14:20:23.687000,414.4807786699344,7
2024-09-16 14:20:23.743000,414.439908798958,996
2024-09-16 14:20:23.848000,414.4770492038709,95
2024-09-16 14:20:23.911000,414.4692349333396,1002
2024-09-16 14:20:24.040000,414.4464770168498,1000
2024-09-16 14:20:24.041000,414.45241675735394,15
2024-09-16 14:20:24.045000,414.4082681918595,1000
2024-09-16 14:20:24.198000,414.4732443877649,996
2024-09-16 14:20:24.223000,414.47158767593015,101
2024-09-16 14:20:24.239000,414.4253598565957,9
2024-09-16 14:20:24.290000,414.4224424102817,98
2024-09-16 14:20:24.292000,414.4564860273512,97
2024-09-16 14:20:24.318000,414.4277016414815,5
2024-09-16 14:20:24.355000,414.4204221216879,1000
2024-09-16 14:20:24.370000,414.48099489632176,1000
2024-09-16 14:20:24.416000,414.4000940697237,9
2024-09-16 14:20:24.459000,414.4405881476301,96
2024-09-16 14:20:24.528000,414.4901685781156,11
2024-09-16 14:20:24.536000,414.47388680245234,1005
2024-09-16 14:20:24.546000,414.4730497880092,101
2024-09-16 14:20:24.584000,414.4379393374869,9
2024-09-16 14:20:24.631000,414.4592939372423,9
2024-09-16 14:20:24.669000,414.4237993954728,996
2024-09-16 14:20:24.687000,414.47351133057697,11
2024-09-16 14:20:24.744000,414.43546144301575,96
2024-09-16 14:20:24.778000,414.4412565404232,997
2024-09-16 14:20:24.876000,414.4061237311631,102
2024-09-16 14:20:24.914000,414.43925940496734,1001
2024-09-16 14:20:24.933000,414.4631977285928,8
2024-09-16 14:20:24.997000,414.4181607926994,105
2024-09-16 14:20:25.515000,414.3930114788874,15
2024-09-16 14:20:25.739000,414.3723132791124,995
2024-09-16 14:20:25.915000,414.398194169129,1005
2024-09-16 14:20:26.003000,414.3054804281469,1002
2024-09-16 14:20:26.132000,414.3089986229135,1004
2024-09-16 14:20:26.163000,414.31160991585006,97
2024-09-16 14:20:26.343000,414.30554649851257,96
2024-09-16 14:20:26.365000,414.327525650444,1000
2024-09-16 14:20:26.380000,414.3022749079343,1000
2024-09-16 14:20:26.391000,414.29017954206734,99
2024-09-16 14:20:26.465000,414.3556514569959,1003
2024-09-16 14:20:26.466000,414.3025683867243,97
2024-09-16 14:20:26.553000,414.3046148174351,6
2024-09-16 14:20:26.570000,414.3148069883802,99
2024-09-16 14:20:26.645000,414.3489807997419,6
2024-09-16 14:20:26.667000,414.3174243533088,1005
2024-09-16 14:20:26.773000,414.337573832898,95
2024-09-16 14:20:26.774000,414.35532185511966,98
2024-09-16 14:20:26.786000,414.3549092239571,997
2024-09-16 14:20:26.800000,414.30999904811966,14
2024-09-16 14:20:26.806000,414.3086062027419,96
2024-09-16 14:20:26.854000,414.3382881020596,9
2024-09-16 14:20:26.936000,414.28291644339697,103
2024-09-16 14:20:26.948000,414.3642014816799,15
2024-09-16 14:20:27.011000,414.3170072674588,5
2024-09-16 14:20:27.043000,414.2932052448003,103
2024-09-16 14:20:27.050000,414.3578079029036,98
2024-09-16 14:20:27.081000,414.3716589298337,997
2024-09-16 14:20:27.108000,414.3156369063329,1002
2024-09-16 14:20:27.134000,414.3691421414261,14
2024-09-16 14:20:27.150000,414.3022551684394,95
2024-09-16 14:20:27.174000,414.2959604957863,13
2024-09-16 14:20:27.183000,414.3100627320992,99
2024-09-16 14:20:27.215000,414.32716381417737,13
2024-09-16 14:20:27.256000,414.2994143665284,10
2024-09-16 14:20:27.337000,414.3021960491896,12
2024-09-16 14:20:27.409000,414.3082054860414,100
2024-09-16 14:20:27.435000,414.3641014035825,99
2024-09-16 14:20:27.581000,414.3194664296433,1003
2024-09-16 14:20:27.599000,414.3040699964007,1004
2024-09-16 14:20:27.655000,414.3327364283205,6
2024-09-16 14:20:27.669000,414.3449898607183,997
2024-09-16 14:20:27.671000,414.32090878270935,996
2024-09-16 14:20:27.673000,414.3219902461452,1002
2024-09-16 14:20:27.811000,414.3705502378195,1001
2024-09-16 14:20:27.895000,414.3367465692084,7
2024-09-16 14:20:27.933000,414.3756122392626,1002
2024-09-16 14:20:27.942000,414.3919393522332,1001
2024-09-16 14:20:27.981000,414.3608094273808,11
2024-09-16 14:20:28.060000,414.3902140811317,104
2024-09-16 14:20:28.123000,414.38585183144994,105
2024-09-16 14:20:28.239000,414.3912747752949,98
2024-09-16 14:20:28.247000,414.3858766509446,6
2024-09-16 14:20:28.270000,414.3863124510351,12
2024-09-16 14:20:28.340000,414.37844317998633,105
2024-09-16 14:20:28.365000,414.3888922556145,1005
2024-09-16 14:20:28.381000,414.4013574056663,15
2024-09-16 14:20:28.430000,414.3975759710738,13
2024-09-16 14:20:28.447000,414.3758284632015,1004
2024-09-16 14:20:28.515000,414.3949292734927,100
2024-09-16 14:20:28.544000,414.41051303257854,8
2024-09-16 14:20:28.812000,414.3775244587428,9
2024-09-16 14:20:28.858000,414.388049987404,15
2024-09-16 14:20:28.932000,414.4001097175649,96
2024-09-16 14:20:29.030000,414.4144573014542,102
2024-09-16 14:20:29.045000,414.3756238090055,103
2024-09-16 14:20:29.046000,414.4419441161527,15
2024-09-16 14:20:29.051000,414.4674210565878,104
2024-09-16 14:20:29.057000,414.3891263932464,13
2024-09-16 14:20:29.068000,414.4351450327926,8
2024-09-16 14:20:29.095000,414.4613791977448,10
2024-09-16 14:20:29.195000,414.4595806172948,101
2024-09-16 14:20:29.234000,414.3844659007218,9
2024-09-16 14:20:29.290000,414.4538958482108,11
2024-09-16 14:20:29.348000,414.4704551384325,103
2024-09-16 14:20:29.398000,414.4296963841721,1005
2024-09-16 14:20:29.423000,414.44342167991545,13
2024-09-16 14:20:29.465000,414.4525996790214,5
2024-09-16 14:20:29.468000,414.4634443885517,95
2024-09-16 14:20:29.529000,414.4308037624053,1001
2024-09-16 14:20:29.563000,414.37088799687456,14
2024-09-16 14:20:29.574000,414.3793886831808,7
2024-09-16 14:20:29.653000,414.4494856235683,998
2024-09-16 14:20:29.683000,414.4455597622252,1004
2024-09-16 14:20:29.691000,414.4290030188432,1004
2024-09-16 14:20:29.696000,414.39001799449255,10
2024-09-16 14:20:29.763000,414.4499138774575,98
2024-09-16 14:20:29.768000,414.480519192227,96
2024-09-16 14:20:29.784000,414.3859263040821,998
2024-09-16 14:20:29.819000,414.4251253439153,1001
2024-09-16 14:20:29.922000,414.3780338790567,8
2024-09-16 14:20:29.952000,414.4312999040041,1002
2024-09-16 14:20:29.968000,414.4378969015688,95
2024-09-16 14:20:29.972000,414.4725488899105,996
2024-09-16 14:20:30.038000,414.46978719230106,1000
2024-09-16 14:20:30.068000,414.44710676614,98
2024-09-16 14:20:30.163000,414.4494207213335,100
2024-09-16 14:20:30.216000,414.4918716943831,997
2024-09-16 14:20:30.340000,414.4654633550204,1003
2024-09-16 14:20:30.682000,414.46677571856026,995
2024-09-16 14:20:30.728000,414.4734902807149,1000
2024-09-16 14:20:30.731000,414.4824334545843,12
2024-09-16 14:20:30.835000,414.4751791481144,13
2024-09-16 14:20:30.950000,414.4795185578881,100
2024-09-16 14:20:30.971000,414.491588802121,95
2024-09-16 14:20:31.051000,414.516092664423,99
2024-09-16 14:20:31.185000,414.5062799639815,7
2024-09-16 14:20:31.197000,414.49448540123234,11
2024-09-16 14:20:31.241000,414.51468086508896,100
2024-09-16 14:20:31.359000,414.53377453006,96
2024-09-16 14:20:31.392000,414.55317122023183,1000
2024-09-16 14:20:31.403000,414.5212987682204,9
2024-09-16 14:20:31.427000,414.52008318046745,999
2024-09-16 14:20:31.467000,414.5204178390702,98
2024-09-16 14:20:31.487000,414.5042900671582,12
2024-09-16 14:20:31.510000,414.5083171492022,995
2024-09-16 14:20:31.543000,414.5076499693869,99
2024-09-16 14:20:31.637000,414.5263664085618,1000
2024-09-16 14:20:31.653000,414.5152661182152,98
2024-09-16 14:20:31.657000,414.5062251095712,11
2024-09-16 14:20:31.746000,414.5264564422,104
2024-09-16 14:20:31.765000,414.5467464758965,11
2024-09-16 14:20:31.808000,414.50865272038,1001
2024-09-16 14:20:31.916000,414.5210832751767,100
2024-09-16 14:20:31.986000,414.5030712437513,998
2024-09-16 14:20:32.024000,414.44877151383815,95
2024-09-16 14:20:32.041000,414.5108987711453,15
2024-09-16 14:20:32.067000,414.4650048955571,105
2024-09-16 14:20:32.108000,414.5502739987514,1003
2024-09-16 14:20:32.230000,414.5427093701426,98
2024-09-16 14:20:32.250000,414.4729345734964,96
2024-09-16 14:20:32.258000,414.52207501180726,8
2024-09-16 14:20:32.285000,414.49203845311257,12
2024-09-16 14:20:32.383000,414.5510329321383,15
2024-09-16 14:20:32.431000,414.52633896019097,12
2024-09-16 14:20:32.438000,414.52385721991527,101
2024-09-16 14:20:32.463000,414.51042979517706,11
2024-09-16 14:20:32.547000,414.4516304242518,104
2024-09-16 14:20:32.652000,414.51993348641935,96
2024-09-16 14:20:32.715000,414.4619352949878,10
2024-09-16 14:20:32.744000,414.4811669795045,103
2024-09-16 14:20:32.759000,414.5083133870401,12
2024-09-16 14:20:32.775000,414.444648370885,995
2024-09-16 14:20:32.801000,414.520546991095,12
2024-09-16 14:20:32.903000,414.48026986983234,1002
2024-09-16 14:20:33.136000,414.49372985566623,101
2024-09-16 14:20:33.238000,414.4393968102485,10
2024-09-16 14:20:33.247000,414.47215456432406,105
2024-09-16 14:20:33.283000,414.5113379795412,11
2024-09-16 14:20:33.310000,414.4639686724127,998
2024-09-16 14:20:33.383000,414.4791010816471,98
2024-09-16 14:20:33.398000,414.5446499914248,1004
2024-09-16 14:20:33.487000,414.4822496957903,105
2024-09-16 14:20:33.620000,414.4372332065271,105
2024-09-16 14:20:33.667000,414.495896015849,5
2024-09-16 14:20:34.073000,414.4795655260638,997
2024-09-16 14:20:34.142000,414.4765774114069,1000
2024-09-16 14:20:34.167000,414.5430451276549,10
2024-09-16 14:20:34.182000,414.5386530008099,1002
2024-09-16 14:20:34.202000,414.5371066877015,1000
2024-09-16 14:20:34.250000,414.53242327222347,105
2024-09-16 14:20:34.474000,414.5133700738572,8
2024-09-16 14:20:34.511000,414.54941039875234,11
2024-09-16 14:20:34.518000,414.5351185093536,95
2024-09-16 14:20:34.553000,414.51428391217263,100
2024-09-16 14:20:34.566000,414.5452517490973,102
2024-09-16 14:20:34.602000,414.51421097800113,105
2024-09-16 14:20:34.607000,414.5124358071851,104
2024-09-16 14:20:34.819000,414.49367419823335,103
2024-09-16 14:20:34.975000,414.4974098009307,995
2024-09-16 14:20:35.042000,414.55422337586606,14
2024-09-16 14:20:35.064000,414.5535337417413,1003
2024-09-16 14:20:35.335000,414.5725397835028,11
2024-09-16 14:20:35.379000,414.5721541857622,98
2024-09-16 14:20:35.665000,414.56507206487294,97
2024-09-16 14:20:35.816000,414.55347276052026,1005
2024-09-16 14:20:35.972000,414.5802321676172,101
2024-09-16 14:20:36.080000,414.568528713554,996
2024-09-16 14:20:36.326000,414.5723874675306,1004
2024-09-16 14:20:36.329000,414.5711043008132,1003
2024-09-16 14:20:36.337000,414.5703606754256,13
2024-09-16 14:20:36.357000,414.5694133274675,1003
2024-09-16 14:20:36.411000,414.5752825407976,999
2024-09-16 14:20:36.465000,414.5633695596947,1003
2024-09-16 14:20:36.476000,414.5631815477139,5
2024-09-16 14:20:36.497000,414.570520475879,1004
2024-09-16 14:20:36.754000,414.5861958139468,1003
2024-09-16 14:20:36.914000,414.56382982106913,5
2024-09-16 14:20:36.922000,414.5824317818244,97
2024-09-16 14:20:37.003000,414.6764020371438,15
2024-09-16 14:20:37.036000,414.6741731105176,99
2024-09-16 14:20:37.084000,414.5913896981949,98
2024-09-16 14:20:37.111000,414.6575154221175,999
2024-09-16 14:20:37.186000,414.59109560053776,995
2024-09-16 14:20:37.306000,414.61122531050427,6
2024-09-16 14:20:37.457000,414.66533876107695,10
2024-09-16 14:20:37.542000,414.5983075492161,95
2024-09-16 14:20:37.630000,414.6840947272887,1003
2024-09-16 14:20:37.688000,414.6578635384754,1002
2024-09-16 14:20:37.693000,414.5856612885765,104
2024-09-16 14:20:37.739000,414.6910582531218,999
2024-09-16 14:20:37.757000,414.6235768800756,104
2024-09-16 14:20:37.787000,414.6400715416612,100
2024-09-16 14:20:37.808000,414.63856468328106,7
2024-09-16 14:20:37.875000,414.6058586518457,1000
2024-09-16 14:20:37.905000,414.5654169696685,6
2024-09-16 14:20:38.104000,414.6569402696485,1004
2024-09-16 14:20:38.145000,414.6649202112018,995
2024-09-16 14:20:38.173000,414.6955051574889,7
2024-09-16 14:20:38.191000,414.647906174994,1003
2024-09-16 14:20:38.228000,414.705194208026,97
2024-09-16 14:20:38.234000,414.7193831783344,104
2024-09-16 14:20:38.237000,414.7271908000337,105
2024-09-16 14:20:38.295000,414.7179916020973,14
2024-09-16 14:20:38.383000,414.6636204609823,102
2024-09-16 14:20:38.401000,414.6910519872256,105
2024-09-16 14:20:38.430000,414.7076483243211,7
2024-09-16 14:20:38.439000,414.6944473091567,1002
2024-09-16 14:20:38.469000,414.6767592823453,104
2024-09-16 14:20:38.563000,414.6992389230618,8
2024-09-16 14:20:38.569000,414.64762461099866,7
2024-09-16 14:20:38.592000,414.6552970864664,1002
2024-09-16 14:20:38.612000,414.6974783477276,10
2024-09-16 14:20:38.691000,414.7086649222442,1001
2024-09-16 14:20:38.752000,414.65547708287073,996
2024-09-16 14:20:38.754000,414.6734997055562,1003
2024-09-16 14:20:38.846000,414.6792220781123,11
2024-09-16 14:20:38.898000,414.7374668727922,99
2024-09-16 14:20:38.917000,414.7047163112263,98
2024-09-16 14:20:38.945000,414.70838991974745,11
2024-09-16 14:20:39.166000,414.6821082605404,1000
2024-09-16 14:20:39.409000,414.6562965316742,9
2024-09-16 14:20:39.575000,414.6542035281725,99
2024-09-16 14:20:40.062000,414.6625227656611,96
2024-09-16 14:20:40.236000,414.708988106509,996
2024-09-16 14:20:40.363000,414.6834888663089,102
2024-09-16 14:20:40.528000,414.6467496073229,996
2024-09-16 14:20:40.545000,414.6837120071101,102
2024-09-16 14:20:40.551000,414.65046660004185,97
2024-09-16 14:20:40.555000,414.6742964671016,6
2024-09-16 14:20:40.571000,414.6404903498358,104
2024-09-16 14:20:40.599000,414.6720261033826,7
2024-09-16 14:20:40.680000,414.6621422525324,1001
2024-09-16 14:20:40.712000,414.6913141778352,97
2024-09-16 14:20:40.843000,414.63311583458153,996
2024-09-16 14:20:40.876000,414.6662511274517,995
2024-09-16 14:20:40.883000,414.660136736876,101
2024-09-16 14:20:40.903000,414.668529863522,13
2024-09-16 14:20:40.922000,414.6748471049472,13
2024-09-16 14:20:40.939000,414.7005710725242,14
2024-09-16 14:20:41.156000,414.6919152417741,12
2024-09-16 14:20:41.204000,414.6804984354316,15
2024-09-16 14:20:41.324000,414.6811083764901,999
2024-09-16 14:20:41.358000,414.67866846108905,1002
2024-09-16 14:20:41.527000,414.7308577544994,11
2024-09-16 14:20:41.657000,414.6759945857784,995
2024-09-16 14:20:41.684000,414.6844348378571,6
2024-09-16 14:20:41.692000,414.6745618737517,96
2024-09-16 14:20:41.761000,414.68115718229205,995
2024-09-16 14:20:41.819000,414.6936145910192,15
2024-09-16 14:20:41.884000,414.7139072984157,104
2024-09-16 14:20:41.972000,414.6808505577196,1005
2024-09-16 14:20:41.996000,414.6976351399095,99
2024-09-16 14:20:42.156000,414.7214083449563,103
2024-09-16 14:20:42.213000,414.7244087637221,11
2024-09-16 14:20:42.317000,414.6959951782336,13
2024-09-16 14:20:42.351000,414.6828311632675,99
2024-09-16 14:20:42.509000,414.7139448977327,103
2024-09-16 14:20:42.547000,414.70248630894224,9
2024-09-16 14:20:42.595000,414.7198752958992,14
2024-09-16 14:20:42.614000,414.7234771468108,5
2024-09-16 14:20:42.781000,414.6919285829461,105
2024-09-16 14:20:42.860000,414.721684784144,995
2024-09-16 14:20:42.935000,414.69197556970096,100
2024-09-16 14:20:43.043000,414.7146588142032,12
2024-09-16 14:20:43.045000,414.653239133169,102
2024-09-16 14:20:43.114000,414.65321828474725,14
2024-09-16 14:20:43.139000,414.6830013809518,8
2024-09-16 14:20:43.213000,414.6885998324162,5
2024-09-16 14:20:43.219000,414.6471039955994,95
2024-09-16 14:20:43.223000,414.6347621781365,996
2024-09-16 14:20:43.223000,414.6578318054471,99
2024-09-16 14:20:43.236000,414.69361161505344,1001
2024-09-16 14:20:43.257000,414.64841395190535,999
2024-09-16 14:20:43.365000,414.7255726352247,995
2024-09-16 14:20:43.373000,414.6808347173104,12
2024-09-16 14:20:43.460000,414.6875847739841,8
2024-09-16 14:20:43.508000,414.6961179912264,103
2024-09-16 14:20:43.533000,414.6913664699014,11
2024-09-16 14:20:43.544000,414.7032325876084,999
2024-09-16 14:20:43.563000,414.6538114028769,99
2024-09-16 14:20:43.639000,414.6522874785823,11
2024-09-16 14:20:43.664000,414.69772340232674,8
2024-09-16 14:20:43.784000,414.70681521092,95
2024-09-16 14:20:43.808000,414.67759876266985,5
2024-09-16 14:20:43.829000,414.6947335927292,8
2024-09-16 14:20:43.829000,414.7184452898316,8
2024-09-16 14:20:43.845000,414.7202987736548,998
2024-09-16 14:20:43.878000,414.6970915098574,997
2024-09-16 14:20:43.901000,414.65230618550055,1002
2024-09-16 14:20:43.923000,414.7385330675465,996
2024-09-16 14:20:44.050000,414.6872077158429,12
2024-09-16 14:20:44.148000,414.6607653951735,998
2024-09-16 14:20:44.207000,414.6822396391122,12
2024-09-16 14:20:44.237000,414.68138436289706,99
2024-09-16 14:20:44.249000,414.67221898550594,15
2024-09-16 14:20:44.275000,414.6953284922861,995
2024-09-16 14:20:44.349000,414.6729956490287,998
2024-09-16 14:20:44.503000,414.674914147352,96
2024-09-16 14:20:44.548000,414.6734142391925,95
2024-09-16 14:20:44.567000,414.69396934541817,95
2024-09-16 14:20:44.569000,414.689721343149,6
2024-09-16 14:20:44.571000,414.67242312533176,1005
2024-09-16 14:20:44.682000,414.6849395764872,98
2024-09-16 14:20:44.685000,414.6832174344052,15
2024-09-16 14:20:44.774000,414.68504186347127,13
2024-09-16 14:20:44.798000,414.675033245733,1005
2024-09-16 14:20:45.097000,414.5791204080831,15
2024-09-16 14:20:45.174000,414.6599521868021,1002
2024-09-16 14:20:45.221000,414.6390642628349,104
2024-09-16 14:20:45.231000,414.6118947406949,9
2024-09-16 14:20:45.324000,414.60340568536856,104
2024-09-16 14:20:45.330000,414.6108185632646,8
2024-09-16 14:20:45.394000,414.6673359500102,100
2024-09-16 14:20:45.448000,414.6159479803675,12
2024-09-16 14:20:45.470000,414.6311212731321,97
2024-09-16 14:20:45.541000,414.5864982626293,7
2024-09-16 14:20:45.561000,414.63151818535886,98
2024-09-16 14:20:45.576000,414.6649098595877,998
2024-09-16 14:20:45.592000,414.6017371828132,98
2024-09-16 14:20:45.608000,414.6032869821765,1000
2024-09-16 14:20:45.613000,414.63945920298295,998
2024-09-16 14:20:45.647000,414.60126685874377,8
2024-09-16 14:20:45.661000,414.634449789306,104
2024-09-16 14:20:45.707000,414.5719163307497,8
2024-09-16 14:20:45.831000,414.5866222880392,1003
2024-09-16 14:20:45.851000,414.5806947433829,101
2024-09-16 14:20:45.888000,414.6594766778013,995
2024-09-16 14:20:45.922000,414.6498861769271,5
2024-09-16 14:20:45.924000,414.58209367205234,5
2024-09-16 14:20:45.970000,414.5801357360108,998
2024-09-16 14:20:46.021000,414.6090904475663,996
2024-09-16 14:20:46.099000,414.5149340718791,15
2024-09-16 14:20:46.293000,414.57065245306353,10
2024-09-16 14:20:46.418000,414.5503567287879,5
2024-09-16 14:20:46.522000,414.5445231502308,97
2024-09-16 14:20:46.538000,414.5348872892108,11
2024-09-16 14:20:46.605000,414.510296203813,96
2024-09-16 14:20:46.736000,414.5782614654267,95
2024-09-16 14:20:46.744000,414.5749173598498,1000
2024-09-16 14:20:46.808000,414.5449730036672,8
2024-09-16 14:20:46.833000,414.5904634184796,1001
2024-09-16 14:20:46.895000,414.61495872118576,1001
2024-09-16 14:20:46.996000,414.4973106331672,99
2024-09-16 14:20:47.866000,414.5170354351001,10
2024-09-16 14:20:48.119000,414.4912309923264,1003
2024-09-16 14:20:48.238000,414.5053235673495,996
2024-09-16 14:20:48.480000,414.5122977833376,13
2024-09-16 14:20:48.826000,414.51233866334246,10
2024-09-16 14:20:48.885000,414.5067231235942,13
2024-09-16 14:20:49.065000,414.5056043442111,995
2024-09-16 14:20:49.099000,414.5310836724689,1002
2024-09-16 14:20:49.138000,414.53004807639206,997
2024-09-16 14:20:49.354000,414.5266828270807,95
2024-09-16 14:20:49.375000,414.5234453594612,7
2024-09-16 14:20:49.489000,414.5218242289867,1001
2024-09-16 14:20:49.502000,414.507454066078,8
2024-09-16 14:20:49.715000,414.529646176441,103
2024-09-16 14:20:49.748000,414.5246788192867,96
2024-09-16 14:20:49.795000,414.52415700464434,95
2024-09-16 14:20:49.801000,414.53829883681993,997
2024-09-16 14:20:49.805000,414.5120445970983,995
2024-09-16 14:20:49.829000,414.5320424422284,95
2024-09-16 14:20:49.847000,414.51224008775125,5
2024-09-16 14:20:49.938000,414.5171548554942,1001
2024-09-16 14:20:49.953000,414.53564670162336,97
2024-09-16 14:20:50.069000,414.4802861925007,9
2024-09-16 14:20:50.089000,414.4540421639974,102
2024-09-16 14:20:50.108000,414.4657824985339,97
2024-09-16 14:20:50.217000,414.4554755962179,1002
2024-09-16 14:20:50.225000,414.4688806742635,6
2024-09-16 14:20:50.258000,414.525326065973,1002
2024-09-16 14:20:50.296000,414.4801343544906,1001
2024-09-16 14:20:50.336000,414.4585147819825,12
2024-09-16 14:20:50.501000,414.4658990502117,1003
2024-09-16 14:20:50.568000,414.4614681229378,6
2024-09-16 14:20:50.729000,414.4631408667484,95
2024-09-16 14:20:50.789000,414.4998274178876,998
2024-09-16 14:20:50.795000,414.47150515420645,9
2024-09-16 14:20:50.878000,414.4495085224229,8
2024-09-16 14:20:50.974000,414.4794668347651,15
2024-09-16 14:20:51.093000,414.4987634894706,99
2024-09-16 14:20:51.097000,414.4876474029994,9
2024-09-16 14:20:51.099000,414.4834635146545,96
2024-09-16 14:20:51.154000,414.489139860058,11
2024-09-16 14:20:51.195000,414.4764490061597,9
2024-09-16 14:20:51.301000,414.4924693936065,98
2024-09-16 14:20:51.303000,414.4937231818888,12
2024-09-16 14:20:51.400000,414.4696870020709,999
2024-09-16 14:20:51.447000,414.5012838441497,998
2024-09-16 14:20:51.480000,414.472908128751,103
2024-09-16 14:20:51.489000,414.49438452706926,101
2024-09-16 14:20:51.790000,414.470813232978,1005
2024-09-16 14:20:51.793000,414.5105463142614,12
2024-09-16 14:20:51.821000,414.475181298143,98
2024-09-16 14:20:51.910000,414.4731285329604,12
2024-09-16 14:20:51.934000,414.47965221205743,1004
2024-09-16 14:20:52.049000,414.5123601311976,996
2024-09-16 14:20:52.068000,414.4671374201765,999
2024-09-16 14:20:52.075000,414.5248671994693,100
2024-09-16 14:20:52.076000,414.4867617213485,1003
2024-09-16 14:20:52.137000,414.49522332557456,96
2024-09-16 14:20:52.152000,414.5212165669527,1000
2024-09-16 14:20:52.266000,414.47366848454936,996
2024-09-16 14:20:52.300000,414.485917473416,12
2024-09-16 14:20:52.359000,414.5071403504722,104
2024-09-16 14:20:52.364000,414.477480790064,105
2024-09-16 14:20:52.469000,414.4672178115949,95
2024-09-16 14:20:52.497000,414.4802407657589,102
2024-09-16 14:20:52.547000,414.5330014341761,11
2024-09-16 14:20:52.578000,414.4692805412234,8
2024-09-16 14:20:52.632000,414.4807346829433,1005
2024-09-16 14:20:52.640000,414.49017912406055,7
2024-09-16 14:20:52.669000,414.5203685929247,7
2024-09-16 14:20:52.715000,414.4869538662295,1002
2024-09-16 14:20:52.771000,414.4770698670416,7
2024-09-16 14:20:52.786000,414.5525624413089,8
2024-09-16 14:20:52.857000,414.5009858798194,100
2024-09-16 14:20:52.859000,414.4988669390986,996
2024-09-16 14:20:52.897000,414.4948229144098,11
2024-09-16 14:20:52.975000,414.5141435025703,103
2024-09-16 14:20:53.054000,414.586128445614,999
2024-09-16 14:20:53.075000,414.5677046925388,996
2024-09-16 14:20:53.169000,414.5598736418213,10
2024-09-16 14:20:53.205000,414.5546443504183,104
2024-09-16 14:20:53.218000,414.5473369149692,97
2024-09-16 14:20:53.256000,414.5665279735618,1003
2024-09-16 14:20:53.264000,414.5981813295533,98
2024-09-16 14:20:53.330000,414.5881374863741,5
2024-09-16 14:20:53.441000,414.5520561385541,102
2024-09-16 14:20:53.446000,414.6013238408507,97
2024-09-16 14:20:53.502000,414.604088828586,102
2024-09-16 14:20:53.538000,414.5361353672562,1003
2024-09-16 14:20:53.702000,414.5729313032718,998
2024-09-16 14:20:53.730000,414.5672697259887,5
2024-09-16 14:20:53.736000,414.55854480708746,98
2024-09-16 14:20:53.753000,414.60303737336585,5
2024-09-16 14:20:53.936000,414.5346633396609,1004
2024-09-16 14:20:53.989000,414.569424906273,104
2024-09-16 14:20:53.999000,414.5510388780155,1001
2024-09-16 14:20:54.119000,414.5985116678602,5
2024-09-16 14:20:54.199000,414.6070673856008,8
2024-09-16 14:20:54.280000,414.6092547673728,5
2024-09-16 14:20:54.628000,414.6053788578169,5
2024-09-16 14:20:54.719000,414.6007120348245,104
2024-09-16 14:20:54.730000,414.6151253426016,98
2024-09-16 14:20:54.739000,414.6105083400692,101
2024-09-16 14:20:54.938000,414.6030220689192,9
2024-09-16 14:20:55.009000,414.6044051185706,10
2024-09-16 14:20:55.055000,414.6204660044591,1005
2024-09-16 14:20:55.060000,414.61231385577713,1005
2024-09-16 14:20:55.072000,414.6155186480606,1004
2024-09-16 14:20:55.221000,414.602345752436,102
2024-09-16 14:20:55.303000,414.5870773153828,13
2024-09-16 14:20:55.312000,414.6016961792224,996
2024-09-16 14:20:55.423000,414.5944895594097,6
2024-09-16 14:20:55.431000,414.6105900895185,5
2024-09-16 14:20:55.449000,414.6051419973386,99
2024-09-16 14:20:55.534000,414.60059063141546,100
2024-09-16 14:20:55.556000,414.59080961406295,1002
2024-09-16 14:20:55.601000,414.5759998422207,6
2024-09-16 14:20:55.607000,414.59495907192354,96
2024-09-16 14:20:55.611000,414.5881688925164,1004
2024-09-16 14:20:55.655000,414.5981804525748,7
2024-09-16 14:20:55.734000,414.5716224176634,997
2024-09-16 14:20:55.751000,414.5916261177367,102
2024-09-16 14:20:55.791000,414.5921976658752,6
2024-09-16 14:20:55.794000,414.59984819341497,97
2024-09-16 14:20:55.816000,414.6193984814684,10
2024-09-16 14:20:55.851000,414.6083971332605,995
2024-09-16 14:20:55.868000,414.5776895777043,104
2024-09-16 14:20:55.937000,414.5851419922378,999
2024-09-16 14:20:55.959000,414.6134913291826,998
2024-09-16 14:20:55.998000,414.5796835119245,98
2024-09-16 14:20:56.516000,414.5458531020184,99
2024-09-16 14:20:56.547000,414.5440986639591,103
2024-09-16 14:20:56.755000,414.5800798403835,96
2024-09-16 14:20:56.962000,414.56661517793657,11
2024-09-16 14:20:57.087000,414.5561611112408,995
2024-09-16 14:20:57.159000,414.5538712421547,997
2024-09-16 14:20:57.164000,414.52310172048254,8
2024-09-16 14:20:57.316000,414.567891886126,100
2024-09-16 14:20:57.317000,414.5506168415456,7
2024-09-16 14:20:57.339000,414.57536178641175,15
2024-09-16 14:20:57.379000,414.54506256418495,1004
2024-09-16 14:20:57.403000,414.5426800815781,1001
2024-09-16 14:20:57.472000,414.5464622611111,8
2024-09-16 14:20:57.533000,414.5602351452293,102
2024-09-16 14:20:57.570000,414.54577504643095,102
2024-09-16 14:20:57.601000,414.54644934225047,996
2024-09-16 14:20:57.636000,414.53969439290137,1005
2024-09-16 14:20:57.658000,414.5328938632858,1000
2024-09-16 14:20:57.753000,414.5498649421028,11
2024-09-16 14:20:57.775000,414.56849864648507,7
2024-09-16 14:20:57.793000,414.5517703213833,100
2024-09-16 14:20:57.825000,414.53277713364287,1004
2024-09-16 14:20:57.881000,414.54364863768114,98
2024-09-16 14:20:57.919000,414.53809073116753,100
2024-09-16 14:20:57.949000,414.55803084933285,998
2024-09-16 14:20:59.131000,414.5564361872336,12
2024-09-16 14:20:59.604000,414.5312900413328,14
2024-09-16 14:20:59.640000,414.5223423797807,8
2024-09-16 14:20:59.667000,414.5261323170181,1005
2024-09-16 14:20:59.748000,414.5393187782034,1002
