Timestamp,Price,Size
2024-09-18 09:37:00.002000,407.1979877011458,1004
2024-09-18 09:37:00.004000,407.2071287783683,5
2024-09-18 09:37:00.025000,407.2140121447402,14
2024-09-18 09:37:00.096000,407.2375679345034,996
2024-09-18 09:37:00.202000,407.2643919752274,10
2024-09-18 09:37:00.279000,407.2248847607596,995
2024-09-18 09:37:00.286000,407.2432269484975,7
2024-09-18 09:37:00.300000,407.2007696621193,1001
2024-09-18 09:37:00.352000,407.27562106940735,1001
2024-09-18 09:37:00.406000,407.2692824802284,8
2024-09-18 09:37:00.415000,407.2297445457973,1003
2024-09-18 09:37:00.450000,407.2646068015291,12
2024-09-18 09:37:00.463000,407.1968933481048,103
2024-09-18 09:37:00.552000,407.2755231735361,102
2024-09-18 09:37:00.561000,407.2149224671029,1001
2024-09-18 09:37:00.653000,407.2053075465104,996
2024-09-18 09:37:00.716000,407.2816315834854,997
2024-09-18 09:37:00.728000,407.2595785601519,1005
2024-09-18 09:37:00.736000,407.1956516216541,13
2024-09-18 09:37:00.738000,407.2559264910621,996
2024-09-18 09:37:00.812000,407.28071452844,1005
2024-09-18 09:37:00.917000,407.2439057807652,101
2024-09-18 09:37:00.966000,407.229333238426,1000
2024-09-18 09:37:01.028000,407.1413444504456,1002
2024-09-18 09:37:01.081000,407.1247964586533,105
2024-09-18 09:37:01.096000,407.1987047120626,996
2024-09-18 09:37:01.178000,407.1396438940012,7
2024-09-18 09:37:01.241000,407.1357082221807,10
2024-09-18 09:37:01.302000,407.1361295271685,7
2024-09-18 09:37:01.335000,407.19411679483545,9
2024-09-18 09:37:01.360000,407.1280778774987,6
2024-09-18 09:37:01.379000,407.1549022161279,14
2024-09-18 09:37:01.442000,407.1573687482448,95
2024-09-18 09:37:01.493000,407.1310696497061,96
2024-09-18 09:37:01.514000,407.1914386115859,1001
2024-09-18 09:37:01.618000,407.1911113176282,998
2024-09-18 09:37:01.625000,407.14082911365927,1000
2024-09-18 09:37:01.630000,407.1733910631815,97
2024-09-18 09:37:01.636000,407.1418942286687,7
2024-09-18 09:37:01.730000,407.1633469194076,1005
2024-09-18 09:37:01.749000,407.1718516099733,96
2024-09-18 09:37:01.792000,407.1191969974871,995
2024-09-18 09:37:01.795000,407.1260244483406,99
2024-09-18 09:37:01.797000,407.1846346499693,14
2024-09-18 09:37:01.798000,407.1525562783648,1005
2024-09-18 09:37:01.832000,407.1707233308802,104
2024-09-18 09:37:01.837000,407.170611386837,15
2024-09-18 09:37:01.856000,407.1910506497852,6
2024-09-18 09:37:01.887000,407.1761636681015,1003
2024-09-18 09:37:01.956000,407.188390379604,1000
2024-09-18 09:37:02.030000,407.1188582647396,1000
2024-09-18 09:37:02.036000,407.1163218367112,10
2024-09-18 09:37:02.146000,407.1162178845904,1005
2024-09-18 09:37:02.266000,407.1221557492015,1000
2024-09-18 09:37:02.315000,407.1135035205363,995
2024-09-18 09:37:02.317000,407.1543634877176,96
2024-09-18 09:37:02.352000,407.1751743094881,105
2024-09-18 09:37:02.388000,407.1009537786238,999
2024-09-18 09:37:02.415000,407.1060412113412,97
2024-09-18 09:37:02.420000,407.17246814789553,1000
2024-09-18 09:37:02.458000,407.1096549666368,9
2024-09-18 09:37:02.479000,407.12418078337663,14
2024-09-18 09:37:02.503000,407.1557399268714,9
2024-09-18 09:37:02.518000,407.1588330230391,15
2024-09-18 09:37:02.528000,407.1300112029979,998
2024-09-18 09:37:02.542000,407.1327047600341,13
2024-09-18 09:37:02.579000,407.1411834441526,1002
2024-09-18 09:37:02.623000,407.1002074779936,99
2024-09-18 09:37:02.726000,407.1413209782093,5
2024-09-18 09:37:02.731000,407.0962560861121,1001
2024-09-18 09:37:02.734000,407.1432854386432,998
2024-09-18 09:37:02.737000,407.1183766310136,995
2024-09-18 09:37:02.853000,407.1221509802449,100
2024-09-18 09:37:02.870000,407.127356944391,1002
2024-09-18 09:37:02.913000,407.0965041782164,105
2024-09-18 09:37:02.939000,407.1241321839642,8
2024-09-18 09:37:02.971000,407.0903004055683,1002
2024-09-18 09:37:03.017000,407.1655260463326,105
2024-09-18 09:37:03.103000,407.1533077948548,103
2024-09-18 09:37:03.192000,407.1759318064555,95
2024-09-18 09:37:03.305000,407.1717181629897,1001
2024-09-18 09:37:03.395000,407.16824926315576,1002
2024-09-18 09:37:03.409000,407.1512415579239,995
2024-09-18 09:37:03.511000,407.1682616067197,1001
2024-09-18 09:37:03.643000,407.17266292876747,101
2024-09-18 09:37:03.674000,407.18163676595685,102
2024-09-18 09:37:03.706000,407.1735254067679,998
2024-09-18 09:37:03.742000,407.15308204530567,105
2024-09-18 09:37:03.967000,407.15772638792447,995
2024-09-18 09:37:04.009000,407.12451722811545,997
2024-09-18 09:37:04.043000,407.128456194706,96
2024-09-18 09:37:04.499000,407.1446909841901,1005
2024-09-18 09:37:04.503000,407.11209606754994,11
2024-09-18 09:37:04.543000,407.1129295665613,12
2024-09-18 09:37:04.846000,407.1214337175287,99
2024-09-18 09:37:05.105000,407.1103081712674,103
2024-09-18 09:37:05.202000,407.1193491104162,12
2024-09-18 09:37:05.394000,407.1338055665552,105
2024-09-18 09:37:05.413000,407.1454040822264,14
2024-09-18 09:37:05.435000,407.1391624378892,96
2024-09-18 09:37:05.447000,407.1184460464869,1001
2024-09-18 09:37:05.537000,407.1466906460584,1002
2024-09-18 09:37:05.584000,407.1580724049207,100
2024-09-18 09:37:05.645000,407.13962853026936,102
2024-09-18 09:37:05.876000,407.15011272862336,1005
2024-09-18 09:37:05.941000,407.13109738323146,997
2024-09-18 09:37:06.014000,407.1170237265442,103
2024-09-18 09:37:06.151000,407.12063542759614,9
2024-09-18 09:37:06.151000,407.1019994150449,996
2024-09-18 09:37:06.278000,407.1179475096978,11
2024-09-18 09:37:06.333000,407.1105616703012,998
2024-09-18 09:37:06.354000,407.10962955526696,98
2024-09-18 09:37:06.358000,407.0972783641162,103
2024-09-18 09:37:06.372000,407.1132747820005,14
2024-09-18 09:37:06.445000,407.1151404015381,13
2024-09-18 09:37:06.556000,407.1105866376792,13
2024-09-18 09:37:06.564000,407.1132526826804,997
2024-09-18 09:37:06.588000,407.1152648228987,10
2024-09-18 09:37:06.714000,407.1342214531135,102
2024-09-18 09:37:06.728000,407.0997801148465,1003
2024-09-18 09:37:06.775000,407.125558597255,104
2024-09-18 09:37:06.780000,407.1108467489455,99
2024-09-18 09:37:06.868000,407.1251977539281,1005
2024-09-18 09:37:06.894000,407.1085233320672,100
2024-09-18 09:37:06.919000,407.12707884318513,995
2024-09-18 09:37:06.941000,407.1243743831001,99
2024-09-18 09:37:06.982000,407.1147757326364,1002
2024-09-18 09:37:07.058000,407.0895590400607,101
2024-09-18 09:37:07.071000,407.09192841973686,96
2024-09-18 09:37:07.271000,407.0879599186978,100
2024-09-18 09:37:07.347000,407.1173882789685,6
2024-09-18 09:37:07.456000,407.08691973819305,10
2024-09-18 09:37:07.555000,407.1134724396744,9
2024-09-18 09:37:07.577000,407.0923871862949,6
2024-09-18 09:37:07.673000,407.0983480947402,104
2024-09-18 09:37:07.697000,407.1097528547122,998
2024-09-18 09:37:07.701000,407.0861277755435,1001
2024-09-18 09:37:07.741000,407.0930671891368,11
2024-09-18 09:37:07.794000,407.0897421670058,1002
2024-09-18 09:37:07.984000,407.11816123113147,97
2024-09-18 09:37:08.018000,407.1072679772802,996
2024-09-18 09:37:08.032000,407.1013128848423,102
2024-09-18 09:37:08.138000,407.09972959682585,10
2024-09-18 09:37:08.155000,407.12701143978654,1005
2024-09-18 09:37:08.219000,407.0834153048496,995
2024-09-18 09:37:08.220000,407.1029309126131,103
2024-09-18 09:37:08.324000,407.09696496445287,97
2024-09-18 09:37:08.365000,407.09196444324334,1000
2024-09-18 09:37:08.410000,407.104972492161,996
2024-09-18 09:37:08.432000,407.0535327981352,12
2024-09-18 09:37:08.453000,407.1110738655766,13
2024-09-18 09:37:08.501000,407.07326809599897,1003
2024-09-18 09:37:08.594000,407.1207423029993,14
2024-09-18 09:37:08.611000,407.1110206280167,105
2024-09-18 09:37:08.640000,407.050714061148,14
2024-09-18 09:37:08.702000,407.087135285377,996
2024-09-18 09:37:08.713000,407.09478758027126,105
2024-09-18 09:37:08.716000,407.10631029371774,1001
2024-09-18 09:37:08.729000,407.1082108823599,96
2024-09-18 09:37:08.762000,407.0920486292197,95
2024-09-18 09:37:08.833000,407.11351515593793,102
2024-09-18 09:37:08.859000,407.07400458214784,13
2024-09-18 09:37:08.908000,407.095226994956,8
2024-09-18 09:37:08.978000,407.1238966141757,997
2024-09-18 09:37:09.162000,407.0477498083973,6
2024-09-18 09:37:09.163000,407.0355820191103,6
2024-09-18 09:37:09.233000,407.0914144044145,10
2024-09-18 09:37:09.314000,407.1036593261255,1000
2024-09-18 09:37:09.457000,407.077352281069,97
2024-09-18 09:37:09.472000,407.0428931472754,1005
2024-09-18 09:37:09.524000,407.0849526124308,1000
2024-09-18 09:37:09.719000,407.1004173456192,997
2024-09-18 09:37:09.973000,407.0567741963113,995
2024-09-18 09:37:10.086000,407.1206015542662,103
2024-09-18 09:37:10.449000,407.08205093413335,14
2024-09-18 09:37:10.638000,407.0862324364844,995
2024-09-18 09:37:10.672000,407.0869558296875,10
2024-09-18 09:37:10.781000,407.0893920086082,102
2024-09-18 09:37:10.819000,407.0618397923184,5
2024-09-18 09:37:10.976000,407.0893172221614,996
2024-09-18 09:37:11.005000,407.09861335023487,102
2024-09-18 09:37:11.143000,407.08472284006666,1005
2024-09-18 09:37:11.153000,407.0852871516664,1005
2024-09-18 09:37:11.157000,407.0722108628755,995
2024-09-18 09:37:11.166000,407.09615949822046,13
2024-09-18 09:37:11.263000,407.1081006378665,1001
2024-09-18 09:37:11.313000,407.1051502994554,999
2024-09-18 09:37:11.334000,407.0898185234495,997
2024-09-18 09:37:11.424000,407.1043155259145,100
2024-09-18 09:37:11.563000,407.10303114350535,1000
2024-09-18 09:37:11.660000,407.0776931393766,103
2024-09-18 09:37:12.048000,407.0209014829754,1004
2024-09-18 09:37:12.087000,407.0850680915239,100
2024-09-18 09:37:12.238000,407.1017731391352,11
2024-09-18 09:37:12.255000,407.1140874680888,5
2024-09-18 09:37:12.329000,407.09414321734766,1002
2024-09-18 09:37:12.332000,407.08541381496497,8
2024-09-18 09:37:12.398000,407.0921770732512,1003
2024-09-18 09:37:12.421000,407.0871466305372,104
2024-09-18 09:37:12.487000,407.1033897000885,999
2024-09-18 09:37:12.489000,407.1063173111279,5
2024-09-18 09:37:12.490000,407.1012031363008,995
2024-09-18 09:37:12.521000,407.06254297614646,98
2024-09-18 09:37:12.557000,407.09985166668827,104
2024-09-18 09:37:12.617000,407.0402531491155,99
2024-09-18 09:37:12.619000,407.0974413242543,997
2024-09-18 09:37:12.658000,407.0623731302077,14
2024-09-18 09:37:12.715000,407.092546352213,1002
2024-09-18 09:37:12.747000,407.0942506409519,101
2024-09-18 09:37:12.799000,407.0898534726323,1005
2024-09-18 09:37:12.829000,407.0698279691001,995
2024-09-18 09:37:12.863000,407.0471675061686,11
2024-09-18 09:37:12.883000,407.06771645164446,12
2024-09-18 09:37:12.899000,407.07462679566254,96
2024-09-18 09:37:13.124000,407.0230023590328,995
2024-09-18 09:37:13.959000,407.0002883776396,995
2024-09-18 09:37:14.015000,406.98923665001234,98
2024-09-18 09:37:14.091000,407.0049789911744,11
2024-09-18 09:37:14.160000,407.0384807783947,103
2024-09-18 09:37:14.241000,407.0046864830531,95
2024-09-18 09:37:14.260000,407.0076254066683,999
2024-09-18 09:37:14.271000,407.00345883019935,101
2024-09-18 09:37:14.302000,406.9907509195099,96
2024-09-18 09:37:14.376000,406.9946987830823,8
2024-09-18 09:37:14.429000,407.02147190709377,105
2024-09-18 09:37:14.436000,406.98122980376144,998
2024-09-18 09:37:14.462000,407.0174491667933,1003
2024-09-18 09:37:14.525000,406.995089552954,96
2024-09-18 09:37:14.540000,406.9888275995879,1001
2024-09-18 09:37:14.583000,407.0111689230378,6
2024-09-18 09:37:14.599000,406.9733449896024,10
2024-09-18 09:37:14.635000,407.03182786755934,103
2024-09-18 09:37:14.649000,407.0029450656067,1005
2024-09-18 09:37:14.697000,406.9697395091197,997
2024-09-18 09:37:14.731000,406.98615695218353,6
2024-09-18 09:37:14.791000,407.0011704778488,997
2024-09-18 09:37:14.813000,406.98039729409936,13
2024-09-18 09:37:14.871000,406.986645674533,999
2024-09-18 09:37:14.874000,406.9773004146779,96
2024-09-18 09:37:14.937000,406.9988387876775,97
2024-09-18 09:37:14.975000,406.9993737003768,9
2024-09-18 09:37:14.994000,406.9981319807098,6
2024-09-18 09:37:15.276000,407.0258404785976,1000
2024-09-18 09:37:15.386000,407.0011038491078,1002
2024-09-18 09:37:15.407000,407.0370748642728,97
2024-09-18 09:37:15.573000,407.0335089315143,98
2024-09-18 09:37:15.616000,407.0397343781145,14
2024-09-18 09:37:15.677000,407.0436871111563,7
2024-09-18 09:37:15.683000,406.9643996468328,12
2024-09-18 09:37:15.914000,406.9833961348131,11
2024-09-18 09:37:15.929000,406.9636656774107,995
2024-09-18 09:37:15.939000,406.9821903385146,10
2024-09-18 09:37:15.959000,407.0069470997895,1000
2024-09-18 09:37:16.175000,406.9563357189653,105
2024-09-18 09:37:16.289000,406.9776172095208,1003
2024-09-18 09:37:16.375000,406.9584979037208,98
2024-09-18 09:37:16.395000,406.9903410114204,8
2024-09-18 09:37:16.623000,406.9766685381141,102
2024-09-18 09:37:17.059000,406.9178719048178,11
2024-09-18 09:37:17.116000,406.9730388316205,5
2024-09-18 09:37:17.262000,406.96830634719055,1004
2024-09-18 09:37:17.265000,406.962461540523,11
2024-09-18 09:37:17.311000,407.0033624257195,14
2024-09-18 09:37:17.360000,406.9151687942653,999
2024-09-18 09:37:17.375000,406.91965553599806,998
2024-09-18 09:37:17.426000,406.9839352073028,1002
2024-09-18 09:37:17.429000,406.935467921406,1002
2024-09-18 09:37:17.475000,406.9558687205133,1000
2024-09-18 09:37:17.529000,406.91258779998407,1001
2024-09-18 09:37:17.536000,406.9665115044583,1000
2024-09-18 09:37:17.600000,406.9716497834499,104
2024-09-18 09:37:17.650000,406.95539735096327,96
2024-09-18 09:37:17.668000,406.9919823496392,12
2024-09-18 09:37:17.704000,406.9325240497007,98
2024-09-18 09:37:17.715000,406.91459755423193,1000
2024-09-18 09:37:17.767000,406.9377633079246,100
2024-09-18 09:37:17.787000,406.9801811545871,999
2024-09-18 09:37:17.812000,406.9777805930572,14
2024-09-18 09:37:17.812000,406.9609740405704,102
2024-09-18 09:37:17.905000,406.9906556350727,14
2024-09-18 09:37:17.914000,406.9602305499404,998
2024-09-18 09:37:17.929000,406.9101919594818,1002
2024-09-18 09:37:17.941000,406.9085299733078,1003
2024-09-18 09:37:17.987000,406.9117695234952,5
2024-09-18 09:37:18.383000,407.0028351631013,1002
2024-09-18 09:37:18.685000,407.00821735201487,997
2024-09-18 09:37:18.690000,407.01518968036055,100
2024-09-18 09:37:18.757000,407.0225648878317,1003
2024-09-18 09:37:18.830000,407.0165743989204,104
2024-09-18 09:37:19.025000,406.98210210362726,103
2024-09-18 09:37:19.063000,406.992300041452,13
2024-09-18 09:37:19.127000,406.9542511921151,1002
2024-09-18 09:37:19.187000,406.9588143764788,6
2024-09-18 09:37:19.197000,406.9454696928622,997
2024-09-18 09:37:19.201000,406.9509357239919,5
2024-09-18 09:37:19.204000,407.0206016249013,15
2024-09-18 09:37:19.309000,406.932796203399,100
2024-09-18 09:37:19.419000,406.9436557847769,998
2024-09-18 09:37:19.439000,406.9268276287804,1003
2024-09-18 09:37:19.468000,406.920187017225,11
2024-09-18 09:37:19.471000,407.0043469773853,5
2024-09-18 09:37:19.481000,406.97601675628334,98
2024-09-18 09:37:19.645000,407.00187667708167,10
2024-09-18 09:37:19.649000,406.96113611128703,998
2024-09-18 09:37:19.651000,406.95900385247626,96
2024-09-18 09:37:19.711000,406.98649138346,999
2024-09-18 09:37:19.717000,407.0066148718199,6
2024-09-18 09:37:19.748000,406.9433070691351,101
2024-09-18 09:37:19.834000,407.0012349221645,996
2024-09-18 09:37:20.058000,406.9472886031991,102
2024-09-18 09:37:20.120000,406.9036603497439,1005
2024-09-18 09:37:20.156000,406.90054242963686,10
2024-09-18 09:37:20.231000,406.9137123280146,5
2024-09-18 09:37:20.330000,406.89712069175465,5
2024-09-18 09:37:20.379000,406.89906133154096,995
2024-09-18 09:37:20.462000,406.90431283578783,10
2024-09-18 09:37:20.561000,406.933336189888,105
2024-09-18 09:37:20.616000,406.9112821790136,995
2024-09-18 09:37:20.638000,406.9259294503088,10
2024-09-18 09:37:20.684000,406.9103807361631,998
2024-09-18 09:37:20.693000,406.9370024855087,7
2024-09-18 09:37:20.734000,406.8977560082288,105
2024-09-18 09:37:20.773000,406.91721438779496,8
2024-09-18 09:37:20.844000,406.92425935798,101
2024-09-18 09:37:20.876000,406.93079655692696,996
2024-09-18 09:37:20.949000,406.9166975048648,105
2024-09-18 09:37:20.950000,406.9103409344038,1000
2024-09-18 09:37:21.083000,406.944471033989,96
2024-09-18 09:37:21.112000,406.8294166634629,998
2024-09-18 09:37:21.136000,406.8072605875631,104
2024-09-18 09:37:21.158000,406.8142953044079,96
2024-09-18 09:37:21.196000,406.8409589393629,15
2024-09-18 09:37:21.219000,406.92495595667526,1005
2024-09-18 09:37:21.301000,406.9653917951939,8
2024-09-18 09:37:21.316000,406.81786596895176,11
2024-09-18 09:37:21.422000,406.9170556417136,997
2024-09-18 09:37:21.441000,406.794416224088,103
2024-09-18 09:37:21.519000,406.8056447011856,1003
2024-09-18 09:37:21.535000,406.96945209927406,11
2024-09-18 09:37:21.540000,406.9352863909094,10
2024-09-18 09:37:21.607000,406.8042988147346,996
2024-09-18 09:37:21.654000,406.8048005540175,11
2024-09-18 09:37:21.680000,406.9574714837984,12
2024-09-18 09:37:21.683000,406.825072754969,8
2024-09-18 09:37:21.776000,406.790232675489,96
2024-09-18 09:37:21.798000,406.8488477997579,1005
2024-09-18 09:37:21.831000,406.8427844948495,997
2024-09-18 09:37:21.847000,406.8804683922483,100
2024-09-18 09:37:21.862000,406.8107728382705,96
2024-09-18 09:37:21.916000,406.95655295786855,9
2024-09-18 09:37:21.929000,406.8545909416624,6
2024-09-18 09:37:22.246000,406.7999428580452,5
2024-09-18 09:37:22.447000,406.8401727594719,101
2024-09-18 09:37:22.572000,406.81220784277247,97
2024-09-18 09:37:22.663000,406.8175217755444,104
2024-09-18 09:37:22.797000,406.8289351303891,1005
2024-09-18 09:37:22.803000,406.8134309313893,1000
2024-09-18 09:37:23.210000,406.8495010357976,105
2024-09-18 09:37:23.482000,406.8346910497299,14
2024-09-18 09:37:23.936000,406.84325198017706,998
2024-09-18 09:37:24.030000,406.7943852181828,995
2024-09-18 09:37:24.060000,406.8434629756578,1005
2024-09-18 09:37:24.074000,406.8078850971218,999
2024-09-18 09:37:24.079000,406.80706895711256,9
2024-09-18 09:37:24.110000,406.7812303306018,10
2024-09-18 09:37:24.144000,406.8229288796834,101
2024-09-18 09:37:24.150000,406.8086866735177,9
2024-09-18 09:37:24.187000,406.8379814534869,9
2024-09-18 09:37:24.189000,406.8611758300622,998
2024-09-18 09:37:24.271000,406.8474415593754,14
2024-09-18 09:37:24.294000,406.802828771081,10
2024-09-18 09:37:24.347000,406.7965461788158,1001
2024-09-18 09:37:24.373000,406.7813334587074,99
2024-09-18 09:37:24.379000,406.8192070198989,96
2024-09-18 09:37:24.529000,406.8288202911658,999
2024-09-18 09:37:24.616000,406.789945868732,95
2024-09-18 09:37:24.638000,406.8495276734343,14
2024-09-18 09:37:24.687000,406.7890112153822,98
2024-09-18 09:37:24.851000,406.810843159833,995
2024-09-18 09:37:24.881000,406.7901610872952,1005
2024-09-18 09:37:24.929000,406.8379578850751,6
2024-09-18 09:37:25.090000,406.8625836118047,995
2024-09-18 09:37:25.310000,406.8626508060164,1000
2024-09-18 09:37:25.650000,406.8779682637904,100
2024-09-18 09:37:25.963000,406.8769128751035,101
2024-09-18 09:37:27.032000,406.81433555616667,997
2024-09-18 09:37:27.034000,406.8433323205368,1000
2024-09-18 09:37:27.199000,406.82594368106834,995
2024-09-18 09:37:27.418000,406.84814656243225,13
2024-09-18 09:37:27.431000,406.7771446869179,11
2024-09-18 09:37:27.453000,406.7868653106575,98
2024-09-18 09:37:27.459000,406.81429064668566,95
2024-09-18 09:37:27.460000,406.8606177802273,102
2024-09-18 09:37:27.508000,406.8543552395219,6
2024-09-18 09:37:27.544000,406.8038468107839,95
2024-09-18 09:37:27.561000,406.8478047361069,15
2024-09-18 09:37:27.568000,406.79038134543646,99
2024-09-18 09:37:27.602000,406.8133889338142,14
2024-09-18 09:37:27.731000,406.86552082851085,11
2024-09-18 09:37:27.894000,406.8183011491852,96
2024-09-18 09:37:27.967000,406.8359580006704,1002
2024-09-18 09:37:28.060000,406.7717731192951,1005
2024-09-18 09:37:28.081000,406.7974098271467,96
2024-09-18 09:37:28.219000,406.76440175346687,13
2024-09-18 09:37:28.281000,406.75594705261847,998
2024-09-18 09:37:28.289000,406.8182275628986,8
2024-09-18 09:37:28.372000,406.7662500474836,105
2024-09-18 09:37:28.400000,406.7897766845573,96
2024-09-18 09:37:28.453000,406.7898468849973,6
2024-09-18 09:37:28.514000,406.8262582929293,8
2024-09-18 09:37:28.566000,406.8042154966003,995
2024-09-18 09:37:28.731000,406.7909973660141,97
2024-09-18 09:37:28.736000,406.7765693036734,12
2024-09-18 09:37:28.802000,406.8230627568239,5
2024-09-18 09:37:28.871000,406.7888619702344,9
2024-09-18 09:37:28.965000,406.78107426120977,96
2024-09-18 09:37:28.995000,406.7521757028678,103
2024-09-18 09:37:29.044000,406.8147386405639,1001
2024-09-18 09:37:29.062000,406.8131738243213,102
2024-09-18 09:37:29.370000,406.8198917509257,105
2024-09-18 09:37:29.434000,406.8324517367881,6
2024-09-18 09:37:29.478000,406.83087839278255,15
2024-09-18 09:37:29.625000,406.8406766344602,14
2024-09-18 09:37:29.794000,406.8416200583101,1001
2024-09-18 09:37:29.960000,406.8225031078702,13
2024-09-18 09:37:30.363000,406.8684484797332,101
2024-09-18 09:37:30.374000,406.836656378109,995
2024-09-18 09:37:30.522000,406.8655284392744,95
2024-09-18 09:37:30.656000,406.8791499761738,99
2024-09-18 09:37:30.712000,406.8323315675047,13
2024-09-18 09:37:30.787000,406.8139793935191,999
2024-09-18 09:37:30.887000,406.8728699676713,102
2024-09-18 09:37:31.201000,406.89492879267374,11
2024-09-18 09:37:31.322000,406.9049416153368,12
2024-09-18 09:37:31.370000,406.89353369400345,11
2024-09-18 09:37:31.390000,406.8889869165389,7
2024-09-18 09:37:31.400000,406.8886118473747,95
2024-09-18 09:37:31.418000,406.8959949311305,103
2024-09-18 09:37:31.456000,406.9214470558831,13
2024-09-18 09:37:31.521000,406.9015945131197,103
2024-09-18 09:37:31.605000,406.90369270163086,996
2024-09-18 09:37:31.647000,406.9068493889824,95
2024-09-18 09:37:31.766000,406.905258024101,96
2024-09-18 09:37:31.817000,406.89218237913127,1004
2024-09-18 09:37:31.855000,406.8815248445052,11
2024-09-18 09:37:31.886000,406.89286553295534,98
2024-09-18 09:37:31.938000,406.88936149646577,100
2024-09-18 09:37:31.945000,406.90954915649,11
2024-09-18 09:37:31.968000,406.90076356106607,96
2024-09-18 09:37:32.001000,406.8702747013284,96
2024-09-18 09:37:32.038000,406.8793428753242,996
2024-09-18 09:37:32.072000,406.8764260445735,997
2024-09-18 09:37:32.079000,406.8607992173554,998
2024-09-18 09:37:32.200000,406.8787845206141,104
2024-09-18 09:37:32.221000,406.89248085384537,98
2024-09-18 09:37:32.225000,406.8855693278311,102
2024-09-18 09:37:32.229000,406.8778237005784,102
2024-09-18 09:37:32.318000,406.8774847864977,995
2024-09-18 09:37:32.365000,406.85349465900094,10
2024-09-18 09:37:32.368000,406.8947901172184,1005
2024-09-18 09:37:32.431000,406.8816446505729,5
2024-09-18 09:37:32.580000,406.89397757650863,13
2024-09-18 09:37:32.634000,406.8878862566841,103
2024-09-18 09:37:32.643000,406.9019720366045,1003
2024-09-18 09:37:32.678000,406.8825347494109,99
2024-09-18 09:37:32.683000,406.8838517504457,105
2024-09-18 09:37:32.713000,406.88707844253935,995
2024-09-18 09:37:32.724000,406.8764828274122,105
2024-09-18 09:37:32.765000,406.8784483819552,5
2024-09-18 09:37:32.768000,406.8893499286416,1000
2024-09-18 09:37:32.974000,406.88528071934985,12
2024-09-18 09:37:32.995000,406.879701115922,1003
2024-09-18 09:37:33.001000,406.8906794507941,13
2024-09-18 09:37:33.078000,406.8877319945863,1005
2024-09-18 09:37:33.211000,406.9158265649711,999
2024-09-18 09:37:33.258000,406.89483381433,11
2024-09-18 09:37:33.400000,406.9014127409753,7
2024-09-18 09:37:33.423000,406.88192568096,1001
2024-09-18 09:37:33.631000,406.9121367968981,13
2024-09-18 09:37:33.875000,406.9042876399702,12
2024-09-18 09:37:33.970000,406.9001916729501,1001
2024-09-18 09:37:34.073000,406.9189444458863,6
2024-09-18 09:37:34.114000,406.884399204604,999
2024-09-18 09:37:34.224000,406.8818911350759,1003
2024-09-18 09:37:34.338000,406.8798173974463,14
2024-09-18 09:37:34.385000,406.8896826109776,104
2024-09-18 09:37:34.420000,406.9252927256383,995
2024-09-18 09:37:34.458000,406.931786135106,998
2024-09-18 09:37:34.503000,406.9125800482156,97
2024-09-18 09:37:34.547000,406.8941696847419,13
2024-09-18 09:37:34.568000,406.9177890197576,10
2024-09-18 09:37:34.607000,406.9304672714556,996
2024-09-18 09:37:34.742000,406.8906830110139,1000
2024-09-18 09:37:34.777000,406.9237234104674,1001
2024-09-18 09:37:34.806000,406.913655379966,10
2024-09-18 09:37:34.810000,406.92352474306455,1001
2024-09-18 09:37:34.819000,406.90792278745306,14
2024-09-18 09:37:34.928000,406.9177286998987,9
2024-09-18 09:37:34.946000,406.9068308197152,1001
2024-09-18 09:37:34.978000,406.91295695863926,99
2024-09-18 09:37:35.027000,406.9643060763847,101
2024-09-18 09:37:35.089000,406.99894758744085,11
2024-09-18 09:37:35.128000,406.9749025412101,995
2024-09-18 09:37:35.138000,406.9860973418557,7
2024-09-18 09:37:35.240000,406.9194118248795,104
2024-09-18 09:37:35.312000,407.0193109970504,99
2024-09-18 09:37:35.358000,406.9880775108805,997
2024-09-18 09:37:35.400000,406.9782447713861,1005
2024-09-18 09:37:35.523000,406.9874951975486,102
2024-09-18 09:37:35.547000,406.8899182070506,14
2024-09-18 09:37:35.558000,406.9805738824567,13
2024-09-18 09:37:35.560000,406.9739451575567,100
2024-09-18 09:37:35.600000,406.9276354422165,103
2024-09-18 09:37:35.744000,406.9040953592806,13
2024-09-18 09:37:35.934000,406.9738977201879,1001
2024-09-18 09:37:35.944000,406.97940039859645,103
2024-09-18 09:37:36.085000,407.0261432150025,99
2024-09-18 09:37:36.136000,407.0142452863975,101
2024-09-18 09:37:36.329000,407.0480269212512,102
2024-09-18 09:37:36.464000,407.0343275642361,1004
2024-09-18 09:37:36.501000,407.049376809861,102
2024-09-18 09:37:36.514000,407.04908799441495,98
2024-09-18 09:37:36.543000,407.0197671731905,9
2024-09-18 09:37:36.560000,407.041474708672,99
2024-09-18 09:37:36.806000,407.0409293419814,14
2024-09-18 09:37:36.874000,407.0479618975737,6
2024-09-18 09:37:36.919000,407.0485009787954,10
2024-09-18 09:37:37.121000,407.0315268153701,1003
2024-09-18 09:37:37.145000,407.0335827884688,103
2024-09-18 09:37:37.151000,407.03435046473993,1002
2024-09-18 09:37:37.153000,407.04759455298455,105
2024-09-18 09:37:37.190000,407.0472588999259,995
2024-09-18 09:37:37.208000,407.0388410263784,12
2024-09-18 09:37:37.209000,407.02872509747465,11
2024-09-18 09:37:37.226000,407.0606891154199,15
2024-09-18 09:37:37.306000,407.03926793303145,5
2024-09-18 09:37:37.318000,407.0482145235094,1002
2024-09-18 09:37:37.347000,407.03077336441993,101
2024-09-18 09:37:37.349000,407.0314217292838,9
2024-09-18 09:37:37.396000,407.0234120251367,102
2024-09-18 09:37:37.412000,407.0512142114172,999
2024-09-18 09:37:37.451000,407.04947498514224,6
2024-09-18 09:37:37.452000,407.0177424417973,5
2024-09-18 09:37:37.545000,407.023131071444,1001
2024-09-18 09:37:37.575000,407.04596136613776,999
2024-09-18 09:37:37.650000,407.0349807446507,998
2024-09-18 09:37:37.694000,407.01569601717415,101
2024-09-18 09:37:37.728000,407.0427497447955,12
2024-09-18 09:37:37.737000,407.0266239655238,997
2024-09-18 09:37:37.753000,407.04424313528057,95
2024-09-18 09:37:37.802000,407.0361839071216,995
2024-09-18 09:37:37.844000,407.0280033864477,99
2024-09-18 09:37:37.861000,407.0212084043222,98
2024-09-18 09:37:37.970000,407.0297724457074,14
2024-09-18 09:37:38.151000,407.0158030887944,1003
2024-09-18 09:37:38.532000,407.0240521658824,14
2024-09-18 09:37:39.080000,406.9735273169399,98
2024-09-18 09:37:39.215000,406.9916917928321,96
2024-09-18 09:37:39.229000,407.0520631746922,995
2024-09-18 09:37:39.304000,407.018103404331,101
2024-09-18 09:37:39.308000,406.9863348970384,1005
2024-09-18 09:37:39.312000,406.97320758714494,103
2024-09-18 09:37:39.351000,407.030299250264,7
2024-09-18 09:37:39.437000,406.982901043852,7
2024-09-18 09:37:39.449000,406.9922815565011,97
2024-09-18 09:37:39.463000,407.00321393796287,100
2024-09-18 09:37:39.513000,406.9949517095169,105
2024-09-18 09:37:39.514000,406.9953054746734,15
2024-09-18 09:37:39.656000,407.0104195053146,999
2024-09-18 09:37:39.687000,407.0101059265935,95
2024-09-18 09:37:39.710000,407.0179272251341,996
2024-09-18 09:37:39.758000,407.019329354245,6
2024-09-18 09:37:39.762000,407.0260188882722,105
2024-09-18 09:37:39.809000,406.9981416329691,99
2024-09-18 09:37:39.884000,406.9947129827388,998
2024-09-18 09:37:39.927000,406.99015724480006,10
2024-09-18 09:37:39.978000,407.0063418374182,5
2024-09-18 09:37:40.015000,406.9480961314232,1000
2024-09-18 09:37:40.133000,406.99792350495903,10
2024-09-18 09:37:40.168000,406.94970473518026,1001
2024-09-18 09:37:40.239000,406.9501403946955,1001
2024-09-18 09:37:40.312000,406.99035540020685,1005
2024-09-18 09:37:40.386000,407.0150575617611,95
2024-09-18 09:37:40.388000,406.9917778639435,14
2024-09-18 09:37:40.390000,406.94216312862153,1005
2024-09-18 09:37:40.449000,406.9959098033797,10
2024-09-18 09:37:40.460000,406.9843871816705,100
2024-09-18 09:37:40.549000,407.0228371416764,998
2024-09-18 09:37:40.567000,406.9900072507788,1004
2024-09-18 09:37:40.629000,406.9926714308598,6
2024-09-18 09:37:40.644000,407.0294930468612,1003
2024-09-18 09:37:40.689000,406.9221010710487,8
2024-09-18 09:37:40.758000,407.02020560100976,11
2024-09-18 09:37:40.814000,406.9694008609204,1003
2024-09-18 09:37:40.830000,406.93151551489103,995
2024-09-18 09:37:40.844000,406.9791119719517,1003
2024-09-18 09:37:40.850000,406.9837267424999,997
2024-09-18 09:37:40.854000,407.0222320069459,95
2024-09-18 09:37:40.863000,407.0193063021098,1003
2024-09-18 09:37:40.935000,406.9477774256072,5
2024-09-18 09:37:40.939000,406.9763871540959,6
2024-09-18 09:37:40.967000,406.99004837217336,999
2024-09-18 09:37:41.001000,406.9533645242725,103
2024-09-18 09:37:41.029000,406.9556692702528,9
2024-09-18 09:37:41.120000,406.9337177435316,1005
2024-09-18 09:37:41.170000,406.996428274229,999
2024-09-18 09:37:41.331000,406.9851374112434,9
2024-09-18 09:37:41.334000,406.9602449926499,9
2024-09-18 09:37:41.474000,406.9792693195752,996
2024-09-18 09:37:41.485000,406.9594277501576,104
2024-09-18 09:37:41.495000,406.9524678787837,99
2024-09-18 09:37:41.555000,406.97173996227286,102
2024-09-18 09:37:41.646000,406.95000309358335,6
2024-09-18 09:37:41.721000,406.9468187848543,8
2024-09-18 09:37:41.853000,406.9987275738436,103
2024-09-18 09:37:41.908000,406.970010428867,999
2024-09-18 09:37:41.908000,406.9775370746419,9
2024-09-18 09:37:41.963000,406.979572370736,5
2024-09-18 09:37:42.012000,407.0236635175124,97
2024-09-18 09:37:42.036000,406.9952190357613,1001
2024-09-18 09:37:42.058000,407.0378238431081,996
2024-09-18 09:37:42.069000,407.0402349993613,102
2024-09-18 09:37:42.080000,407.0298274775474,96
2024-09-18 09:37:42.120000,407.027297288209,998
2024-09-18 09:37:42.211000,407.0300932895741,102
2024-09-18 09:37:42.238000,406.99712788630177,8
2024-09-18 09:37:42.308000,407.0216496316393,100
2024-09-18 09:37:42.311000,407.0155119068445,5
2024-09-18 09:37:42.312000,407.0220017229954,1001
2024-09-18 09:37:42.469000,407.0127737225546,1001
2024-09-18 09:37:42.551000,407.01856513642815,13
2024-09-18 09:37:42.617000,407.0160690348405,1001
2024-09-18 09:37:42.666000,407.02298580696726,100
2024-09-18 09:37:42.947000,407.0376305887575,1000
2024-09-18 09:37:42.954000,406.99926153491,105
2024-09-18 09:37:43.045000,407.0733684371712,6
2024-09-18 09:37:43.106000,407.0577384402428,14
2024-09-18 09:37:43.202000,407.05211316649473,8
2024-09-18 09:37:43.248000,407.0647523104814,7
2024-09-18 09:37:43.287000,407.04016183115385,1004
2024-09-18 09:37:43.339000,407.06672224103033,999
2024-09-18 09:37:43.358000,407.0417510714789,97
2024-09-18 09:37:43.422000,407.06373673784014,99
2024-09-18 09:37:43.466000,407.0844157392175,97
2024-09-18 09:37:43.476000,407.0679463725836,996
2024-09-18 09:37:43.479000,407.0257737663282,96
2024-09-18 09:37:43.487000,407.0531638811058,6
2024-09-18 09:37:43.559000,407.1124461276662,15
2024-09-18 09:37:43.640000,407.0490162558484,7
2024-09-18 09:37:43.667000,407.03108683523567,100
2024-09-18 09:37:43.673000,407.02519621323694,999
2024-09-18 09:37:43.723000,407.0944540030183,96
2024-09-18 09:37:43.771000,407.06184013268097,15
2024-09-18 09:37:43.846000,407.039752767262,1001
2024-09-18 09:37:43.861000,407.1018821499149,7
2024-09-18 09:37:44.055000,407.1000697004469,11
2024-09-18 09:37:44.116000,407.08733253581534,14
2024-09-18 09:37:44.296000,407.08604894351424,999
2024-09-18 09:37:44.317000,407.094271425517,105
2024-09-18 09:37:44.355000,407.0923722258894,15
2024-09-18 09:37:44.791000,407.0835900116987,104
2024-09-18 09:37:44.896000,407.1065424919343,101
2024-09-18 09:37:44.999000,407.086095038088,105
2024-09-18 09:37:45.940000,407.0863012077456,1002
2024-09-18 09:37:46.092000,407.0524460676674,1000
2024-09-18 09:37:46.349000,407.0426521323645,9
2024-09-18 09:37:46.524000,407.04665971947617,103
2024-09-18 09:37:46.745000,407.03972918442105,998
2024-09-18 09:37:46.852000,407.0417650204065,14
2024-09-18 09:37:47.002000,407.0655923619466,12
2024-09-18 09:37:47.037000,407.0769459227464,103
2024-09-18 09:37:47.061000,407.0748225625092,1002
2024-09-18 09:37:47.110000,407.04961216809744,12
2024-09-18 09:37:47.125000,407.0752654137683,12
2024-09-18 09:37:47.145000,407.0474809775688,13
2024-09-18 09:37:47.215000,407.0431675660541,102
2024-09-18 09:37:47.224000,407.0690639015632,1002
2024-09-18 09:37:47.274000,407.02940126042034,1000
2024-09-18 09:37:47.295000,407.0683671512474,999
2024-09-18 09:37:47.337000,407.0581272255607,1001
2024-09-18 09:37:47.391000,407.06553556545856,14
2024-09-18 09:37:47.466000,407.0256029365897,99
2024-09-18 09:37:47.487000,407.0335330111943,1001
2024-09-18 09:37:47.498000,407.0541149432715,995
2024-09-18 09:37:47.543000,407.0826380579961,98
2024-09-18 09:37:47.655000,407.08378629717873,1005
2024-09-18 09:37:47.721000,407.0558663290232,1003
2024-09-18 09:37:47.788000,407.0290239991545,104
2024-09-18 09:37:47.813000,407.0736098680868,1004
2024-09-18 09:37:47.828000,407.0378018293233,6
2024-09-18 09:37:47.850000,407.0674127431882,13
2024-09-18 09:37:47.902000,407.05637664607127,100
2024-09-18 09:37:47.914000,407.0639908636759,997
2024-09-18 09:37:48.066000,407.023159672868,1000
2024-09-18 09:37:48.094000,407.0099046202676,1002
2024-09-18 09:37:48.106000,407.0138369074554,14
2024-09-18 09:37:48.118000,407.0170170588549,5
2024-09-18 09:37:48.175000,407.0233534161712,1004
2024-09-18 09:37:48.198000,407.0279611020157,995
2024-09-18 09:37:48.329000,407.00804913806695,7
2024-09-18 09:37:48.413000,407.0186306286108,5
2024-09-18 09:37:48.449000,407.0079717111741,5
2024-09-18 09:37:48.557000,407.0086226979318,1005
2024-09-18 09:37:48.570000,407.01304152963087,7
2024-09-18 09:37:48.691000,407.0084343130929,7
2024-09-18 09:37:48.883000,407.0196215699558,7
2024-09-18 09:37:48.916000,407.0143417913321,12
2024-09-18 09:37:49.063000,407.0610925061771,5
2024-09-18 09:37:49.082000,407.0426165366807,95
2024-09-18 09:37:49.137000,407.0242445764986,14
2024-09-18 09:37:49.141000,407.0314410860342,104
2024-09-18 09:37:49.144000,407.0101945714877,1005
2024-09-18 09:37:49.182000,407.0189439871016,104
2024-09-18 09:37:49.183000,407.0187080810275,1004
2024-09-18 09:37:49.257000,407.00763661442073,13
2024-09-18 09:37:49.301000,407.0345226588481,13
2024-09-18 09:37:49.326000,407.0246708623219,1000
2024-09-18 09:37:49.333000,407.0278001502261,102
2024-09-18 09:37:49.416000,407.0342340224846,7
2024-09-18 09:37:49.429000,407.0298175353503,104
2024-09-18 09:37:49.443000,407.0375300976353,1001
2024-09-18 09:37:49.454000,407.0381529070563,95
2024-09-18 09:37:49.458000,407.00537141427,101
2024-09-18 09:37:49.509000,407.0401960164002,11
2024-09-18 09:37:49.625000,407.0268876551798,99
2024-09-18 09:37:49.635000,407.0596343221033,998
2024-09-18 09:37:49.695000,407.05215631395936,997
2024-09-18 09:37:49.722000,407.03696826543046,95
2024-09-18 09:37:49.741000,407.03399711158096,9
2024-09-18 09:37:49.768000,407.0404465246837,105
2024-09-18 09:37:49.822000,407.0447028514737,105
2024-09-18 09:37:49.899000,407.0331964531261,101
2024-09-18 09:37:49.938000,407.0359359571707,95
2024-09-18 09:37:49.983000,407.0375841438665,105
2024-09-18 09:37:49.995000,407.0441925974508,104
2024-09-18 09:37:50.008000,406.99969661950513,11
2024-09-18 09:37:50.307000,407.0299402477223,1002
2024-09-18 09:37:50.335000,407.0213683351423,7
2024-09-18 09:37:50.401000,407.0359838817967,98
2024-09-18 09:37:50.497000,407.0174833542269,6
2024-09-18 09:37:50.937000,407.0256975212572,999
2024-09-18 09:37:50.977000,407.03130676697725,105
2024-09-18 09:37:51.158000,406.9588686441021,11
2024-09-18 09:37:51.182000,406.9822731064591,10
2024-09-18 09:37:51.202000,406.9817575431783,996
2024-09-18 09:37:51.260000,406.9545068219073,1003
2024-09-18 09:37:51.280000,406.9588067233889,11
2024-09-18 09:37:51.337000,406.9599823479038,997
2024-09-18 09:37:51.345000,406.960649205739,1005
2024-09-18 09:37:51.350000,406.9837041985886,101
2024-09-18 09:37:51.447000,406.9356395930954,99
2024-09-18 09:37:51.466000,406.9638007021042,1003
2024-09-18 09:37:51.487000,406.9692252481258,1002
2024-09-18 09:37:51.508000,406.94376886764826,7
2024-09-18 09:37:51.518000,406.9490687625249,101
2024-09-18 09:37:51.545000,406.9428463412808,13
2024-09-18 09:37:51.563000,406.9490713957469,995
2024-09-18 09:37:51.699000,406.9592259502009,995
2024-09-18 09:37:51.732000,406.9796785177963,1002
2024-09-18 09:37:51.751000,406.9459777043917,11
2024-09-18 09:37:51.765000,406.9497862475049,995
2024-09-18 09:37:51.766000,406.9360786721356,96
2024-09-18 09:37:51.840000,406.9887254907978,15
2024-09-18 09:37:51.856000,406.9749409054722,95
2024-09-18 09:37:51.864000,406.9779271320237,995
2024-09-18 09:37:51.925000,406.9878339616408,101
2024-09-18 09:37:51.930000,406.9453897762796,10
2024-09-18 09:37:52.062000,406.8982967305892,7
2024-09-18 09:37:52.086000,406.98221340946304,97
2024-09-18 09:37:52.096000,406.943169309414,96
2024-09-18 09:37:52.104000,406.9723319107835,105
2024-09-18 09:37:52.104000,406.96976816886274,6
2024-09-18 09:37:52.182000,406.9782676550592,6
2024-09-18 09:37:52.188000,406.96326901425,99
2024-09-18 09:37:52.205000,406.9642612844915,7
2024-09-18 09:37:52.218000,406.9810938726062,996
2024-09-18 09:37:52.238000,406.9762241114896,1005
2024-09-18 09:37:52.489000,406.9239464617245,15
2024-09-18 09:37:52.516000,406.98957246225626,8
2024-09-18 09:37:52.530000,406.9368232649421,10
2024-09-18 09:37:52.555000,406.9432589596112,100
2024-09-18 09:37:52.578000,406.89819365637993,8
2024-09-18 09:37:52.584000,406.9787488705008,1003
2024-09-18 09:37:52.628000,406.9321575363105,12
2024-09-18 09:37:52.634000,406.9828224516794,98
2024-09-18 09:37:52.646000,406.98549612790606,1003
2024-09-18 09:37:52.659000,406.9898218926862,15
2024-09-18 09:37:52.675000,406.983889142375,96
2024-09-18 09:37:52.699000,406.9783983388062,1003
2024-09-18 09:37:52.789000,406.9622770978465,105
2024-09-18 09:37:52.808000,406.968968056448,100
2024-09-18 09:37:52.952000,406.9778429973425,5
2024-09-18 09:37:52.975000,406.9600326121175,99
2024-09-18 09:37:52.998000,406.9905537514465,1000
2024-09-18 09:37:53.261000,406.8834769793834,97
2024-09-18 09:37:53.404000,406.8962185702196,95
2024-09-18 09:37:53.674000,406.8975054460166,1005
2024-09-18 09:37:53.824000,406.9033559657519,96
2024-09-18 09:37:53.850000,406.9030102128531,13
2024-09-18 09:37:53.877000,406.89452388830193,95
2024-09-18 09:37:53.929000,406.8858201959141,95
2024-09-18 09:37:53.996000,406.8890186931601,1001
2024-09-18 09:37:54.035000,406.8142413177405,101
2024-09-18 09:37:54.122000,406.8564713118379,1000
2024-09-18 09:37:54.178000,406.8470116105776,1001
2024-09-18 09:37:54.184000,406.8191479217251,98
2024-09-18 09:37:54.206000,406.8588041193058,105
2024-09-18 09:37:54.220000,406.8256993783333,9
2024-09-18 09:37:54.238000,406.8871864594317,996
2024-09-18 09:37:54.338000,406.904891391109,8
2024-09-18 09:37:54.375000,406.86403140738383,101
2024-09-18 09:37:54.408000,406.8518796586762,105
2024-09-18 09:37:54.454000,406.86318527438425,1003
2024-09-18 09:37:54.505000,406.84545337787023,101
2024-09-18 09:37:54.592000,406.8547989811392,98
2024-09-18 09:37:54.671000,406.8262480626495,5
2024-09-18 09:37:54.693000,406.828018823658,11
2024-09-18 09:37:54.805000,406.929709619785,98
2024-09-18 09:37:54.817000,406.8738842033432,1005
2024-09-18 09:37:54.820000,406.8851092795357,996
2024-09-18 09:37:54.827000,406.8617422413495,98
2024-09-18 09:37:54.835000,406.85150880424425,105
2024-09-18 09:37:54.841000,406.8535006335258,102
2024-09-18 09:37:54.846000,406.8839676207082,5
2024-09-18 09:37:54.900000,406.8338002715395,99
2024-09-18 09:37:54.910000,406.8618628008594,101
2024-09-18 09:37:54.935000,406.8710684501624,1003
2024-09-18 09:37:54.973000,406.8621577148288,99
2024-09-18 09:37:55.080000,406.840957448065,1004
2024-09-18 09:37:55.506000,406.8619113616617,100
2024-09-18 09:37:55.853000,406.8568028201395,99
2024-09-18 09:37:56,406.87949629777694,12
2024-09-18 09:37:56.062000,406.87536501351445,13
2024-09-18 09:37:56.133000,406.8788130053102,95
2024-09-18 09:37:56.233000,406.87369406316793,97
2024-09-18 09:37:56.246000,406.8710008391763,1002
2024-09-18 09:37:56.361000,406.8985170667116,999
2024-09-18 09:37:56.386000,406.88158572984014,997
2024-09-18 09:37:56.395000,406.8737551971743,995
2024-09-18 09:37:56.422000,406.87386535842296,11
2024-09-18 09:37:56.430000,406.8776373419197,7
2024-09-18 09:37:56.580000,406.88366509843945,8
2024-09-18 09:37:56.582000,406.8674606969442,5
2024-09-18 09:37:56.636000,406.8816739509632,96
2024-09-18 09:37:56.652000,406.8658042174021,1005
2024-09-18 09:37:56.958000,406.8691519752986,96
2024-09-18 09:37:56.985000,406.875074883912,12
2024-09-18 09:37:57.057000,406.8473805124,996
2024-09-18 09:37:57.072000,406.8523719118997,96
2024-09-18 09:37:57.077000,406.8809640661992,12
2024-09-18 09:37:57.093000,406.8730111102821,997
2024-09-18 09:37:57.151000,406.8829049746524,7
2024-09-18 09:37:57.169000,406.8778465726185,995
2024-09-18 09:37:57.174000,406.8591203155522,97
2024-09-18 09:37:57.188000,406.9007789820436,1002
2024-09-18 09:37:57.195000,406.8788622878795,103
2024-09-18 09:37:57.219000,406.8568389689272,7
2024-09-18 09:37:57.222000,406.8841599750856,999
2024-09-18 09:37:57.250000,406.8406647695403,997
2024-09-18 09:37:57.292000,406.8942488051232,1002
2024-09-18 09:37:57.403000,406.8902614298253,101
2024-09-18 09:37:57.475000,406.8372067837904,997
2024-09-18 09:37:57.496000,406.87366006992926,1003
2024-09-18 09:37:57.513000,406.8708947921173,997
2024-09-18 09:37:57.550000,406.8638178354276,12
2024-09-18 09:37:57.612000,406.87144915263457,100
2024-09-18 09:37:57.624000,406.83383786145976,998
2024-09-18 09:37:57.639000,406.8641564013008,8
2024-09-18 09:37:57.661000,406.8539712683237,105
2024-09-18 09:37:57.734000,406.8980119776213,9
2024-09-18 09:37:57.739000,406.8703623143731,9
2024-09-18 09:37:57.742000,406.8771520814552,7
2024-09-18 09:37:57.780000,406.8754862205526,1003
2024-09-18 09:37:57.863000,406.867644826832,11
2024-09-18 09:37:57.867000,406.830316705905,103
2024-09-18 09:37:57.895000,406.8783068031679,96
2024-09-18 09:37:57.900000,406.8986562574751,1005
2024-09-18 09:37:58.007000,406.8931364863809,100
2024-09-18 09:37:58.037000,406.889704525656,1004
2024-09-18 09:37:58.164000,406.9020808575111,99
2024-09-18 09:37:58.233000,406.894169324316,997
2024-09-18 09:37:58.255000,406.88718016105366,998
2024-09-18 09:37:58.298000,406.8953896764886,99
2024-09-18 09:37:58.306000,406.8798867037074,1005
2024-09-18 09:37:58.354000,406.8816976636122,13
2024-09-18 09:37:58.358000,406.8944230500397,96
2024-09-18 09:37:58.394000,406.8810931758578,996
2024-09-18 09:37:58.579000,406.8929950110733,11
2024-09-18 09:37:58.658000,406.8769743359245,1002
2024-09-18 09:37:58.670000,406.8969077633773,5
2024-09-18 09:37:58.842000,406.8919222768681,995
2024-09-18 09:37:58.856000,406.89333867800445,6
2024-09-18 09:37:59.054000,406.80418099949645,1001
2024-09-18 09:37:59.128000,406.88300038859774,105
2024-09-18 09:37:59.136000,406.88787540585423,1000
2024-09-18 09:37:59.154000,406.8239618566788,13
2024-09-18 09:37:59.160000,406.8675903735916,7
2024-09-18 09:37:59.166000,406.8011602099762,15
2024-09-18 09:37:59.190000,406.8883237157535,1001
2024-09-18 09:37:59.198000,406.8648188805405,1005
2024-09-18 09:37:59.355000,406.82775005308577,15
2024-09-18 09:37:59.393000,406.860285003466,997
2024-09-18 09:37:59.513000,406.87573552420855,105
2024-09-18 09:37:59.576000,406.8637690734852,998
2024-09-18 09:37:59.579000,406.8679762256092,11
2024-09-18 09:37:59.586000,406.8573172810887,1000
2024-09-18 09:37:59.679000,406.87594232788416,1004
2024-09-18 09:37:59.730000,406.8766777152434,96
2024-09-18 09:37:59.749000,406.8855747688857,105
2024-09-18 09:37:59.793000,406.8628927808269,997
2024-09-18 09:37:59.823000,406.8438161760206,101
2024-09-18 09:37:59.880000,406.8519092887144,6
2024-09-18 09:37:59.886000,406.8423244194397,6
