Timestamp,Price,Size
2024-09-19 09:31:00.004000,416.3175762769688,96
2024-09-19 09:31:00.129000,416.3119991417073,97
2024-09-19 09:31:00.174000,416.2821501646771,997
2024-09-19 09:31:00.197000,416.303599611872,105
2024-09-19 09:31:00.322000,416.2688056336499,7
2024-09-19 09:31:00.367000,416.3004088477954,98
2024-09-19 09:31:00.403000,416.3111655229594,1004
2024-09-19 09:31:00.412000,416.329136990848,5
2024-09-19 09:31:00.419000,416.2746919062024,14
2024-09-19 09:31:00.446000,416.2990602502963,103
2024-09-19 09:31:00.478000,416.3082307064652,95
2024-09-19 09:31:00.545000,416.2875623667863,1003
2024-09-19 09:31:00.624000,416.3222787963359,101
2024-09-19 09:31:00.668000,416.3219831838497,8
2024-09-19 09:31:00.671000,416.275503346757,997
2024-09-19 09:31:00.745000,416.2546130236514,10
2024-09-19 09:31:00.750000,416.2852480634969,996
2024-09-19 09:31:00.753000,416.31844918927175,998
2024-09-19 09:31:00.766000,416.32795702337785,996
2024-09-19 09:31:00.814000,416.3226690793785,996
2024-09-19 09:31:00.910000,416.31258420461575,9
2024-09-19 09:31:00.917000,416.2995701873596,997
2024-09-19 09:31:00.946000,416.2579895854912,6
2024-09-19 09:31:01.018000,416.2365067501785,999
2024-09-19 09:31:01.109000,416.2507697337903,998
2024-09-19 09:31:01.146000,416.26162385438073,8
2024-09-19 09:31:01.278000,416.3038182032372,1000
2024-09-19 09:31:01.361000,416.25837800548095,15
2024-09-19 09:31:01.392000,416.2237327922366,98
2024-09-19 09:31:01.493000,416.25563873517046,1003
2024-09-19 09:31:01.574000,416.3008260976655,10
2024-09-19 09:31:01.645000,416.22152477033006,1002
2024-09-19 09:31:01.691000,416.27785517235145,10
2024-09-19 09:31:01.960000,416.2337142558953,104
2024-09-19 09:31:02.019000,416.1868646792664,99
2024-09-19 09:31:02.188000,416.1790393021519,14
2024-09-19 09:31:02.273000,416.2110766433833,102
2024-09-19 09:31:02.426000,416.2011819319033,14
2024-09-19 09:31:02.506000,416.1693608228244,1004
2024-09-19 09:31:02.702000,416.1862786554507,100
2024-09-19 09:31:02.779000,416.1853056352732,997
2024-09-19 09:31:02.783000,416.1772542662489,14
2024-09-19 09:31:02.793000,416.2082830314937,1001
2024-09-19 09:31:02.982000,416.2222413600069,102
2024-09-19 09:31:03.148000,416.2250930859736,8
2024-09-19 09:31:03.188000,416.1767185866299,102
2024-09-19 09:31:03.228000,416.18636607031897,1004
2024-09-19 09:31:03.267000,416.2079636132653,8
2024-09-19 09:31:03.287000,416.1920049571604,1002
2024-09-19 09:31:03.432000,416.1942786306494,100
2024-09-19 09:31:03.453000,416.1641088222261,95
2024-09-19 09:31:03.500000,416.1825952590283,105
2024-09-19 09:31:03.572000,416.1975027511115,995
2024-09-19 09:31:03.635000,416.1995989281323,1003
2024-09-19 09:31:03.644000,416.19727611792274,9
2024-09-19 09:31:03.705000,416.2058046422745,103
2024-09-19 09:31:03.710000,416.18286034971794,15
2024-09-19 09:31:03.715000,416.21803024898406,14
2024-09-19 09:31:03.718000,416.1919012343032,105
2024-09-19 09:31:03.766000,416.2112919090903,1000
2024-09-19 09:31:03.782000,416.18531949387193,97
2024-09-19 09:31:03.961000,416.1945082657539,996
2024-09-19 09:31:03.973000,416.1697496863291,10
2024-09-19 09:31:03.993000,416.21543989486855,100
2024-09-19 09:31:05.042000,416.1600523224926,10
2024-09-19 09:31:05.058000,416.1892725592591,995
2024-09-19 09:31:05.461000,416.1606704657858,1004
2024-09-19 09:31:06.297000,416.1668670760882,995
2024-09-19 09:31:06.997000,416.171357318684,995
2024-09-19 09:31:07.013000,416.29277940804377,103
2024-09-19 09:31:07.024000,416.2423024178003,103
2024-09-19 09:31:07.031000,416.2458345230094,995
2024-09-19 09:31:07.208000,416.2164179748208,5
2024-09-19 09:31:07.311000,416.29999024026046,1001
2024-09-19 09:31:07.363000,416.28956152339686,1002
2024-09-19 09:31:07.402000,416.1954980444368,99
2024-09-19 09:31:07.457000,416.21462735913633,7
2024-09-19 09:31:07.484000,416.276621324966,996
2024-09-19 09:31:07.488000,416.23043975615,98
2024-09-19 09:31:07.521000,416.26921662518026,14
2024-09-19 09:31:07.661000,416.2384649014076,13
2024-09-19 09:31:07.704000,416.259055954136,998
2024-09-19 09:31:07.751000,416.19620749531526,10
2024-09-19 09:31:07.924000,416.2521091243537,5
2024-09-19 09:31:07.971000,416.210569381856,8
2024-09-19 09:31:08.162000,416.290756890583,997
2024-09-19 09:31:08.205000,416.2905923368506,105
2024-09-19 09:31:08.276000,416.3174607037324,98
2024-09-19 09:31:08.278000,416.303863748084,1002
2024-09-19 09:31:08.349000,416.3060315543545,97
2024-09-19 09:31:08.372000,416.3262983081664,9
2024-09-19 09:31:08.374000,416.2771327525373,1004
2024-09-19 09:31:08.382000,416.298240701514,104
2024-09-19 09:31:08.449000,416.3101763448163,999
2024-09-19 09:31:08.581000,416.2966371688364,996
2024-09-19 09:31:08.613000,416.324525279545,9
2024-09-19 09:31:08.620000,416.3273902518174,995
2024-09-19 09:31:08.626000,416.30856514935465,999
2024-09-19 09:31:08.649000,416.2939141014667,100
2024-09-19 09:31:08.650000,416.298388749808,97
2024-09-19 09:31:08.692000,416.2896809124566,101
2024-09-19 09:31:08.706000,416.2881031370418,1002
2024-09-19 09:31:08.718000,416.29369660009775,8
2024-09-19 09:31:08.820000,416.3271138812045,9
2024-09-19 09:31:08.853000,416.3197007898408,1002
2024-09-19 09:31:08.911000,416.2993687818061,98
2024-09-19 09:31:08.933000,416.2798983027219,103
2024-09-19 09:31:09.021000,416.3357737618855,1003
2024-09-19 09:31:09.082000,416.3264355431573,999
2024-09-19 09:31:09.128000,416.3368133391984,1002
2024-09-19 09:31:09.140000,416.3106319424464,1004
2024-09-19 09:31:09.219000,416.3111086195125,98
2024-09-19 09:31:09.280000,416.3081167896062,1005
2024-09-19 09:31:09.329000,416.34617245211433,13
2024-09-19 09:31:09.446000,416.3218529264412,6
2024-09-19 09:31:09.568000,416.3319922512273,997
2024-09-19 09:31:09.609000,416.3232361865827,100
2024-09-19 09:31:09.824000,416.3043790132087,1004
2024-09-19 09:31:09.881000,416.3248312887488,997
2024-09-19 09:31:09.900000,416.333614420392,15
2024-09-19 09:31:09.925000,416.3084915418264,103
2024-09-19 09:31:10.092000,416.2760323988677,96
2024-09-19 09:31:10.131000,416.2893754831997,102
2024-09-19 09:31:10.173000,416.2823707984284,1001
2024-09-19 09:31:10.375000,416.30588986693306,103
2024-09-19 09:31:10.471000,416.3019753445002,95
2024-09-19 09:31:10.518000,416.3147477571665,102
2024-09-19 09:31:10.535000,416.2901737182124,99
2024-09-19 09:31:10.576000,416.2823210940757,5
2024-09-19 09:31:10.757000,416.330760919516,6
2024-09-19 09:31:10.765000,416.294922779006,997
2024-09-19 09:31:10.916000,416.3063927400799,1005
2024-09-19 09:31:10.935000,416.28633781255576,5
2024-09-19 09:31:11.107000,416.33355806320185,96
2024-09-19 09:31:11.141000,416.3799612809454,998
2024-09-19 09:31:11.178000,416.3266158931643,8
2024-09-19 09:31:11.352000,416.3534905613237,6
2024-09-19 09:31:11.456000,416.3477423793544,103
2024-09-19 09:31:11.509000,416.3292457912403,999
2024-09-19 09:31:11.529000,416.36553714196526,105
2024-09-19 09:31:11.633000,416.3615209471677,1004
2024-09-19 09:31:11.663000,416.3365726317016,5
2024-09-19 09:31:11.693000,416.3505588855818,102
2024-09-19 09:31:11.779000,416.3383900589436,5
2024-09-19 09:31:12.316000,416.3592673750716,996
2024-09-19 09:31:12.434000,416.3861597060221,7
2024-09-19 09:31:12.461000,416.38765947296713,1002
2024-09-19 09:31:12.529000,416.375297877287,1005
2024-09-19 09:31:12.775000,416.3946849847707,1003
2024-09-19 09:31:12.815000,416.3589065029193,1000
2024-09-19 09:31:13.003000,416.40386601537546,1005
2024-09-19 09:31:13.010000,416.38395682696586,6
2024-09-19 09:31:13.024000,416.4012714139048,1003
2024-09-19 09:31:13.059000,416.38129200731777,1002
2024-09-19 09:31:13.175000,416.4333223876539,96
2024-09-19 09:31:13.177000,416.429439625823,1002
2024-09-19 09:31:13.228000,416.3843437230613,15
2024-09-19 09:31:13.258000,416.3807542482706,103
2024-09-19 09:31:13.270000,416.3799482446427,98
2024-09-19 09:31:13.277000,416.3659068077541,99
2024-09-19 09:31:13.287000,416.3836660307605,104
2024-09-19 09:31:13.378000,416.3955911488103,5
2024-09-19 09:31:13.487000,416.393330525846,999
2024-09-19 09:31:13.495000,416.3857094546457,10
2024-09-19 09:31:13.531000,416.38514045211485,9
2024-09-19 09:31:13.628000,416.40553388964014,1000
2024-09-19 09:31:13.630000,416.3992864649898,96
2024-09-19 09:31:13.669000,416.390196498954,6
2024-09-19 09:31:13.682000,416.39721532172143,998
2024-09-19 09:31:13.715000,416.4044637189733,98
2024-09-19 09:31:13.783000,416.3943764415167,97
2024-09-19 09:31:13.805000,416.40795415011127,9
2024-09-19 09:31:13.851000,416.3851094549371,7
2024-09-19 09:31:13.863000,416.3847585005464,10
2024-09-19 09:31:13.879000,416.4093076240491,9
2024-09-19 09:31:13.889000,416.3918853087877,6
2024-09-19 09:31:13.952000,416.394549758918,7
2024-09-19 09:31:13.953000,416.3918587720074,98
2024-09-19 09:31:13.975000,416.385067590807,101
2024-09-19 09:31:13.990000,416.4272220740556,995
2024-09-19 09:31:14.004000,416.3956126759613,1002
2024-09-19 09:31:14.018000,416.40556246334427,104
2024-09-19 09:31:14.027000,416.4259636911846,10
2024-09-19 09:31:14.039000,416.40182550732754,9
2024-09-19 09:31:14.117000,416.418325630598,1005
2024-09-19 09:31:14.150000,416.42237323031634,996
2024-09-19 09:31:14.152000,416.4089716282617,99
2024-09-19 09:31:14.206000,416.3937744426544,14
2024-09-19 09:31:14.244000,416.40077132162446,13
2024-09-19 09:31:14.482000,416.4061259954977,104
2024-09-19 09:31:14.667000,416.4158038374799,15
2024-09-19 09:31:14.703000,416.4119487518153,998
2024-09-19 09:31:14.744000,416.4014167826591,105
2024-09-19 09:31:14.782000,416.42314151301787,10
2024-09-19 09:31:14.809000,416.41764143327526,99
2024-09-19 09:31:14.824000,416.4133594297194,12
2024-09-19 09:31:14.859000,416.4006521511515,995
2024-09-19 09:31:14.864000,416.4184180835322,7
2024-09-19 09:31:14.931000,416.4258561720074,8
2024-09-19 09:31:14.934000,416.4001183081835,6
2024-09-19 09:31:14.994000,416.3962752451027,13
2024-09-19 09:31:14.995000,416.3972946793611,15
2024-09-19 09:31:14.995000,416.416066161749,1002
2024-09-19 09:31:15.081000,416.42772325754567,997
2024-09-19 09:31:15.101000,416.42082238681456,98
2024-09-19 09:31:15.125000,416.4295411170028,996
2024-09-19 09:31:15.183000,416.4278941929432,7
2024-09-19 09:31:15.208000,416.4468674572945,14
2024-09-19 09:31:15.288000,416.4426300677556,15
2024-09-19 09:31:15.308000,416.4432529099767,100
2024-09-19 09:31:15.323000,416.4463699825026,6
2024-09-19 09:31:15.633000,416.4088149097026,104
2024-09-19 09:31:15.683000,416.41620001274094,11
2024-09-19 09:31:15.692000,416.4333386032348,97
2024-09-19 09:31:15.903000,416.43183898725374,999
2024-09-19 09:31:15.964000,416.4386060888799,995
2024-09-19 09:31:16.054000,416.38496255414327,104
2024-09-19 09:31:16.147000,416.4031264634136,10
2024-09-19 09:31:16.173000,416.4109738257697,1002
2024-09-19 09:31:16.249000,416.4165181718501,100
2024-09-19 09:31:16.269000,416.4188853043472,1005
2024-09-19 09:31:16.270000,416.4219609118797,97
2024-09-19 09:31:16.273000,416.4031644489687,998
2024-09-19 09:31:16.283000,416.35829267114735,14
2024-09-19 09:31:16.303000,416.3803169730199,1004
2024-09-19 09:31:16.337000,416.3399604087068,5
2024-09-19 09:31:16.418000,416.4111886602457,997
2024-09-19 09:31:16.488000,416.3846611440384,100
2024-09-19 09:31:16.538000,416.3735377317986,12
2024-09-19 09:31:16.541000,416.3771079296695,97
2024-09-19 09:31:16.563000,416.4083386610522,103
2024-09-19 09:31:16.578000,416.3864784376229,104
2024-09-19 09:31:16.647000,416.3901545073487,102
2024-09-19 09:31:16.908000,416.3806963519269,105
2024-09-19 09:31:16.911000,416.3909847137456,10
2024-09-19 09:31:16.911000,416.3644608036629,999
2024-09-19 09:31:16.944000,416.3883420268667,1004
2024-09-19 09:31:16.966000,416.4372746148981,99
2024-09-19 09:31:16.984000,416.4157374288656,97
2024-09-19 09:31:16.990000,416.3963217106372,14
2024-09-19 09:31:16.993000,416.4408931696425,5
2024-09-19 09:31:17.029000,416.3521209407079,1002
2024-09-19 09:31:17.047000,416.3645325373991,997
2024-09-19 09:31:17.106000,416.3636991920647,104
2024-09-19 09:31:17.209000,416.3643533949304,101
2024-09-19 09:31:17.375000,416.35411485357423,998
2024-09-19 09:31:17.408000,416.3700497444822,1005
2024-09-19 09:31:17.422000,416.3719737106559,997
2024-09-19 09:31:17.518000,416.3413647931389,6
2024-09-19 09:31:17.568000,416.3439425621725,95
2024-09-19 09:31:17.635000,416.38133371162337,14
2024-09-19 09:31:17.788000,416.34899348547634,1002
2024-09-19 09:31:17.822000,416.36850454380107,95
2024-09-19 09:31:17.857000,416.3966067185629,100
2024-09-19 09:31:18.231000,416.3578022585739,7
2024-09-19 09:31:18.327000,416.34921264655736,995
2024-09-19 09:31:18.836000,416.366993730294,998
2024-09-19 09:31:18.992000,416.3691147784148,104
2024-09-19 09:31:19.050000,416.3069106550289,8
2024-09-19 09:31:19.055000,416.3426850959888,8
2024-09-19 09:31:19.156000,416.3502078116426,1001
2024-09-19 09:31:19.246000,416.3093149951625,1005
2024-09-19 09:31:19.269000,416.3278038043725,95
2024-09-19 09:31:19.280000,416.3368129204508,11
2024-09-19 09:31:19.284000,416.34155589961057,9
2024-09-19 09:31:19.400000,416.3369848800879,102
2024-09-19 09:31:19.436000,416.323092405484,101
2024-09-19 09:31:19.454000,416.3332096188478,11
2024-09-19 09:31:19.497000,416.31028294438704,13
2024-09-19 09:31:19.595000,416.3152738026638,104
2024-09-19 09:31:19.600000,416.33460589637815,105
2024-09-19 09:31:19.627000,416.34025199328727,997
2024-09-19 09:31:19.689000,416.3315971050965,101
2024-09-19 09:31:19.692000,416.3181429148305,99
2024-09-19 09:31:19.750000,416.32362818082834,103
2024-09-19 09:31:19.752000,416.3410405406652,11
2024-09-19 09:31:19.790000,416.34702072819294,15
2024-09-19 09:31:19.804000,416.325818475389,98
2024-09-19 09:31:19.814000,416.3405903343185,997
2024-09-19 09:31:19.824000,416.3343489562395,9
2024-09-19 09:31:19.894000,416.3343017344245,12
2024-09-19 09:31:19.907000,416.3503339889591,6
2024-09-19 09:31:19.927000,416.332907699741,99
2024-09-19 09:31:19.937000,416.31307009229374,15
2024-09-19 09:31:19.957000,416.3434879439675,12
2024-09-19 09:31:19.994000,416.3277610088453,97
2024-09-19 09:31:20.112000,416.2988113384955,1003
2024-09-19 09:31:20.280000,416.2443833373512,8
2024-09-19 09:31:20.280000,416.3034802769315,105
2024-09-19 09:31:20.428000,416.3017125737047,15
2024-09-19 09:31:20.456000,416.2728417359839,8
2024-09-19 09:31:20.519000,416.33028220258007,100
2024-09-19 09:31:20.523000,416.2934325911428,7
2024-09-19 09:31:20.718000,416.300040409608,1000
2024-09-19 09:31:20.774000,416.3224324935072,7
2024-09-19 09:31:20.827000,416.31773252557,97
2024-09-19 09:31:20.841000,416.2481183928305,997
2024-09-19 09:31:20.895000,416.2383373338672,996
2024-09-19 09:31:20.898000,416.2630350183069,995
2024-09-19 09:31:20.927000,416.2698840795725,95
2024-09-19 09:31:21.037000,416.1791245760035,997
2024-09-19 09:31:21.045000,416.16776997575136,98
2024-09-19 09:31:21.063000,416.2418201343956,5
2024-09-19 09:31:21.137000,416.21537477235927,13
2024-09-19 09:31:21.216000,416.245760879538,97
2024-09-19 09:31:21.243000,416.2417996293122,1001
2024-09-19 09:31:21.245000,416.1710297102477,99
2024-09-19 09:31:21.289000,416.2308465203429,1003
2024-09-19 09:31:21.332000,416.2279954407839,1000
2024-09-19 09:31:21.391000,416.2167904972383,997
2024-09-19 09:31:21.430000,416.2261840374792,103
2024-09-19 09:31:21.498000,416.2462567611374,97
2024-09-19 09:31:21.500000,416.1787764411899,101
2024-09-19 09:31:21.503000,416.2306490279077,13
2024-09-19 09:31:21.528000,416.2001365182008,96
2024-09-19 09:31:21.602000,416.1533465675984,100
2024-09-19 09:31:21.799000,416.2340404084105,105
2024-09-19 09:31:21.803000,416.1495553381818,997
2024-09-19 09:31:21.831000,416.2208556217418,96
2024-09-19 09:31:21.863000,416.1986350117837,102
2024-09-19 09:31:22.047000,416.16765167637647,996
2024-09-19 09:31:22.099000,416.1155826491989,100
2024-09-19 09:31:22.105000,416.1560400857946,5
2024-09-19 09:31:22.123000,416.1611615439269,13
2024-09-19 09:31:22.192000,416.1168722381453,998
2024-09-19 09:31:22.294000,416.1317162208715,105
2024-09-19 09:31:22.295000,416.13716078138185,96
2024-09-19 09:31:22.465000,416.1556326819289,5
2024-09-19 09:31:22.523000,416.17436974812114,103
2024-09-19 09:31:22.607000,416.1527774429869,102
2024-09-19 09:31:22.644000,416.1722263075576,13
2024-09-19 09:31:22.703000,416.163424888436,11
2024-09-19 09:31:22.727000,416.156599326095,100
2024-09-19 09:31:22.748000,416.1522557780637,997
2024-09-19 09:31:22.762000,416.1451885074889,14
2024-09-19 09:31:22.842000,416.1849137616312,98
2024-09-19 09:31:22.846000,416.1652776117039,1001
2024-09-19 09:31:22.918000,416.1477834880977,7
2024-09-19 09:31:22.964000,416.1377154871706,999
2024-09-19 09:31:22.983000,416.1180040909194,1004
2024-09-19 09:31:23.074000,416.0591180338412,105
2024-09-19 09:31:23.094000,416.1334279227394,1005
2024-09-19 09:31:23.117000,416.1183989701317,15
2024-09-19 09:31:23.128000,416.1090694117201,99
2024-09-19 09:31:23.171000,416.12003036644313,13
2024-09-19 09:31:23.496000,416.1223765539037,1001
2024-09-19 09:31:23.583000,416.1226749508949,1000
2024-09-19 09:31:23.821000,416.11798252243216,103
2024-09-19 09:31:23.853000,416.08688520015687,1005
2024-09-19 09:31:24.008000,416.06902171480345,998
2024-09-19 09:31:24.050000,416.0723321130004,1005
2024-09-19 09:31:24.267000,416.0741039061006,1000
2024-09-19 09:31:24.274000,416.0906562824512,95
2024-09-19 09:31:24.301000,416.05436071398617,9
2024-09-19 09:31:24.337000,416.07489935715546,97
2024-09-19 09:31:24.346000,416.0548324867158,97
2024-09-19 09:31:24.362000,416.0456588475583,100
2024-09-19 09:31:24.369000,416.0893235945324,998
2024-09-19 09:31:24.393000,416.0946213557081,5
2024-09-19 09:31:24.429000,416.0660522406019,15
2024-09-19 09:31:24.488000,416.0837782105694,15
2024-09-19 09:31:24.547000,416.1154100939953,104
2024-09-19 09:31:24.558000,416.077810113894,98
2024-09-19 09:31:24.696000,416.07566816761744,9
2024-09-19 09:31:24.749000,416.04293064478645,8
2024-09-19 09:31:24.778000,416.07319095367495,9
2024-09-19 09:31:24.800000,416.05003127459486,102
2024-09-19 09:31:24.854000,416.1019602766256,96
2024-09-19 09:31:24.895000,416.0729391550344,1000
2024-09-19 09:31:24.949000,416.0745354700831,97
2024-09-19 09:31:24.973000,416.07941797659976,7
2024-09-19 09:31:24.990000,416.0755384000025,6
2024-09-19 09:31:25.062000,416.0522774096471,95
2024-09-19 09:31:25.229000,416.0384436855567,101
2024-09-19 09:31:25.245000,416.04423254072697,11
2024-09-19 09:31:25.271000,416.041000168495,1005
2024-09-19 09:31:25.283000,416.0457349456008,1002
2024-09-19 09:31:25.325000,416.0346485945621,1001
2024-09-19 09:31:25.435000,416.03023420176953,6
2024-09-19 09:31:25.626000,416.0422153334845,10
2024-09-19 09:31:25.670000,416.0584152370755,8
2024-09-19 09:31:25.755000,416.0417683887227,103
2024-09-19 09:31:25.809000,416.0445229121687,102
2024-09-19 09:31:25.926000,416.0503361945277,1005
2024-09-19 09:31:26.049000,416.1039206191569,102
2024-09-19 09:31:26.191000,416.05383274734334,997
2024-09-19 09:31:26.207000,416.0500314866743,1002
2024-09-19 09:31:26.581000,416.0688330813272,6
2024-09-19 09:31:26.604000,416.10427174030553,104
2024-09-19 09:31:26.676000,416.0775759890545,13
2024-09-19 09:31:26.800000,416.0878558309293,1004
2024-09-19 09:31:26.850000,416.0450987761059,1002
2024-09-19 09:31:26.972000,416.0475963205061,1004
2024-09-19 09:31:27.038000,416.1299403727714,104
2024-09-19 09:31:27.075000,416.1287856308656,1001
2024-09-19 09:31:27.105000,416.1146831195913,99
2024-09-19 09:31:27.180000,416.1103496378514,1003
2024-09-19 09:31:27.240000,416.1287708272993,999
2024-09-19 09:31:27.357000,416.1422405968359,95
2024-09-19 09:31:27.371000,416.1196777569176,9
2024-09-19 09:31:27.419000,416.124120831314,1003
2024-09-19 09:31:27.427000,416.1009586561979,998
2024-09-19 09:31:27.675000,416.11319923463935,9
2024-09-19 09:31:27.872000,416.11606967313577,101
2024-09-19 09:31:27.900000,416.1179983206357,13
2024-09-19 09:31:27.928000,416.1242902711448,9
2024-09-19 09:31:27.961000,416.14677860336775,1002
2024-09-19 09:31:28.858000,416.14527702731726,12
2024-09-19 09:31:29.012000,416.1986824691298,7
2024-09-19 09:31:29.146000,416.1622385345293,14
2024-09-19 09:31:29.208000,416.1896059764507,996
2024-09-19 09:31:29.659000,416.1686166406511,10
2024-09-19 09:31:29.663000,416.2045947161748,999
2024-09-19 09:31:29.665000,416.2000260945355,15
2024-09-19 09:31:29.683000,416.1992615526902,1003
2024-09-19 09:31:29.802000,416.1819256466258,10
2024-09-19 09:31:29.813000,416.1979280980453,105
2024-09-19 09:31:29.824000,416.18580187980285,1004
2024-09-19 09:31:30.022000,416.1270108319775,100
2024-09-19 09:31:30.027000,416.137555897401,1000
2024-09-19 09:31:30.028000,416.1330266336408,10
2024-09-19 09:31:30.099000,416.11143219030464,996
2024-09-19 09:31:30.180000,416.13463054838905,105
2024-09-19 09:31:30.195000,416.1393528113907,7
2024-09-19 09:31:30.232000,416.1237928339044,1004
2024-09-19 09:31:30.284000,416.139670399476,997
2024-09-19 09:31:30.491000,416.1224958941704,5
2024-09-19 09:31:30.554000,416.1448962441591,95
2024-09-19 09:31:30.599000,416.11739859516894,10
2024-09-19 09:31:30.613000,416.123447067741,14
2024-09-19 09:31:30.615000,416.1281533220602,96
2024-09-19 09:31:30.645000,416.1394126552746,105
2024-09-19 09:31:30.749000,416.1401440115372,998
2024-09-19 09:31:30.750000,416.1427456100474,1001
2024-09-19 09:31:30.759000,416.1303797436115,1005
2024-09-19 09:31:30.772000,416.1482822089189,98
2024-09-19 09:31:30.846000,416.1428477478626,95
2024-09-19 09:31:30.847000,416.1397613388119,11
2024-09-19 09:31:30.868000,416.1419888215467,103
2024-09-19 09:31:30.916000,416.1327913443703,10
2024-09-19 09:31:30.999000,416.14330536354856,102
2024-09-19 09:31:31.190000,416.18230890033226,1004
2024-09-19 09:31:31.213000,416.15584470891207,98
2024-09-19 09:31:31.250000,416.16654279571713,7
2024-09-19 09:31:31.373000,416.1623342051375,997
2024-09-19 09:31:31.445000,416.1666451111649,104
2024-09-19 09:31:31.480000,416.1721981412918,101
2024-09-19 09:31:31.622000,416.1393343761207,15
2024-09-19 09:31:31.635000,416.18269609590885,6
2024-09-19 09:31:31.655000,416.1368316170988,7
2024-09-19 09:31:31.771000,416.1593247686364,1001
2024-09-19 09:31:32.011000,416.111107696735,105
2024-09-19 09:31:32.021000,416.06853268608336,99
2024-09-19 09:31:32.031000,416.10268160442047,995
2024-09-19 09:31:32.034000,416.1728556458418,102
2024-09-19 09:31:32.069000,416.0960992601122,10
2024-09-19 09:31:32.081000,416.1153387527879,1003
2024-09-19 09:31:32.087000,416.0509936068538,1001
2024-09-19 09:31:32.091000,416.1316281363295,7
2024-09-19 09:31:32.197000,416.1082172499629,11
2024-09-19 09:31:32.275000,416.1687340051285,998
2024-09-19 09:31:32.318000,416.1575122600706,7
2024-09-19 09:31:32.341000,416.1557049435887,95
2024-09-19 09:31:32.369000,416.09623863750414,1005
2024-09-19 09:31:32.413000,416.1224001644069,1005
2024-09-19 09:31:32.454000,416.0803841400343,101
2024-09-19 09:31:32.462000,416.07516902177525,11
2024-09-19 09:31:32.494000,416.110735620729,7
2024-09-19 09:31:32.544000,416.1598912297228,11
2024-09-19 09:31:32.652000,416.0791491774082,12
2024-09-19 09:31:32.665000,416.1028938023568,1002
2024-09-19 09:31:32.672000,416.1246862046608,8
2024-09-19 09:31:32.679000,416.1313843350017,995
2024-09-19 09:31:32.740000,416.0608131716392,98
2024-09-19 09:31:32.790000,416.1018109591685,8
2024-09-19 09:31:32.806000,416.1123286084476,99
2024-09-19 09:31:32.919000,416.0862561157764,999
2024-09-19 09:31:32.961000,416.1186416335378,103
2024-09-19 09:31:33.124000,416.1193968477132,7
2024-09-19 09:31:33.146000,416.1581021323116,97
2024-09-19 09:31:33.163000,416.12375804347846,1000
2024-09-19 09:31:33.175000,416.0916552711976,96
2024-09-19 09:31:33.176000,416.0747024292082,6
2024-09-19 09:31:33.283000,416.14860800486,102
2024-09-19 09:31:33.336000,416.0790847501484,97
2024-09-19 09:31:33.344000,416.1537020195611,995
2024-09-19 09:31:33.364000,416.1288203879532,96
2024-09-19 09:31:33.493000,416.0914999472146,105
2024-09-19 09:31:33.532000,416.0828624017758,102
2024-09-19 09:31:33.633000,416.0728016552147,995
2024-09-19 09:31:33.642000,416.1287965296322,997
2024-09-19 09:31:33.779000,416.1235720072893,13
2024-09-19 09:31:33.792000,416.14593458519806,1001
2024-09-19 09:31:33.831000,416.09937992239065,999
2024-09-19 09:31:33.924000,416.0828409881825,997
2024-09-19 09:31:33.929000,416.1539872251499,9
2024-09-19 09:31:33.942000,416.09425106281833,995
2024-09-19 09:31:33.944000,416.0885298088306,102
2024-09-19 09:31:35.031000,416.18032957343496,5
2024-09-19 09:31:35.059000,416.1457114132817,13
2024-09-19 09:31:35.210000,416.1480380529293,13
2024-09-19 09:31:35.238000,416.1639685738479,11
2024-09-19 09:31:35.254000,416.14295422356537,14
2024-09-19 09:31:35.365000,416.1583479927737,95
2024-09-19 09:31:35.407000,416.1842147333271,7
2024-09-19 09:31:35.414000,416.1528584510917,5
2024-09-19 09:31:35.437000,416.16504907511273,5
2024-09-19 09:31:35.469000,416.1607860919402,96
2024-09-19 09:31:35.495000,416.1535507083285,15
2024-09-19 09:31:35.503000,416.1429457033911,6
2024-09-19 09:31:35.587000,416.1902941995844,998
2024-09-19 09:31:35.625000,416.1472792741434,104
2024-09-19 09:31:35.711000,416.149246702264,101
2024-09-19 09:31:35.726000,416.1549562880628,5
2024-09-19 09:31:35.737000,416.1694854609426,6
2024-09-19 09:31:35.743000,416.16307409969664,1005
2024-09-19 09:31:35.752000,416.1415185457916,11
2024-09-19 09:31:35.801000,416.1444844055054,104
2024-09-19 09:31:35.897000,416.1820986316376,1000
2024-09-19 09:31:35.927000,416.1417318530209,100
2024-09-19 09:31:35.958000,416.1765365932628,105
2024-09-19 09:31:35.974000,416.1636805899006,12
2024-09-19 09:31:36.107000,416.2184798214825,999
2024-09-19 09:31:36.453000,416.18880921352815,15
2024-09-19 09:31:36.566000,416.2194629370324,105
2024-09-19 09:31:36.613000,416.2171290230427,8
2024-09-19 09:31:36.866000,416.1977715750567,14
2024-09-19 09:31:36.922000,416.2289691335508,97
2024-09-19 09:31:36.943000,416.205255980157,999
2024-09-19 09:31:37.009000,416.1949317120132,104
2024-09-19 09:31:37.024000,416.2323332206723,5
2024-09-19 09:31:37.028000,416.2142458073132,105
2024-09-19 09:31:37.067000,416.233992017561,13
2024-09-19 09:31:37.102000,416.222261446173,101
2024-09-19 09:31:37.195000,416.2089774861977,997
2024-09-19 09:31:37.228000,416.2286162739949,98
2024-09-19 09:31:37.243000,416.21584176815855,997
2024-09-19 09:31:37.293000,416.23957809441134,100
2024-09-19 09:31:37.442000,416.2481423299928,5
2024-09-19 09:31:37.445000,416.2234066261743,997
2024-09-19 09:31:37.472000,416.20286076256593,997
2024-09-19 09:31:37.519000,416.2183631044277,8
2024-09-19 09:31:37.570000,416.205633695924,11
2024-09-19 09:31:37.578000,416.1969354507624,996
2024-09-19 09:31:37.615000,416.2013890333835,104
2024-09-19 09:31:37.639000,416.22988848733695,1001
2024-09-19 09:31:37.648000,416.2224932264444,10
2024-09-19 09:31:37.667000,416.20701148939975,1003
2024-09-19 09:31:37.676000,416.2272287698627,999
2024-09-19 09:31:37.775000,416.229866560564,7
2024-09-19 09:31:37.837000,416.1929188553245,105
2024-09-19 09:31:37.905000,416.24903030500144,1004
2024-09-19 09:31:37.907000,416.1957193668632,1005
2024-09-19 09:31:37.962000,416.2124996770362,1005
2024-09-19 09:31:38.100000,416.2078142270656,15
2024-09-19 09:31:38.114000,416.2291597953472,97
2024-09-19 09:31:38.120000,416.2267553257756,8
2024-09-19 09:31:38.199000,416.2141044550024,1001
2024-09-19 09:31:38.484000,416.2309645224096,101
2024-09-19 09:31:38.530000,416.25453911784814,1004
2024-09-19 09:31:38.541000,416.23560376841584,8
2024-09-19 09:31:38.573000,416.2400610226982,1003
2024-09-19 09:31:38.750000,416.23716694051376,996
2024-09-19 09:31:38.775000,416.230035120364,95
2024-09-19 09:31:38.808000,416.2703721482656,95
2024-09-19 09:31:38.840000,416.2394316616305,96
2024-09-19 09:31:38.872000,416.2492721364772,99
2024-09-19 09:31:38.887000,416.2282956546829,95
2024-09-19 09:31:38.979000,416.2532718742664,101
2024-09-19 09:31:38.984000,416.2066978870929,103
2024-09-19 09:31:39.144000,416.2304898314124,995
2024-09-19 09:31:39.231000,416.2343226899248,12
2024-09-19 09:31:39.366000,416.221097620838,1001
2024-09-19 09:31:39.608000,416.2536287058837,95
2024-09-19 09:31:39.617000,416.2433848679536,1003
2024-09-19 09:31:39.661000,416.2121698257341,7
2024-09-19 09:31:39.899000,416.23210758924944,1004
2024-09-19 09:31:40.092000,416.19118622715297,996
2024-09-19 09:31:40.150000,416.2119704993417,12
2024-09-19 09:31:40.288000,416.2018721495571,996
2024-09-19 09:31:40.406000,416.18732059880017,998
2024-09-19 09:31:40.530000,416.20454719312767,996
2024-09-19 09:31:40.560000,416.2110019619839,995
2024-09-19 09:31:40.601000,416.1950581248572,997
2024-09-19 09:31:40.673000,416.1892917982012,14
2024-09-19 09:31:40.676000,416.21132955856064,97
2024-09-19 09:31:40.737000,416.1899063546418,995
2024-09-19 09:31:40.750000,416.1892939131936,95
2024-09-19 09:31:41.086000,416.228621063867,7
2024-09-19 09:31:41.111000,416.179754605814,104
2024-09-19 09:31:41.120000,416.2134705106025,997
2024-09-19 09:31:41.183000,416.2643292613196,100
2024-09-19 09:31:41.189000,416.2649228963647,104
2024-09-19 09:31:41.286000,416.2320364152317,8
2024-09-19 09:31:41.312000,416.2060548523183,5
2024-09-19 09:31:41.533000,416.2200667082,101
2024-09-19 09:31:41.535000,416.2411973962487,14
2024-09-19 09:31:41.538000,416.2472553837645,1005
2024-09-19 09:31:41.604000,416.21734265114026,102
2024-09-19 09:31:41.639000,416.2133732704936,10
2024-09-19 09:31:41.670000,416.2267833790162,999
2024-09-19 09:31:41.678000,416.2719176879654,1002
2024-09-19 09:31:41.693000,416.2528827587466,5
2024-09-19 09:31:41.773000,416.24735420575365,7
2024-09-19 09:31:41.792000,416.2722926923155,98
2024-09-19 09:31:41.819000,416.166289638904,12
2024-09-19 09:31:41.819000,416.2459327558688,95
2024-09-19 09:31:41.823000,416.2159969938984,997
2024-09-19 09:31:41.936000,416.2548201102173,998
2024-09-19 09:31:42.408000,416.25944808888494,12
2024-09-19 09:31:42.454000,416.2443979780686,95
2024-09-19 09:31:42.502000,416.23556165308537,999
2024-09-19 09:31:42.591000,416.24842988209394,98
2024-09-19 09:31:43.063000,416.2666964900874,996
2024-09-19 09:31:43.081000,416.2370883948197,13
2024-09-19 09:31:43.088000,416.264592356,1003
2024-09-19 09:31:43.203000,416.2550956405673,98
2024-09-19 09:31:43.222000,416.2471062038325,7
2024-09-19 09:31:43.248000,416.2491092640684,7
2024-09-19 09:31:43.259000,416.2521402727894,103
2024-09-19 09:31:43.297000,416.2759718989535,1004
2024-09-19 09:31:43.316000,416.2481830478334,1002
2024-09-19 09:31:43.321000,416.2639713296713,998
2024-09-19 09:31:43.377000,416.2347109522062,14
2024-09-19 09:31:43.420000,416.2572632416034,998
2024-09-19 09:31:43.420000,416.2646614792956,99
2024-09-19 09:31:43.532000,416.2260032755827,6
2024-09-19 09:31:43.556000,416.2624724565528,996
2024-09-19 09:31:43.593000,416.2424996556182,1002
2024-09-19 09:31:43.605000,416.2670472117053,95
2024-09-19 09:31:43.617000,416.2518502526738,5
2024-09-19 09:31:43.618000,416.2473967828028,97
2024-09-19 09:31:43.629000,416.2929854628586,1003
2024-09-19 09:31:43.670000,416.2276365524688,98
2024-09-19 09:31:43.713000,416.2283106661391,995
2024-09-19 09:31:43.774000,416.2776381576128,1000
2024-09-19 09:31:43.790000,416.2643107294287,105
2024-09-19 09:31:43.867000,416.26236965115976,15
2024-09-19 09:31:43.867000,416.2530263252433,8
2024-09-19 09:31:43.881000,416.2735274741275,996
2024-09-19 09:31:43.915000,416.25592442427,7
2024-09-19 09:31:43.968000,416.2514000360616,997
2024-09-19 09:31:44.010000,416.2281683391387,100
2024-09-19 09:31:44.012000,416.2289137095069,998
2024-09-19 09:31:44.051000,416.2237357234401,7
2024-09-19 09:31:44.114000,416.2514821741011,97
2024-09-19 09:31:44.155000,416.23301318956936,995
2024-09-19 09:31:44.162000,416.2301850465191,996
2024-09-19 09:31:44.207000,416.2147040728372,8
2024-09-19 09:31:44.432000,416.2130507290309,10
2024-09-19 09:31:44.457000,416.2354976716715,95
2024-09-19 09:31:44.458000,416.2154101998775,1004
2024-09-19 09:31:44.530000,416.24045721705625,8
2024-09-19 09:31:44.549000,416.2414698581822,11
2024-09-19 09:31:44.570000,416.22519246827056,97
2024-09-19 09:31:44.621000,416.2319554295629,13
2024-09-19 09:31:44.642000,416.2490372560575,998
2024-09-19 09:31:44.665000,416.24231350009904,6
2024-09-19 09:31:44.675000,416.2256228464318,100
2024-09-19 09:31:44.709000,416.2309352171136,96
2024-09-19 09:31:44.789000,416.21505711609245,105
2024-09-19 09:31:44.832000,416.2202657239149,996
2024-09-19 09:31:44.861000,416.2240673299313,13
2024-09-19 09:31:44.888000,416.2222355356397,102
2024-09-19 09:31:44.906000,416.22214970171234,12
2024-09-19 09:31:44.951000,416.2144773566155,99
2024-09-19 09:31:44.982000,416.2238275314356,103
2024-09-19 09:31:44.987000,416.2279223644773,999
2024-09-19 09:31:44.997000,416.2251073003688,1003
2024-09-19 09:31:45.096000,416.26623571307977,1003
2024-09-19 09:31:45.186000,416.2626133539926,1002
2024-09-19 09:31:45.278000,416.2664683645254,1005
2024-09-19 09:31:45.643000,416.2785505314791,14
2024-09-19 09:31:45.936000,416.2714156203497,96
2024-09-19 09:31:46.050000,416.22334455602,7
2024-09-19 09:31:46.097000,416.2338700576301,997
2024-09-19 09:31:46.121000,416.2473610642567,13
2024-09-19 09:31:46.194000,416.23831948367695,999
2024-09-19 09:31:46.346000,416.2554402904974,995
2024-09-19 09:31:46.350000,416.2340790726527,999
2024-09-19 09:31:46.354000,416.22742991418,103
2024-09-19 09:31:46.449000,416.236267413585,104
2024-09-19 09:31:46.473000,416.2565310079361,1001
2024-09-19 09:31:46.599000,416.2358969622501,13
2024-09-19 09:31:46.637000,416.2737295051766,12
2024-09-19 09:31:46.642000,416.2221506500189,5
2024-09-19 09:31:46.645000,416.2719023635776,101
2024-09-19 09:31:46.689000,416.2741161824053,996
2024-09-19 09:31:46.717000,416.2271353730988,14
2024-09-19 09:31:46.840000,416.2362272713401,1000
2024-09-19 09:31:46.906000,416.23106367148057,10
2024-09-19 09:31:46.975000,416.26836015360817,12
2024-09-19 09:31:47.024000,416.3540457277447,997
2024-09-19 09:31:47.060000,416.3667834349579,1001
2024-09-19 09:31:47.110000,416.2947361153239,998
2024-09-19 09:31:47.141000,416.3267562547537,995
2024-09-19 09:31:47.179000,416.3551309928493,14
2024-09-19 09:31:47.264000,416.3010878590562,14
2024-09-19 09:31:47.269000,416.34193454399633,103
2024-09-19 09:31:47.288000,416.2400486434804,12
2024-09-19 09:31:47.326000,416.2923369435361,998
2024-09-19 09:31:47.335000,416.33538942260753,105
2024-09-19 09:31:47.351000,416.34108010076574,1003
2024-09-19 09:31:47.436000,416.3421256884076,99
2024-09-19 09:31:47.454000,416.2949061237477,14
2024-09-19 09:31:47.530000,416.3549362674305,98
2024-09-19 09:31:47.561000,416.3652903319585,97
2024-09-19 09:31:47.595000,416.33337856504704,996
2024-09-19 09:31:47.700000,416.2477228246193,97
2024-09-19 09:31:47.740000,416.3730957543765,95
2024-09-19 09:31:47.769000,416.2566716217103,1002
2024-09-19 09:31:47.771000,416.33538271178105,99
2024-09-19 09:31:47.809000,416.3557984894656,98
2024-09-19 09:31:47.965000,416.3365893422875,95
2024-09-19 09:31:48.074000,416.3675914850456,102
2024-09-19 09:31:48.132000,416.3558500872709,105
2024-09-19 09:31:48.144000,416.3728781124148,5
2024-09-19 09:31:48.207000,416.3413317280144,105
2024-09-19 09:31:48.232000,416.3148039210123,96
2024-09-19 09:31:48.241000,416.3369767759701,102
2024-09-19 09:31:48.299000,416.3340044672504,99
2024-09-19 09:31:48.302000,416.3706765955432,1005
2024-09-19 09:31:48.320000,416.3734746788622,10
2024-09-19 09:31:48.322000,416.3367224032737,6
2024-09-19 09:31:48.333000,416.3743348199162,12
2024-09-19 09:31:48.508000,416.3368614295532,10
2024-09-19 09:31:48.536000,416.3506710665659,103
2024-09-19 09:31:48.549000,416.4048100318941,999
2024-09-19 09:31:48.657000,416.3634458516992,12
2024-09-19 09:31:48.680000,416.408814345604,6
2024-09-19 09:31:48.754000,416.33156358074416,95
2024-09-19 09:31:48.798000,416.3584098117808,5
2024-09-19 09:31:48.824000,416.3541292556254,6
2024-09-19 09:31:48.825000,416.3809878883853,9
2024-09-19 09:31:48.846000,416.36617337643816,1004
2024-09-19 09:31:48.942000,416.3454956118206,13
2024-09-19 09:31:48.944000,416.3603364378175,104
2024-09-19 09:31:48.984000,416.3569172507099,96
2024-09-19 09:31:49.032000,416.3440187235664,14
2024-09-19 09:31:49.037000,416.3399569656832,95
2024-09-19 09:31:49.043000,416.4187744481876,104
2024-09-19 09:31:49.078000,416.35827192579393,96
2024-09-19 09:31:49.115000,416.3387397121453,999
2024-09-19 09:31:49.145000,416.33359536985535,1000
2024-09-19 09:31:49.191000,416.3403442761853,12
2024-09-19 09:31:49.229000,416.3519039722317,9
2024-09-19 09:31:49.248000,416.3438242207904,995
2024-09-19 09:31:49.256000,416.4078488025536,1005
2024-09-19 09:31:49.450000,416.3841205085883,1005
2024-09-19 09:31:49.497000,416.3284295542844,7
2024-09-19 09:31:49.503000,416.3592282877458,9
2024-09-19 09:31:49.525000,416.4080332339898,8
2024-09-19 09:31:49.552000,416.3542864197672,7
2024-09-19 09:31:49.557000,416.3527050132914,14
2024-09-19 09:31:49.574000,416.33675152941856,995
2024-09-19 09:31:49.588000,416.3366648769142,105
2024-09-19 09:31:49.598000,416.3276107437876,12
2024-09-19 09:31:49.619000,416.3532455005161,999
2024-09-19 09:31:49.660000,416.3965822475803,97
2024-09-19 09:31:49.729000,416.3831368483649,95
2024-09-19 09:31:49.731000,416.40418600042045,13
2024-09-19 09:31:49.819000,416.33854237767184,6
2024-09-19 09:31:49.826000,416.34499471962,96
2024-09-19 09:31:49.899000,416.4254888254736,13
2024-09-19 09:31:49.945000,416.3490225942203,9
2024-09-19 09:31:49.978000,416.40896370340334,9
2024-09-19 09:31:50.004000,416.3422641503173,96
2024-09-19 09:31:50.050000,416.353311222673,9
2024-09-19 09:31:50.089000,416.35347906341815,1001
2024-09-19 09:31:50.090000,416.3566127711944,97
2024-09-19 09:31:50.210000,416.3454033337982,1001
2024-09-19 09:31:50.283000,416.3686193868448,15
2024-09-19 09:31:50.295000,416.369297967327,14
2024-09-19 09:31:50.336000,416.330797021272,13
2024-09-19 09:31:50.357000,416.3136757808932,101
2024-09-19 09:31:50.382000,416.31090026118574,103
2024-09-19 09:31:50.449000,416.36114592355005,97
2024-09-19 09:31:50.474000,416.3672205881138,1000
2024-09-19 09:31:50.487000,416.3589064629671,1005
2024-09-19 09:31:50.490000,416.3479815886944,6
2024-09-19 09:31:50.503000,416.3361301131775,1005
2024-09-19 09:31:50.516000,416.3164303865513,998
2024-09-19 09:31:50.522000,416.307720059741,5
2024-09-19 09:31:50.534000,416.3502009437431,1004
2024-09-19 09:31:50.564000,416.369013749668,1000
2024-09-19 09:31:50.722000,416.3508100096501,5
2024-09-19 09:31:50.740000,416.3440806640399,99
2024-09-19 09:31:50.762000,416.30090970465767,999
2024-09-19 09:31:50.803000,416.332404761825,1001
2024-09-19 09:31:50.816000,416.35266300349554,14
2024-09-19 09:31:50.840000,416.3713328639745,102
2024-09-19 09:31:50.872000,416.3236152299804,105
2024-09-19 09:31:50.903000,416.31279100867255,104
2024-09-19 09:31:50.906000,416.37095977784594,999
2024-09-19 09:31:50.909000,416.3589973591265,97
2024-09-19 09:31:50.936000,416.358045252502,102
2024-09-19 09:31:51.045000,416.34371940606206,11
2024-09-19 09:31:51.074000,416.30602054701046,11
2024-09-19 09:31:51.145000,416.2995375862715,98
2024-09-19 09:31:51.227000,416.3405896463455,8
2024-09-19 09:31:51.241000,416.2731687334896,996
2024-09-19 09:31:51.252000,416.3409985568628,5
2024-09-19 09:31:51.274000,416.275147065267,8
2024-09-19 09:31:51.336000,416.3214401867811,1001
2024-09-19 09:31:51.412000,416.2879061056933,102
2024-09-19 09:31:51.441000,416.28912982594426,6
2024-09-19 09:31:51.462000,416.30908563392006,7
2024-09-19 09:31:51.468000,416.3444256884829,13
2024-09-19 09:31:51.498000,416.331470579364,1003
2024-09-19 09:31:51.513000,416.2724589003601,14
2024-09-19 09:31:51.524000,416.331367391492,9
2024-09-19 09:31:51.536000,416.29186466487454,8
2024-09-19 09:31:51.636000,416.359095438696,101
2024-09-19 09:31:51.660000,416.28868819049984,999
2024-09-19 09:31:51.707000,416.2749220246211,102
2024-09-19 09:31:51.888000,416.2903038392351,99
2024-09-19 09:31:51.904000,416.2793391480113,1000
2024-09-19 09:31:51.905000,416.2737733662916,1002
2024-09-19 09:31:51.944000,416.278798709768,98
2024-09-19 09:31:51.947000,416.3088700511096,97
2024-09-19 09:31:51.983000,416.2900467721534,97
2024-09-19 09:31:52.318000,416.3242403466118,105
2024-09-19 09:31:52.334000,416.3240486966724,1002
2024-09-19 09:31:52.485000,416.2947800799374,997
2024-09-19 09:31:52.591000,416.2813027522408,10
2024-09-19 09:31:52.612000,416.25997231131,1001
2024-09-19 09:31:52.679000,416.27701623081504,997
2024-09-19 09:31:52.775000,416.2849346362256,98
2024-09-19 09:31:52.809000,416.3133845729502,100
2024-09-19 09:31:52.826000,416.2718409528389,1005
2024-09-19 09:31:52.831000,416.32175389970416,7
2024-09-19 09:31:52.905000,416.31853311794566,103
2024-09-19 09:31:52.920000,416.27415862365655,15
2024-09-19 09:31:52.940000,416.3154188912924,9
2024-09-19 09:31:53.036000,416.22528312929705,99
2024-09-19 09:31:53.107000,416.24969607292064,97
2024-09-19 09:31:53.257000,416.2843192266372,5
2024-09-19 09:31:53.301000,416.26390396249946,997
2024-09-19 09:31:53.329000,416.1794843853216,14
2024-09-19 09:31:53.384000,416.1673698938069,11
2024-09-19 09:31:53.406000,416.17149927764393,1004
2024-09-19 09:31:53.408000,416.1737527969874,1003
2024-09-19 09:31:53.485000,416.1604899580655,1004
2024-09-19 09:31:53.491000,416.22316844159513,97
2024-09-19 09:31:53.510000,416.2776672278952,103
2024-09-19 09:31:53.624000,416.2459658810354,96
2024-09-19 09:31:53.641000,416.2283211328672,1000
2024-09-19 09:31:53.735000,416.2627014518845,10
2024-09-19 09:31:53.750000,416.1950033032151,995
2024-09-19 09:31:53.826000,416.2339114586979,1004
2024-09-19 09:31:54.110000,416.1914073213063,99
2024-09-19 09:31:54.143000,416.178105142553,104
2024-09-19 09:31:54.218000,416.1624306552689,996
2024-09-19 09:31:54.218000,416.1467259405145,11
2024-09-19 09:31:54.265000,416.1601515941902,1004
2024-09-19 09:31:54.296000,416.2141264522769,5
2024-09-19 09:31:54.374000,416.20594621696665,11
2024-09-19 09:31:54.395000,416.2135948704853,7
2024-09-19 09:31:54.457000,416.1367243039275,105
2024-09-19 09:31:54.459000,416.150250228576,6
2024-09-19 09:31:54.516000,416.1407425256253,100
2024-09-19 09:31:54.534000,416.1810519005256,102
2024-09-19 09:31:54.755000,416.1986300678894,103
2024-09-19 09:31:54.951000,416.2126768185233,998
2024-09-19 09:31:54.954000,416.1847769624484,6
2024-09-19 09:31:55.011000,416.2411383959814,14
2024-09-19 09:31:55.021000,416.23783555186674,995
2024-09-19 09:31:55.042000,416.1693580192365,13
2024-09-19 09:31:55.091000,416.19081668585176,997
2024-09-19 09:31:55.102000,416.2336976603714,15
2024-09-19 09:31:55.134000,416.2353866906535,1001
2024-09-19 09:31:55.327000,416.2338488492479,105
2024-09-19 09:31:55.350000,416.18779688111096,1003
2024-09-19 09:31:55.410000,416.2231641199618,996
2024-09-19 09:31:55.431000,416.18757663594056,1001
2024-09-19 09:31:55.434000,416.1849840680533,997
2024-09-19 09:31:55.487000,416.21880469746463,1001
2024-09-19 09:31:55.534000,416.1737085028213,999
2024-09-19 09:31:55.636000,416.2049380352886,997
2024-09-19 09:31:55.636000,416.20441283868576,98
2024-09-19 09:31:55.668000,416.178583819914,103
2024-09-19 09:31:55.726000,416.20468525566514,1002
2024-09-19 09:31:55.733000,416.169571425969,100
2024-09-19 09:31:55.734000,416.1786780325823,97
2024-09-19 09:31:55.789000,416.2247771626586,5
2024-09-19 09:31:55.797000,416.2199369710159,5
2024-09-19 09:31:55.873000,416.1696064199843,103
2024-09-19 09:31:55.874000,416.1800900023813,996
2024-09-19 09:31:55.968000,416.18381204707794,98
2024-09-19 09:31:55.984000,416.2165831337656,5
2024-09-19 09:31:55.992000,416.1667870902056,100
2024-09-19 09:31:56.166000,416.2634128689576,101
2024-09-19 09:31:56.317000,416.23691436868415,1002
2024-09-19 09:31:56.347000,416.2450364356743,104
2024-09-19 09:31:56.353000,416.23563259851824,101
2024-09-19 09:31:56.667000,416.2472119133127,8
2024-09-19 09:31:56.701000,416.2331221452349,15
2024-09-19 09:31:56.978000,416.2366115851586,13
2024-09-19 09:31:57.099000,416.2739815487143,1002
2024-09-19 09:31:57.260000,416.2447437569945,8
2024-09-19 09:31:57.302000,416.2534837612611,100
2024-09-19 09:31:57.380000,416.2276871595417,6
2024-09-19 09:31:57.419000,416.2771747242191,1001
2024-09-19 09:31:57.456000,416.2256092562367,9
2024-09-19 09:31:57.611000,416.26973529505926,13
2024-09-19 09:31:57.622000,416.2329264046857,997
2024-09-19 09:31:57.631000,416.227790021967,104
2024-09-19 09:31:57.659000,416.2585724168621,11
2024-09-19 09:31:57.766000,416.24204798630586,998
2024-09-19 09:31:57.782000,416.19353160739297,15
2024-09-19 09:31:57.792000,416.2289433996646,998
2024-09-19 09:31:57.838000,416.28488078544666,14
2024-09-19 09:31:57.876000,416.23925979013126,13
2024-09-19 09:31:57.892000,416.2091202870897,100
2024-09-19 09:31:57.972000,416.2434673013203,96
2024-09-19 09:31:57.980000,416.2194990642428,995
2024-09-19 09:31:58.005000,416.25488285696105,97
2024-09-19 09:31:58.012000,416.2656660663462,99
2024-09-19 09:31:58.052000,416.2318973804969,96
2024-09-19 09:31:58.058000,416.2357388671069,105
2024-09-19 09:31:58.070000,416.2270930321662,6
2024-09-19 09:31:58.224000,416.1836079421619,10
2024-09-19 09:31:58.227000,416.25048336597,102
2024-09-19 09:31:58.363000,416.2244707963749,99
2024-09-19 09:31:58.374000,416.2465225460317,14
2024-09-19 09:31:58.429000,416.2356711749511,998
2024-09-19 09:31:58.519000,416.2562276077697,97
2024-09-19 09:31:58.523000,416.2373604449877,7
2024-09-19 09:31:58.558000,416.2259864185294,999
2024-09-19 09:31:58.622000,416.2203118994274,1005
2024-09-19 09:31:58.663000,416.2410581232439,1002
2024-09-19 09:31:58.693000,416.2549160895028,1005
2024-09-19 09:31:58.719000,416.24876153487673,995
2024-09-19 09:31:58.728000,416.2809876973264,7
2024-09-19 09:31:58.730000,416.2261086772036,1005
2024-09-19 09:31:58.770000,416.1931695418581,1000
2024-09-19 09:31:58.795000,416.2322691913597,95
2024-09-19 09:31:58.801000,416.2564749407985,14
2024-09-19 09:31:58.840000,416.2417618736533,102
2024-09-19 09:31:58.919000,416.2358232094175,7
2024-09-19 09:31:58.929000,416.2405397579885,11
2024-09-19 09:31:58.943000,416.23538646847794,10
2024-09-19 09:31:58.964000,416.2521271984541,15
2024-09-19 09:31:59.172000,416.1798026554416,5
