Timestamp,Price,Size
2024-09-16 11:31:01.025000,416.79680035870143,5
2024-09-16 11:31:01.034000,416.7784995441444,996
2024-09-16 11:31:01.086000,416.7934170011844,11
2024-09-16 11:31:01.087000,416.7556258044192,15
2024-09-16 11:31:01.144000,416.75052536469343,996
2024-09-16 11:31:01.183000,416.7835981504232,995
2024-09-16 11:31:01.224000,416.7671809644798,998
2024-09-16 11:31:01.297000,416.77417014703167,100
2024-09-16 11:31:01.441000,416.760203418326,103
2024-09-16 11:31:01.466000,416.7773287371847,105
2024-09-16 11:31:01.607000,416.7735782683092,1000
2024-09-16 11:31:01.629000,416.77462872541486,13
2024-09-16 11:31:01.649000,416.77522364416245,999
2024-09-16 11:31:01.742000,416.7698964969837,1004
2024-09-16 11:31:01.825000,416.78817257148097,12
2024-09-16 11:31:01.844000,416.77840603539954,99
2024-09-16 11:31:01.859000,416.7753882236287,1000
2024-09-16 11:31:01.916000,416.7947090894271,13
2024-09-16 11:31:01.947000,416.7801345156395,10
2024-09-16 11:31:02.043000,416.7843496915513,997
2024-09-16 11:31:02.066000,416.8045657086287,14
2024-09-16 11:31:02.141000,416.7815620148644,95
2024-09-16 11:31:02.180000,416.76715238024576,102
2024-09-16 11:31:02.283000,416.7709845932827,1001
2024-09-16 11:31:02.332000,416.8150648650397,998
2024-09-16 11:31:02.362000,416.8165737152854,7
2024-09-16 11:31:02.418000,416.8306376385884,1000
2024-09-16 11:31:02.438000,416.8259196622997,103
2024-09-16 11:31:02.438000,416.7955402163852,996
2024-09-16 11:31:02.451000,416.7845307909726,998
2024-09-16 11:31:02.558000,416.8322475614215,999
2024-09-16 11:31:02.568000,416.8208610586647,100
2024-09-16 11:31:02.613000,416.7706355304816,7
2024-09-16 11:31:02.676000,416.80744162846975,102
2024-09-16 11:31:02.687000,416.7991723518662,12
2024-09-16 11:31:02.716000,416.7740943713089,97
2024-09-16 11:31:02.751000,416.7660982907514,1003
2024-09-16 11:31:02.761000,416.8186239800796,1001
2024-09-16 11:31:02.914000,416.7839497120767,999
2024-09-16 11:31:02.933000,416.8053549184395,997
2024-09-16 11:31:02.935000,416.79979752868746,1001
2024-09-16 11:31:02.995000,416.7853849922421,998
2024-09-16 11:31:03.587000,416.8134320189848,12
2024-09-16 11:31:04.045000,416.796932082471,97
2024-09-16 11:31:04.067000,416.79667324054014,98
2024-09-16 11:31:04.079000,416.7529078778292,15
2024-09-16 11:31:04.138000,416.7585506530468,96
2024-09-16 11:31:04.151000,416.7758069860236,999
2024-09-16 11:31:04.243000,416.75742647465,11
2024-09-16 11:31:04.289000,416.7537134892296,104
2024-09-16 11:31:04.468000,416.75785839128986,1005
2024-09-16 11:31:04.476000,416.7709378815935,5
2024-09-16 11:31:04.491000,416.7850682223319,1005
2024-09-16 11:31:04.515000,416.7670542223829,1004
2024-09-16 11:31:04.580000,416.7858310920372,999
2024-09-16 11:31:04.671000,416.7542444753543,1000
2024-09-16 11:31:04.723000,416.77710843871694,5
2024-09-16 11:31:04.755000,416.7604428716399,98
2024-09-16 11:31:04.763000,416.7822414892796,1002
2024-09-16 11:31:04.765000,416.7455190895705,998
2024-09-16 11:31:04.774000,416.75559215360704,8
2024-09-16 11:31:04.789000,416.7845944434085,15
2024-09-16 11:31:04.866000,416.76593733117136,1005
2024-09-16 11:31:04.881000,416.7747179807122,9
2024-09-16 11:31:04.883000,416.7558852746872,1002
2024-09-16 11:31:04.917000,416.7506952547955,995
2024-09-16 11:31:04.920000,416.7656709196752,1001
2024-09-16 11:31:04.931000,416.75366521862645,1005
2024-09-16 11:31:04.938000,416.7654786070818,95
2024-09-16 11:31:04.982000,416.7942425123001,6
2024-09-16 11:31:04.984000,416.7627180815584,102
2024-09-16 11:31:05.640000,416.8030200712515,5
2024-09-16 11:31:06.011000,416.8279551005406,997
2024-09-16 11:31:06.144000,416.8078540020557,1003
2024-09-16 11:31:06.165000,416.7903800500165,996
2024-09-16 11:31:06.188000,416.80358575246805,97
2024-09-16 11:31:06.275000,416.8058804012396,103
2024-09-16 11:31:06.305000,416.8245119053319,13
2024-09-16 11:31:06.326000,416.78347859110926,97
2024-09-16 11:31:06.390000,416.8087223237633,1000
2024-09-16 11:31:06.397000,416.8347832121958,97
2024-09-16 11:31:06.404000,416.7944583319115,1000
2024-09-16 11:31:06.423000,416.7898094693122,100
2024-09-16 11:31:06.452000,416.79520572586,999
2024-09-16 11:31:06.501000,416.79560323055694,9
2024-09-16 11:31:06.540000,416.785332331468,99
2024-09-16 11:31:06.572000,416.795009812887,1003
2024-09-16 11:31:06.585000,416.7909983165726,12
2024-09-16 11:31:06.655000,416.8097838495232,100
2024-09-16 11:31:06.667000,416.7981524488819,15
2024-09-16 11:31:06.716000,416.8014987218915,11
2024-09-16 11:31:06.819000,416.8200476091911,999
2024-09-16 11:31:06.869000,416.7821590735982,99
2024-09-16 11:31:06.872000,416.7951590862581,97
2024-09-16 11:31:06.872000,416.8024383406281,103
2024-09-16 11:31:06.928000,416.7942341514994,8
2024-09-16 11:31:06.968000,416.8037120272282,7
2024-09-16 11:31:07.048000,416.85786849727606,997
2024-09-16 11:31:07.073000,416.889294522232,997
2024-09-16 11:31:07.154000,416.8546805634403,13
2024-09-16 11:31:07.171000,416.8382219058298,6
2024-09-16 11:31:07.176000,416.8974419762265,97
2024-09-16 11:31:07.211000,416.8642233998606,996
2024-09-16 11:31:07.279000,416.85005118078544,95
2024-09-16 11:31:07.309000,416.8904335464413,998
2024-09-16 11:31:07.325000,416.8878342459264,10
2024-09-16 11:31:07.366000,416.8544140116248,97
2024-09-16 11:31:07.383000,416.848739004097,102
2024-09-16 11:31:07.452000,416.86547704244185,1000
2024-09-16 11:31:07.509000,416.8921528020185,1001
2024-09-16 11:31:07.754000,416.8542693592537,10
2024-09-16 11:31:07.757000,416.8817034746178,96
2024-09-16 11:31:07.811000,416.872343113555,1000
2024-09-16 11:31:07.818000,416.8911131716342,7
2024-09-16 11:31:07.819000,416.8867796884137,15
2024-09-16 11:31:07.890000,416.8355210785271,1004
2024-09-16 11:31:07.986000,416.8509823715551,996
2024-09-16 11:31:08.007000,416.8670915641387,6
2024-09-16 11:31:08.054000,416.8446573065802,7
2024-09-16 11:31:08.070000,416.8790695201261,13
2024-09-16 11:31:08.112000,416.8663755667278,104
2024-09-16 11:31:08.121000,416.8701318926908,9
2024-09-16 11:31:08.201000,416.846930975677,1000
2024-09-16 11:31:08.228000,416.872001709381,997
2024-09-16 11:31:08.241000,416.8990503439564,15
2024-09-16 11:31:08.280000,416.8886913412567,995
2024-09-16 11:31:08.288000,416.8831021707481,101
2024-09-16 11:31:08.299000,416.8747155675375,97
2024-09-16 11:31:08.310000,416.8497501203028,95
2024-09-16 11:31:08.377000,416.88366840456894,7
2024-09-16 11:31:08.391000,416.84903239008815,12
2024-09-16 11:31:08.426000,416.8653483061977,5
2024-09-16 11:31:08.446000,416.8568559429957,11
2024-09-16 11:31:08.456000,416.8773827307704,999
2024-09-16 11:31:08.475000,416.85562853704033,95
2024-09-16 11:31:08.680000,416.8779249522608,1003
2024-09-16 11:31:08.806000,416.8768908992023,10
2024-09-16 11:31:08.862000,416.88836897994975,1000
2024-09-16 11:31:08.891000,416.8798458971215,1001
2024-09-16 11:31:08.969000,416.9036980904791,6
2024-09-16 11:31:09.093000,416.84707416403,95
2024-09-16 11:31:09.179000,416.8411182882205,997
2024-09-16 11:31:09.234000,416.8783565790786,105
2024-09-16 11:31:09.314000,416.8684719116793,97
2024-09-16 11:31:09.362000,416.84993741331954,7
2024-09-16 11:31:09.467000,416.8697078609287,998
2024-09-16 11:31:09.490000,416.83764800585874,15
2024-09-16 11:31:09.495000,416.84740224762544,5
2024-09-16 11:31:09.500000,416.8340487930135,997
2024-09-16 11:31:09.543000,416.8526630901589,105
2024-09-16 11:31:09.582000,416.8238585322232,6
2024-09-16 11:31:09.665000,416.8657614689386,999
2024-09-16 11:31:09.734000,416.87030591203774,96
2024-09-16 11:31:09.737000,416.8481923837287,997
2024-09-16 11:31:09.789000,416.8671269578082,105
2024-09-16 11:31:09.848000,416.8640967885069,1005
2024-09-16 11:31:09.929000,416.81713073194857,9
2024-09-16 11:31:10.080000,416.8811062126042,12
2024-09-16 11:31:10.141000,416.8984934332769,99
2024-09-16 11:31:10.152000,416.9078066705503,96
2024-09-16 11:31:10.158000,416.8869737825501,12
2024-09-16 11:31:10.303000,416.8825143827111,12
2024-09-16 11:31:10.354000,416.8950501270517,5
2024-09-16 11:31:10.391000,416.8897794872834,14
2024-09-16 11:31:10.400000,416.8794486327928,995
2024-09-16 11:31:10.416000,416.87579530881993,999
2024-09-16 11:31:10.434000,416.8855788089553,101
2024-09-16 11:31:10.550000,416.8776100650449,98
2024-09-16 11:31:10.743000,416.8863823609146,99
2024-09-16 11:31:10.767000,416.9025113521407,1004
2024-09-16 11:31:10.900000,416.8909816289384,14
2024-09-16 11:31:10.979000,416.8951628122583,10
2024-09-16 11:31:10.997000,416.8885580189227,7
2024-09-16 11:31:11.016000,416.90602518291297,8
2024-09-16 11:31:11.023000,416.9357057934896,5
2024-09-16 11:31:11.026000,416.9205462075472,7
2024-09-16 11:31:11.091000,416.9075481783448,14
2024-09-16 11:31:11.201000,416.8990372527584,1001
2024-09-16 11:31:11.224000,416.931741065112,1001
2024-09-16 11:31:11.240000,416.91493497032445,98
2024-09-16 11:31:11.304000,416.9351084362346,104
2024-09-16 11:31:11.477000,416.92688585426447,1003
2024-09-16 11:31:11.513000,416.9345348270616,6
2024-09-16 11:31:11.582000,416.93287124605934,1002
2024-09-16 11:31:11.591000,416.8964574034831,7
2024-09-16 11:31:11.593000,416.8954196296737,105
2024-09-16 11:31:11.687000,416.8933317368131,15
2024-09-16 11:31:11.735000,416.9078347118013,103
2024-09-16 11:31:11.864000,416.9291921125232,1001
2024-09-16 11:31:11.889000,416.9328798599086,12
2024-09-16 11:31:11.974000,416.89592202614654,997
2024-09-16 11:31:11.986000,416.91454321303496,999
2024-09-16 11:31:12.355000,416.89894088166704,105
2024-09-16 11:31:12.367000,416.9018428282179,96
2024-09-16 11:31:12.402000,416.8826731180939,1002
2024-09-16 11:31:12.445000,416.9017016482546,8
2024-09-16 11:31:12.483000,416.8949847291764,96
2024-09-16 11:31:12.549000,416.9023058347815,95
2024-09-16 11:31:12.567000,416.8809468803408,12
2024-09-16 11:31:12.579000,416.9096959582644,95
2024-09-16 11:31:12.608000,416.9131432500551,10
2024-09-16 11:31:12.642000,416.89800606303214,102
2024-09-16 11:31:12.643000,416.9101163869098,995
2024-09-16 11:31:12.717000,416.89419813420506,103
2024-09-16 11:31:12.724000,416.9229848374842,1001
2024-09-16 11:31:12.729000,416.8923168809537,1005
2024-09-16 11:31:12.745000,416.890516858072,13
2024-09-16 11:31:12.746000,416.88084823529886,1004
2024-09-16 11:31:12.796000,416.898119457369,14
2024-09-16 11:31:12.892000,416.8838923317686,1003
2024-09-16 11:31:12.895000,416.88830931977225,96
2024-09-16 11:31:12.928000,416.8744062936517,103
2024-09-16 11:31:13.017000,416.8274517624383,103
2024-09-16 11:31:13.071000,416.8198460934212,1000
2024-09-16 11:31:13.117000,416.83426210299024,102
2024-09-16 11:31:13.192000,416.8280566066931,100
2024-09-16 11:31:13.445000,416.8525477019792,96
2024-09-16 11:31:13.451000,416.8235124015178,995
2024-09-16 11:31:13.456000,416.8629239289745,999
2024-09-16 11:31:13.472000,416.8219142322443,8
2024-09-16 11:31:13.475000,416.902060991691,1002
2024-09-16 11:31:13.620000,416.90072222805424,14
2024-09-16 11:31:13.623000,416.87965030604425,6
2024-09-16 11:31:13.737000,416.8587748740824,1005
2024-09-16 11:31:13.750000,416.8902975199526,1000
2024-09-16 11:31:13.809000,416.86543847528895,996
2024-09-16 11:31:13.865000,416.8942550051992,1000
2024-09-16 11:31:13.905000,416.8534069718408,995
2024-09-16 11:31:13.955000,416.9019261316262,1000
2024-09-16 11:31:13.956000,416.8448761451864,10
2024-09-16 11:31:13.966000,416.8495979774929,10
2024-09-16 11:31:13.980000,416.840379548708,13
2024-09-16 11:31:14,416.8420084760064,12
2024-09-16 11:31:14.017000,416.8213460194728,1000
2024-09-16 11:31:14.026000,416.7817354271923,15
2024-09-16 11:31:14.040000,416.8312840614324,999
2024-09-16 11:31:14.047000,416.8057849234297,1001
2024-09-16 11:31:14.086000,416.7597820613069,99
2024-09-16 11:31:14.113000,416.8144694233872,996
2024-09-16 11:31:14.130000,416.789047464016,1004
2024-09-16 11:31:14.168000,416.8261243650009,7
2024-09-16 11:31:14.201000,416.7742085479278,97
2024-09-16 11:31:14.350000,416.7710238164235,95
2024-09-16 11:31:14.417000,416.8454366078049,13
2024-09-16 11:31:14.433000,416.77463664436,1002
2024-09-16 11:31:14.478000,416.8255336767703,96
2024-09-16 11:31:14.625000,416.82617081928015,14
2024-09-16 11:31:14.643000,416.7902957483539,995
2024-09-16 11:31:14.679000,416.8287004965514,995
2024-09-16 11:31:14.712000,416.8038642680228,98
2024-09-16 11:31:14.733000,416.7885564375241,100
2024-09-16 11:31:14.805000,416.850114232904,13
2024-09-16 11:31:14.824000,416.8268613416396,1001
2024-09-16 11:31:14.839000,416.7957924764144,10
2024-09-16 11:31:14.841000,416.7627565369793,100
2024-09-16 11:31:14.854000,416.762841688336,103
2024-09-16 11:31:14.868000,416.8162482763093,996
2024-09-16 11:31:14.898000,416.7532514206981,100
2024-09-16 11:31:14.980000,416.8416845409016,14
2024-09-16 11:31:15.016000,416.83818801800186,5
2024-09-16 11:31:15.059000,416.8770849958375,996
2024-09-16 11:31:15.099000,416.8344970959612,12
2024-09-16 11:31:15.143000,416.84487525948566,103
2024-09-16 11:31:15.183000,416.8894622189852,996
2024-09-16 11:31:15.185000,416.8671263936162,12
2024-09-16 11:31:15.250000,416.8762563677873,996
2024-09-16 11:31:15.254000,416.8387844754936,998
2024-09-16 11:31:15.280000,416.8163091371385,98
2024-09-16 11:31:15.313000,416.8064238938407,997
2024-09-16 11:31:15.322000,416.87691384457946,13
2024-09-16 11:31:15.388000,416.8610807087358,98
2024-09-16 11:31:15.486000,416.8683978119286,1001
2024-09-16 11:31:15.513000,416.8275586299944,5
2024-09-16 11:31:15.596000,416.85913851373954,1003
2024-09-16 11:31:15.632000,416.8451254389322,10
2024-09-16 11:31:15.644000,416.8422200096786,1002
2024-09-16 11:31:15.655000,416.88404055465486,7
2024-09-16 11:31:15.715000,416.8471795062671,99
2024-09-16 11:31:15.723000,416.8279853668532,7
2024-09-16 11:31:15.745000,416.8637680065688,102
2024-09-16 11:31:15.851000,416.8373982868423,100
2024-09-16 11:31:15.873000,416.8107329841567,998
2024-09-16 11:31:15.884000,416.8629274965324,12
2024-09-16 11:31:15.907000,416.8733377495034,8
2024-09-16 11:31:15.910000,416.8504323452099,102
2024-09-16 11:31:15.912000,416.8698032232938,1005
2024-09-16 11:31:17.087000,416.8886355953591,95
2024-09-16 11:31:17.088000,416.853366887568,1003
2024-09-16 11:31:17.151000,416.8767537156839,995
2024-09-16 11:31:17.158000,416.8775092462465,103
2024-09-16 11:31:17.162000,416.8789615204163,999
2024-09-16 11:31:17.163000,416.8618213821623,995
2024-09-16 11:31:17.164000,416.8640097807829,1003
2024-09-16 11:31:17.274000,416.8796867377763,15
2024-09-16 11:31:17.338000,416.8596047471754,14
2024-09-16 11:31:17.384000,416.8469215072909,7
2024-09-16 11:31:17.407000,416.8367027756437,999
2024-09-16 11:31:17.420000,416.8839563053412,103
2024-09-16 11:31:17.498000,416.8308888037518,998
2024-09-16 11:31:17.525000,416.8709107766531,999
2024-09-16 11:31:17.590000,416.83821875552496,97
2024-09-16 11:31:17.816000,416.8844879648477,1002
2024-09-16 11:31:17.833000,416.8766292403088,1004
2024-09-16 11:31:17.959000,416.8631281495661,100
2024-09-16 11:31:17.977000,416.8773320259584,998
2024-09-16 11:31:18.080000,416.8774681262263,9
2024-09-16 11:31:18.108000,416.8674111619691,101
2024-09-16 11:31:18.208000,416.8727726180981,1003
2024-09-16 11:31:18.498000,416.8837073567977,105
2024-09-16 11:31:18.824000,416.88051420954895,97
2024-09-16 11:31:19,416.878364070466,999
2024-09-16 11:31:19.027000,416.8836512625943,103
2024-09-16 11:31:19.073000,416.9246312161905,105
2024-09-16 11:31:19.095000,416.9311761799997,98
2024-09-16 11:31:19.132000,416.8944750898613,10
2024-09-16 11:31:19.141000,416.90139254665615,96
2024-09-16 11:31:19.144000,416.8907732618896,1005
2024-09-16 11:31:19.165000,416.9360025184464,996
2024-09-16 11:31:19.171000,416.8747577909485,6
2024-09-16 11:31:19.207000,416.9156418242022,1003
2024-09-16 11:31:19.214000,416.8886880803789,14
2024-09-16 11:31:19.267000,416.91173256586166,998
2024-09-16 11:31:19.335000,416.8871765532604,9
2024-09-16 11:31:19.337000,416.9159390180053,1005
2024-09-16 11:31:19.449000,416.9051594612457,102
2024-09-16 11:31:19.493000,416.89950461971694,13
2024-09-16 11:31:19.561000,416.931671910377,95
2024-09-16 11:31:19.620000,416.9036521188944,104
2024-09-16 11:31:19.684000,416.9047711590965,5
2024-09-16 11:31:19.698000,416.8969223986671,95
2024-09-16 11:31:19.796000,416.9084131874614,1000
2024-09-16 11:31:19.823000,416.8678184541386,104
2024-09-16 11:31:19.886000,416.8762220546324,1001
2024-09-16 11:31:19.891000,416.9073229416821,13
2024-09-16 11:31:19.898000,416.9135555844769,6
2024-09-16 11:31:19.904000,416.9375268230596,14
2024-09-16 11:31:19.951000,416.8974758763905,11
2024-09-16 11:31:20.084000,416.826358286464,14
2024-09-16 11:31:20.097000,416.80015136517386,15
2024-09-16 11:31:20.132000,416.8025555248323,1000
2024-09-16 11:31:20.219000,416.8831052083153,1000
2024-09-16 11:31:20.262000,416.8070796176549,9
2024-09-16 11:31:20.428000,416.8603040881593,996
2024-09-16 11:31:20.589000,416.79823912091086,100
2024-09-16 11:31:20.744000,416.8129572046086,97
2024-09-16 11:31:20.763000,416.8491203787988,1004
2024-09-16 11:31:20.776000,416.800778917227,104
2024-09-16 11:31:20.829000,416.821230902878,105
2024-09-16 11:31:20.851000,416.82936927721033,98
2024-09-16 11:31:20.965000,416.80213937864505,5
2024-09-16 11:31:21.085000,416.6316448472569,1002
2024-09-16 11:31:21.117000,416.8222395996626,1004
2024-09-16 11:31:21.148000,416.6729993529331,995
2024-09-16 11:31:21.291000,416.62727172148857,1003
2024-09-16 11:31:21.305000,416.7679161904021,98
2024-09-16 11:31:21.384000,416.7286372260381,1000
2024-09-16 11:31:21.421000,416.6986552252132,996
2024-09-16 11:31:21.495000,416.7240037011974,102
2024-09-16 11:31:21.584000,416.6806591528024,15
2024-09-16 11:31:21.618000,416.6326001811779,101
2024-09-16 11:31:21.622000,416.8191395447984,9
2024-09-16 11:31:21.643000,416.8095578334072,7
2024-09-16 11:31:21.649000,416.812637046603,998
2024-09-16 11:31:21.663000,416.6284273059072,1004
2024-09-16 11:31:21.771000,416.7576025442721,96
2024-09-16 11:31:21.796000,416.79417344341823,8
2024-09-16 11:31:21.815000,416.7025725210663,6
2024-09-16 11:31:21.871000,416.63690345768856,13
2024-09-16 11:31:21.894000,416.79196129149466,96
2024-09-16 11:31:21.907000,416.8096499750715,10
2024-09-16 11:31:21.920000,416.6677226674303,7
2024-09-16 11:31:21.945000,416.64854797879207,13
2024-09-16 11:31:21.951000,416.6267186117578,1004
2024-09-16 11:31:21.998000,416.64242779612727,998
2024-09-16 11:31:22.058000,416.6691087755689,99
2024-09-16 11:31:22.090000,416.6458123987183,5
2024-09-16 11:31:22.156000,416.6693809281795,997
2024-09-16 11:31:22.163000,416.6981014542566,997
2024-09-16 11:31:22.217000,416.660884338235,102
2024-09-16 11:31:22.233000,416.6498053371068,101
2024-09-16 11:31:22.265000,416.6786889937474,99
2024-09-16 11:31:22.266000,416.690233535216,100
2024-09-16 11:31:22.403000,416.68597153897787,1003
2024-09-16 11:31:22.421000,416.6767800284439,99
2024-09-16 11:31:22.503000,416.68707113221245,11
2024-09-16 11:31:22.522000,416.655562946337,13
2024-09-16 11:31:22.545000,416.6798745549104,1005
2024-09-16 11:31:22.555000,416.6738357064087,102
2024-09-16 11:31:22.558000,416.6766943164269,1002
2024-09-16 11:31:22.592000,416.719436999347,15
2024-09-16 11:31:22.787000,416.6948740689437,101
2024-09-16 11:31:22.803000,416.6482801605375,95
2024-09-16 11:31:22.827000,416.6859231838797,1004
2024-09-16 11:31:22.835000,416.7059693569631,15
2024-09-16 11:31:22.843000,416.6960334846001,99
2024-09-16 11:31:22.876000,416.7056383967581,1004
2024-09-16 11:31:22.931000,416.6740332931088,98
2024-09-16 11:31:22.933000,416.7051362370957,97
2024-09-16 11:31:22.990000,416.6933646909409,98
2024-09-16 11:31:23.109000,416.7020287983557,105
2024-09-16 11:31:23.124000,416.727320157948,996
2024-09-16 11:31:23.157000,416.7401649591605,98
2024-09-16 11:31:23.194000,416.72213157919,8
2024-09-16 11:31:23.295000,416.7182064565631,12
2024-09-16 11:31:23.334000,416.742434997074,8
2024-09-16 11:31:23.367000,416.7282074198711,8
2024-09-16 11:31:23.485000,416.7472669588779,13
2024-09-16 11:31:23.673000,416.73084698684505,11
2024-09-16 11:31:23.919000,416.73601587149886,996
2024-09-16 11:31:23.952000,416.7316934293584,6
2024-09-16 11:31:23.961000,416.73896732185233,1000
2024-09-16 11:31:23.976000,416.6817607479102,14
2024-09-16 11:31:24.038000,416.71293197180376,105
2024-09-16 11:31:24.043000,416.717067607096,1000
2024-09-16 11:31:24.241000,416.7169912506433,14
2024-09-16 11:31:24.279000,416.7307354022603,97
2024-09-16 11:31:24.311000,416.71691592486457,12
2024-09-16 11:31:24.328000,416.7076714994853,99
2024-09-16 11:31:24.368000,416.7404558338426,13
2024-09-16 11:31:24.420000,416.72122837839567,103
2024-09-16 11:31:24.422000,416.7119763727816,12
2024-09-16 11:31:24.436000,416.70549027954513,104
2024-09-16 11:31:24.559000,416.7233463208068,14
2024-09-16 11:31:24.564000,416.7270484465826,1003
2024-09-16 11:31:24.584000,416.7068038280205,5
2024-09-16 11:31:24.692000,416.7359357210348,999
2024-09-16 11:31:24.763000,416.718681623048,1000
2024-09-16 11:31:24.849000,416.7246670413567,6
2024-09-16 11:31:24.851000,416.7114691752734,15
2024-09-16 11:31:24.932000,416.72435740814245,998
2024-09-16 11:31:25.053000,416.7638860397505,14
2024-09-16 11:31:25.054000,416.7809902857524,1005
2024-09-16 11:31:25.103000,416.7988532575568,998
2024-09-16 11:31:25.170000,416.8036551502863,11
2024-09-16 11:31:25.202000,416.79840417165406,98
2024-09-16 11:31:25.330000,416.8042341780798,13
2024-09-16 11:31:25.470000,416.72166454751385,100
2024-09-16 11:31:25.474000,416.74015434774,103
2024-09-16 11:31:25.479000,416.8047918433139,998
2024-09-16 11:31:25.522000,416.7358961336663,96
2024-09-16 11:31:25.559000,416.8211952068887,9
2024-09-16 11:31:25.604000,416.7910158197402,96
2024-09-16 11:31:25.860000,416.78507263720206,100
2024-09-16 11:31:26.059000,416.7660877582044,15
2024-09-16 11:31:26.143000,416.811944218329,104
2024-09-16 11:31:26.216000,416.7761187741663,97
2024-09-16 11:31:26.326000,416.7765356934545,11
2024-09-16 11:31:26.338000,416.7646628403074,5
2024-09-16 11:31:26.363000,416.75844538912105,14
2024-09-16 11:31:26.369000,416.79598596962353,11
2024-09-16 11:31:26.431000,416.7967512380163,8
2024-09-16 11:31:26.600000,416.7740701432171,98
2024-09-16 11:31:26.786000,416.7683008906234,105
2024-09-16 11:31:26.792000,416.7630336780797,6
2024-09-16 11:31:26.817000,416.79734998400414,13
2024-09-16 11:31:26.978000,416.7672453222671,1004
2024-09-16 11:31:27.035000,416.7690217948,14
2024-09-16 11:31:27.105000,416.8158461696622,998
2024-09-16 11:31:27.141000,416.75989206400254,104
2024-09-16 11:31:27.206000,416.805627157277,13
2024-09-16 11:31:27.260000,416.78208363498055,10
2024-09-16 11:31:27.287000,416.7730438787465,1004
2024-09-16 11:31:27.326000,416.7672579071283,9
2024-09-16 11:31:27.410000,416.8167879764782,6
2024-09-16 11:31:27.418000,416.7854361320887,13
2024-09-16 11:31:27.434000,416.783144540208,14
2024-09-16 11:31:27.544000,416.8188840862703,103
2024-09-16 11:31:27.597000,416.7510205757381,11
2024-09-16 11:31:27.657000,416.79676640854217,103
2024-09-16 11:31:27.679000,416.766405292164,105
2024-09-16 11:31:27.689000,416.7693380142854,996
2024-09-16 11:31:27.748000,416.7874713836624,1001
2024-09-16 11:31:27.780000,416.82065796542577,15
2024-09-16 11:31:27.780000,416.78036013638274,1005
2024-09-16 11:31:27.787000,416.7345928942881,5
2024-09-16 11:31:27.788000,416.7764557068672,11
2024-09-16 11:31:27.799000,416.73696642904656,103
2024-09-16 11:31:27.801000,416.75782425960807,104
2024-09-16 11:31:27.807000,416.782567233716,11
2024-09-16 11:31:28.078000,416.7950855858947,99
2024-09-16 11:31:28.107000,416.7690881558685,13
2024-09-16 11:31:28.298000,416.8122962087226,97
2024-09-16 11:31:28.351000,416.8111749868157,996
2024-09-16 11:31:28.369000,416.8456408147204,9
2024-09-16 11:31:28.414000,416.76840821049535,1000
2024-09-16 11:31:28.463000,416.8027321253871,11
2024-09-16 11:31:28.476000,416.8163937739625,15
2024-09-16 11:31:28.491000,416.7745914902064,1001
2024-09-16 11:31:28.537000,416.8031962445426,7
2024-09-16 11:31:28.562000,416.7889611741847,96
2024-09-16 11:31:28.587000,416.8010968444966,9
2024-09-16 11:31:28.673000,416.803660494116,99
2024-09-16 11:31:28.699000,416.8203032922522,10
2024-09-16 11:31:28.758000,416.8067270396441,100
2024-09-16 11:31:28.879000,416.8015461408142,12
2024-09-16 11:31:28.907000,416.7826913119944,104
2024-09-16 11:31:28.942000,416.81344729142825,104
2024-09-16 11:31:28.944000,416.7777835545867,98
2024-09-16 11:31:28.974000,416.8083196496767,12
2024-09-16 11:31:29.154000,416.79699271316633,15
2024-09-16 11:31:29.181000,416.81368305964287,104
2024-09-16 11:31:29.195000,416.787926136174,95
2024-09-16 11:31:29.201000,416.80454852498366,7
2024-09-16 11:31:29.235000,416.8216217194101,14
2024-09-16 11:31:29.309000,416.7818042496793,996
2024-09-16 11:31:29.359000,416.798413987452,6
2024-09-16 11:31:29.403000,416.8117626037238,6
2024-09-16 11:31:29.406000,416.76063343117846,11
2024-09-16 11:31:29.443000,416.7834111505659,8
2024-09-16 11:31:29.461000,416.8000312169555,1002
2024-09-16 11:31:29.470000,416.8292974839076,1005
2024-09-16 11:31:29.482000,416.75812975879256,98
2024-09-16 11:31:29.531000,416.8057853740357,996
2024-09-16 11:31:29.539000,416.7703112671292,1003
2024-09-16 11:31:29.627000,416.80173485438655,1002
2024-09-16 11:31:29.641000,416.790700537694,1003
2024-09-16 11:31:29.682000,416.79463460609526,104
2024-09-16 11:31:29.702000,416.7712479309043,6
2024-09-16 11:31:29.755000,416.7654164156888,5
2024-09-16 11:31:29.815000,416.8113555053732,999
2024-09-16 11:31:29.898000,416.8075702674944,101
2024-09-16 11:31:30.124000,416.77733143000825,104
2024-09-16 11:31:30.143000,416.7548044507366,11
2024-09-16 11:31:30.148000,416.7509190426,105
2024-09-16 11:31:30.176000,416.7489158678836,7
2024-09-16 11:31:30.186000,416.8032468745678,11
2024-09-16 11:31:30.194000,416.7894974395744,8
2024-09-16 11:31:30.280000,416.7525954004428,6
2024-09-16 11:31:30.288000,416.7449414961532,105
2024-09-16 11:31:30.320000,416.7863791835734,9
2024-09-16 11:31:30.364000,416.7650688769838,99
2024-09-16 11:31:30.381000,416.7509066891639,102
2024-09-16 11:31:30.463000,416.7921026055221,97
2024-09-16 11:31:30.493000,416.7587220775088,14
2024-09-16 11:31:30.641000,416.75595716850927,95
2024-09-16 11:31:30.668000,416.7678414250319,101
2024-09-16 11:31:30.751000,416.7551460161032,999
2024-09-16 11:31:30.790000,416.7752698566829,7
2024-09-16 11:31:30.829000,416.7322627354652,998
2024-09-16 11:31:30.854000,416.7898132829168,14
2024-09-16 11:31:30.918000,416.8005415447333,997
2024-09-16 11:31:30.953000,416.76669279294657,11
2024-09-16 11:31:30.972000,416.794896259652,100
2024-09-16 11:31:30.992000,416.7684936594051,9
2024-09-16 11:31:30.997000,416.7442418153239,103
2024-09-16 11:31:31.014000,416.767183541174,10
2024-09-16 11:31:31.014000,416.7742263175501,102
2024-09-16 11:31:31.016000,416.7725842383661,997
2024-09-16 11:31:31.020000,416.80257414579125,998
2024-09-16 11:31:31.060000,416.777569358934,998
2024-09-16 11:31:31.143000,416.7947061127674,14
2024-09-16 11:31:31.145000,416.8015466137823,5
2024-09-16 11:31:31.175000,416.7568608981694,1000
2024-09-16 11:31:31.223000,416.76737827930606,10
2024-09-16 11:31:31.267000,416.7549227287597,5
2024-09-16 11:31:31.268000,416.7625135970183,1005
2024-09-16 11:31:31.283000,416.77327282763264,1003
2024-09-16 11:31:31.378000,416.78587500258,105
2024-09-16 11:31:31.522000,416.7635644739302,1004
2024-09-16 11:31:31.542000,416.7734323289381,96
2024-09-16 11:31:31.545000,416.779455040305,997
2024-09-16 11:31:31.594000,416.7707450135319,101
2024-09-16 11:31:31.629000,416.78705356742313,7
2024-09-16 11:31:31.654000,416.7851094885161,13
2024-09-16 11:31:31.729000,416.7978245275684,98
2024-09-16 11:31:31.800000,416.79562202947307,996
2024-09-16 11:31:31.871000,416.8037080646513,1002
2024-09-16 11:31:31.992000,416.78850189836686,998
2024-09-16 11:31:32.727000,416.75321281467313,996
2024-09-16 11:31:32.740000,416.7745930415671,995
2024-09-16 11:31:32.955000,416.7818194770052,12
2024-09-16 11:31:32.970000,416.76492207038086,11
2024-09-16 11:31:33.209000,416.7674527865837,101
2024-09-16 11:31:33.221000,416.7741751232832,15
2024-09-16 11:31:33.494000,416.7862856278899,13
2024-09-16 11:31:33.513000,416.7932167963096,96
2024-09-16 11:31:33.655000,416.7914836377128,104
2024-09-16 11:31:34.113000,416.7329557288472,105
2024-09-16 11:31:34.117000,416.7479814995879,1003
2024-09-16 11:31:34.241000,416.8138706809546,13
2024-09-16 11:31:34.250000,416.7916551616692,997
2024-09-16 11:31:34.272000,416.83444847273057,1003
2024-09-16 11:31:34.378000,416.8010106696322,101
2024-09-16 11:31:34.455000,416.8136061326611,1000
2024-09-16 11:31:34.459000,416.8195413202093,12
2024-09-16 11:31:34.504000,416.8121928040269,996
2024-09-16 11:31:34.637000,416.8022356671354,995
2024-09-16 11:31:34.656000,416.7743771330057,998
2024-09-16 11:31:34.748000,416.7989182021725,97
2024-09-16 11:31:34.846000,416.7426581896457,1002
2024-09-16 11:31:34.854000,416.7566615594645,8
2024-09-16 11:31:34.903000,416.80301006207486,1000
2024-09-16 11:31:35.065000,416.74982749185466,5
2024-09-16 11:31:35.100000,416.74999881969046,1004
2024-09-16 11:31:35.140000,416.7828839119,15
2024-09-16 11:31:35.343000,416.7683945192686,100
2024-09-16 11:31:35.379000,416.7673838904224,13
2024-09-16 11:31:35.582000,416.7665703320161,12
2024-09-16 11:31:35.595000,416.7609705431313,12
2024-09-16 11:31:35.771000,416.79726011743793,1002
2024-09-16 11:31:35.927000,416.765545389925,8
2024-09-16 11:31:36.101000,416.7629378440709,15
2024-09-16 11:31:36.135000,416.7784912785261,15
2024-09-16 11:31:36.165000,416.7723933754459,1001
2024-09-16 11:31:36.195000,416.7758131818924,96
2024-09-16 11:31:36.200000,416.7624192616154,9
2024-09-16 11:31:36.244000,416.7521152718234,1003
2024-09-16 11:31:36.361000,416.7601065504233,10
2024-09-16 11:31:36.363000,416.7547666773122,12
2024-09-16 11:31:36.377000,416.7665435823479,1004
2024-09-16 11:31:36.463000,416.7582426886945,105
2024-09-16 11:31:36.503000,416.7657872365661,1002
2024-09-16 11:31:36.655000,416.7484913315947,1004
2024-09-16 11:31:36.660000,416.7618630839512,995
2024-09-16 11:31:36.663000,416.77317419873,105
2024-09-16 11:31:36.738000,416.7790716894368,13
2024-09-16 11:31:37.094000,416.7097911924584,6
2024-09-16 11:31:37.171000,416.7684546139006,96
2024-09-16 11:31:37.191000,416.7238312572036,102
2024-09-16 11:31:37.327000,416.71898010060056,10
2024-09-16 11:31:37.440000,416.7251439192664,1003
2024-09-16 11:31:37.686000,416.7547657352736,8
2024-09-16 11:31:37.728000,416.71185917281935,97
2024-09-16 11:31:37.732000,416.7638535388362,102
2024-09-16 11:31:37.825000,416.7415224074027,1004
2024-09-16 11:31:37.882000,416.7775419066889,997
2024-09-16 11:31:37.977000,416.7557949673182,95
2024-09-16 11:31:38.003000,416.7210766261708,997
2024-09-16 11:31:38.091000,416.7143793615383,11
2024-09-16 11:31:38.156000,416.7473230144896,998
2024-09-16 11:31:38.169000,416.7607799854836,104
2024-09-16 11:31:38.189000,416.73261281255856,12
2024-09-16 11:31:38.227000,416.75663955759535,10
2024-09-16 11:31:38.237000,416.7496276901643,105
2024-09-16 11:31:38.323000,416.73781841565057,100
2024-09-16 11:31:38.680000,416.75974813154,7
2024-09-16 11:31:38.701000,416.7502940021798,998
2024-09-16 11:31:38.831000,416.74411125709673,5
2024-09-16 11:31:38.885000,416.7571788396904,999
2024-09-16 11:31:38.908000,416.7507868712937,8
2024-09-16 11:31:39.047000,416.75984215583446,14
2024-09-16 11:31:39.057000,416.7866352051863,999
2024-09-16 11:31:39.076000,416.7480406354789,7
2024-09-16 11:31:39.161000,416.7979764622259,1004
2024-09-16 11:31:39.231000,416.7140383565679,5
2024-09-16 11:31:39.253000,416.7573236275079,999
2024-09-16 11:31:39.316000,416.7899319216721,15
2024-09-16 11:31:39.352000,416.7466647770308,105
2024-09-16 11:31:39.367000,416.7292651725441,9
2024-09-16 11:31:39.440000,416.789531035272,99
2024-09-16 11:31:39.462000,416.8017280876191,9
2024-09-16 11:31:39.594000,416.7477845852787,100
2024-09-16 11:31:39.618000,416.7561733314008,103
2024-09-16 11:31:39.653000,416.7655281791265,6
2024-09-16 11:31:39.684000,416.7739253767951,13
2024-09-16 11:31:39.706000,416.7009972995288,95
2024-09-16 11:31:39.708000,416.804487890235,1004
2024-09-16 11:31:39.833000,416.7265795680383,998
2024-09-16 11:31:39.869000,416.7533137707277,1002
2024-09-16 11:31:39.938000,416.7617159722117,996
2024-09-16 11:31:40.515000,416.7645252596605,7
2024-09-16 11:31:40.687000,416.7423484320579,1005
2024-09-16 11:31:40.930000,416.7535825488623,8
2024-09-16 11:31:41.025000,416.7033149027394,15
2024-09-16 11:31:41.032000,416.71530502488025,12
2024-09-16 11:31:41.056000,416.7364423062807,997
2024-09-16 11:31:41.078000,416.7283424331124,13
2024-09-16 11:31:41.105000,416.6997082128208,15
2024-09-16 11:31:41.120000,416.69372528902414,995
2024-09-16 11:31:41.126000,416.6937127201276,104
2024-09-16 11:31:41.136000,416.69714243598526,9
2024-09-16 11:31:41.145000,416.72552930463087,1004
2024-09-16 11:31:41.199000,416.6996723166327,99
2024-09-16 11:31:41.233000,416.7373987551987,6
2024-09-16 11:31:41.290000,416.6962073412767,15
2024-09-16 11:31:41.306000,416.68449355344086,11
2024-09-16 11:31:41.373000,416.7002334636271,1000
2024-09-16 11:31:41.404000,416.6871913626411,104
2024-09-16 11:31:41.420000,416.6996235505936,14
2024-09-16 11:31:41.440000,416.71350526296914,99
2024-09-16 11:31:41.546000,416.6898039655663,100
2024-09-16 11:31:41.588000,416.6787776799658,1000
2024-09-16 11:31:41.646000,416.6947598428516,103
2024-09-16 11:31:41.719000,416.7323385747281,100
2024-09-16 11:31:41.903000,416.7465556058201,104
2024-09-16 11:31:41.956000,416.7195847569131,103
2024-09-16 11:31:41.992000,416.76577688076446,14
2024-09-16 11:31:42.015000,416.7880922702767,998
2024-09-16 11:31:42.050000,416.78488167106497,96
2024-09-16 11:31:42.056000,416.80461919223615,1003
2024-09-16 11:31:42.064000,416.7940881156548,997
2024-09-16 11:31:42.235000,416.78559873210565,10
2024-09-16 11:31:42.283000,416.7733721192906,1003
2024-09-16 11:31:42.336000,416.77161610634647,1002
2024-09-16 11:31:42.427000,416.8171690623707,7
2024-09-16 11:31:42.428000,416.7951359870654,96
2024-09-16 11:31:42.464000,416.779700552082,1000
2024-09-16 11:31:42.489000,416.7764397005212,100
2024-09-16 11:31:42.530000,416.7743543530743,103
2024-09-16 11:31:42.573000,416.78772214329314,11
2024-09-16 11:31:42.701000,416.7794815601711,97
2024-09-16 11:31:42.722000,416.7958049559117,104
2024-09-16 11:31:42.739000,416.8206547426756,97
2024-09-16 11:31:42.969000,416.7854061494184,103
2024-09-16 11:31:43.051000,416.8619214963376,10
2024-09-16 11:31:43.150000,416.809279712882,1003
2024-09-16 11:31:43.185000,416.8564962219268,104
2024-09-16 11:31:43.212000,416.8739698329619,95
2024-09-16 11:31:43.269000,416.8110533225539,10
2024-09-16 11:31:43.319000,416.82438631678986,105
2024-09-16 11:31:43.324000,416.8119798941215,1004
2024-09-16 11:31:43.552000,416.8501953849826,1002
2024-09-16 11:31:43.623000,416.8021202014615,5
2024-09-16 11:31:43.662000,416.8410427671223,5
2024-09-16 11:31:43.675000,416.818744901768,103
2024-09-16 11:31:43.715000,416.8187962479674,12
2024-09-16 11:31:43.839000,416.8347717264727,995
2024-09-16 11:31:43.860000,416.865101957769,5
2024-09-16 11:31:43.881000,416.8328432998465,996
2024-09-16 11:31:43.888000,416.8640894523721,100
2024-09-16 11:31:43.910000,416.87334634913753,5
2024-09-16 11:31:43.947000,416.8116029779325,6
2024-09-16 11:31:43.984000,416.8640646489008,102
2024-09-16 11:31:44.087000,416.859742919509,999
2024-09-16 11:31:44.110000,416.8893423670504,997
2024-09-16 11:31:44.167000,416.9558285410175,99
2024-09-16 11:31:44.318000,416.93201985251454,995
2024-09-16 11:31:44.389000,416.9369022442804,1000
2024-09-16 11:31:44.418000,416.9034312702146,97
2024-09-16 11:31:44.421000,416.924892264661,5
2024-09-16 11:31:44.533000,416.85073201881886,6
2024-09-16 11:31:44.603000,416.9417437789618,1000
2024-09-16 11:31:44.625000,416.9391460610825,7
2024-09-16 11:31:44.694000,416.9529019430824,99
2024-09-16 11:31:44.777000,416.93645356415607,998
2024-09-16 11:31:44.796000,416.94005848714926,12
2024-09-16 11:31:44.862000,416.85435834466335,100
2024-09-16 11:31:44.895000,416.9106702286386,1000
2024-09-16 11:31:44.898000,416.9124868516275,999
2024-09-16 11:31:44.903000,416.8552887394315,105
2024-09-16 11:31:44.921000,416.9424115933087,104
2024-09-16 11:31:44.922000,416.9064957914878,9
2024-09-16 11:31:44.923000,416.8672752474676,8
2024-09-16 11:31:44.939000,416.9310203579485,998
2024-09-16 11:31:44.941000,416.9281866928951,100
2024-09-16 11:31:44.954000,416.9210268909952,1005
2024-09-16 11:31:44.980000,416.9514796207312,98
2024-09-16 11:31:44.997000,416.9168727335008,97
2024-09-16 11:31:45.208000,416.90291962067096,999
2024-09-16 11:31:45.794000,416.9237655944605,1005
2024-09-16 11:31:46.022000,416.9248821776778,102
2024-09-16 11:31:46.081000,416.903033791359,97
2024-09-16 11:31:46.108000,416.9591771649182,103
2024-09-16 11:31:46.149000,416.9239323534426,1004
2024-09-16 11:31:46.172000,416.9212306300808,997
2024-09-16 11:31:46.205000,416.9418207247472,1005
2024-09-16 11:31:46.218000,416.892961835252,97
2024-09-16 11:31:46.356000,416.8873041031405,11
2024-09-16 11:31:46.481000,416.91180637356086,999
2024-09-16 11:31:46.492000,416.92848923616407,7
2024-09-16 11:31:46.544000,416.9691542734616,99
2024-09-16 11:31:46.591000,416.95156317674366,1000
2024-09-16 11:31:46.635000,416.9162592791794,15
2024-09-16 11:31:46.647000,416.8989795826533,99
2024-09-16 11:31:46.808000,416.88200976670726,104
2024-09-16 11:31:46.853000,416.97492389048347,997
2024-09-16 11:31:46.858000,416.9063397470192,1001
2024-09-16 11:31:46.930000,416.94299087948497,13
2024-09-16 11:31:46.956000,416.9728230800712,96
2024-09-16 11:31:46.984000,416.9772110869535,102
2024-09-16 11:31:47.191000,416.9361915094432,5
2024-09-16 11:31:47.235000,416.95437198842296,11
2024-09-16 11:31:47.445000,416.9513705834478,9
2024-09-16 11:31:47.446000,416.94606932865673,104
2024-09-16 11:31:47.498000,416.9567361349925,1001
2024-09-16 11:31:47.526000,416.9350140806955,1001
2024-09-16 11:31:47.784000,416.9413252268,11
2024-09-16 11:31:48.022000,416.91947929418274,1005
2024-09-16 11:31:48.106000,416.9115406553696,6
2024-09-16 11:31:48.132000,416.8808884386893,13
2024-09-16 11:31:48.309000,416.9494628668134,11
2024-09-16 11:31:48.471000,416.8535498426505,998
2024-09-16 11:31:48.540000,416.9354444692611,104
2024-09-16 11:31:48.562000,416.8571125806461,102
2024-09-16 11:31:48.601000,416.9347076048467,10
2024-09-16 11:31:48.607000,416.9400659286548,999
2024-09-16 11:31:48.621000,416.93428927914863,1005
2024-09-16 11:31:48.676000,416.8255028824766,95
2024-09-16 11:31:48.696000,416.89145319366446,1005
2024-09-16 11:31:48.719000,416.84032281247386,99
2024-09-16 11:31:48.752000,416.9471815930472,97
2024-09-16 11:31:48.754000,416.8284901969785,102
2024-09-16 11:31:48.826000,416.9533597996953,14
2024-09-16 11:31:48.835000,416.8187281984754,1001
2024-09-16 11:31:48.866000,416.95843368624617,102
2024-09-16 11:31:48.893000,416.8465528053193,96
2024-09-16 11:31:48.939000,416.9405004889991,8
2024-09-16 11:31:48.977000,416.9469607138952,104
2024-09-16 11:31:48.979000,416.8590464753468,13
2024-09-16 11:31:49.141000,416.8610307974826,99
2024-09-16 11:31:49.307000,416.8524215346576,10
2024-09-16 11:31:50.048000,416.8618551706613,996
2024-09-16 11:31:50.124000,416.8842317344579,100
2024-09-16 11:31:50.195000,416.8565139329825,14
2024-09-16 11:31:50.327000,416.8529438642472,9
2024-09-16 11:31:50.551000,416.8540648275488,11
2024-09-16 11:31:50.930000,416.8557370825456,95
2024-09-16 11:31:50.994000,416.85753821816473,96
2024-09-16 11:31:51.043000,416.8923990760839,12
2024-09-16 11:31:51.263000,416.8560372784104,998
2024-09-16 11:31:51.343000,416.8923426093708,7
2024-09-16 11:31:51.380000,416.8859664365325,104
2024-09-16 11:31:51.395000,416.8991452241679,1002
2024-09-16 11:31:51.404000,416.8613920502422,995
2024-09-16 11:31:51.416000,416.9163546573145,104
2024-09-16 11:31:51.430000,416.9115579458476,101
2024-09-16 11:31:51.486000,416.9090248291655,7
2024-09-16 11:31:51.611000,416.9140087348717,11
2024-09-16 11:31:51.614000,416.9038073008575,7
2024-09-16 11:31:51.658000,416.9221999715603,8
2024-09-16 11:31:51.881000,416.87126902112817,15
2024-09-16 11:31:51.883000,416.8737469011042,998
2024-09-16 11:31:51.905000,416.90430343409855,13
2024-09-16 11:31:51.981000,416.8818742327238,1005
2024-09-16 11:31:52.026000,416.88599311410775,13
2024-09-16 11:31:52.088000,416.88979441536367,5
2024-09-16 11:31:52.145000,416.9062825770234,996
2024-09-16 11:31:52.152000,416.8952595595948,1001
2024-09-16 11:31:52.197000,416.8818170961448,8
2024-09-16 11:31:52.303000,416.90478386874815,12
2024-09-16 11:31:52.340000,416.8999868220629,5
2024-09-16 11:31:52.375000,416.8978801606078,15
2024-09-16 11:31:52.529000,416.8942028171592,15
2024-09-16 11:31:53.014000,416.9133228063065,12
2024-09-16 11:31:53.045000,416.9053092953596,1000
2024-09-16 11:31:53.078000,416.90998214514,96
2024-09-16 11:31:53.086000,416.9225277417826,102
2024-09-16 11:31:53.112000,416.944131474945,1000
2024-09-16 11:31:53.126000,416.94057968846175,1004
2024-09-16 11:31:53.157000,416.9444057635065,101
2024-09-16 11:31:53.159000,416.94551618766144,5
2024-09-16 11:31:53.168000,416.8814830659613,1003
2024-09-16 11:31:53.216000,416.9205617107707,14
2024-09-16 11:31:53.287000,416.9087891152042,996
2024-09-16 11:31:53.288000,416.8950117952548,11
2024-09-16 11:31:53.343000,416.9111792371084,1002
2024-09-16 11:31:53.407000,416.8779864568016,103
2024-09-16 11:31:53.487000,416.9256616096502,10
2024-09-16 11:31:53.556000,416.9003317538469,5
2024-09-16 11:31:53.564000,416.9575759006594,14
2024-09-16 11:31:53.578000,416.926091789372,998
2024-09-16 11:31:53.609000,416.8794512076308,995
2024-09-16 11:31:53.723000,416.9510944645044,11
2024-09-16 11:31:53.809000,416.9447936133522,7
2024-09-16 11:31:53.964000,416.929042342998,95
2024-09-16 11:31:53.983000,416.90161867734986,9
2024-09-16 11:31:54.068000,416.888701742174,13
2024-09-16 11:31:54.071000,416.90124253046383,1004
2024-09-16 11:31:54.209000,416.93517327767927,95
2024-09-16 11:31:54.267000,416.9319632663706,5
2024-09-16 11:31:54.326000,416.9204580610512,103
2024-09-16 11:31:54.399000,416.8714015363569,102
2024-09-16 11:31:54.456000,416.9050044604585,103
2024-09-16 11:31:54.479000,416.8727236066307,997
2024-09-16 11:31:54.506000,416.9023975683426,6
2024-09-16 11:31:54.537000,416.9055008588046,996
2024-09-16 11:31:54.566000,416.9465429160278,8
2024-09-16 11:31:54.731000,416.9310419100418,101
2024-09-16 11:31:54.778000,416.8653450982552,996
2024-09-16 11:31:54.791000,416.8796062019688,9
2024-09-16 11:31:54.862000,416.8799875717281,100
2024-09-16 11:31:54.922000,416.8969403621192,9
2024-09-16 11:31:54.998000,416.8825611949513,997
2024-09-16 11:31:55.048000,416.9170426859735,98
2024-09-16 11:31:55.079000,416.9085462524072,995
2024-09-16 11:31:55.128000,416.9493595615616,999
2024-09-16 11:31:55.151000,416.9224814887544,10
2024-09-16 11:31:55.229000,416.9689671258153,1003
2024-09-16 11:31:55.324000,416.9019619388028,10
2024-09-16 11:31:55.335000,416.9035270670138,1002
2024-09-16 11:31:55.413000,416.9518045305623,14
2024-09-16 11:31:55.593000,416.92895824964177,8
2024-09-16 11:31:55.689000,416.94721622377136,1004
2024-09-16 11:31:55.835000,416.9377980589644,104
2024-09-16 11:31:55.874000,416.943651805274,995
2024-09-16 11:31:55.909000,416.94808417551445,104
2024-09-16 11:31:55.937000,416.9329095995797,998
2024-09-16 11:31:55.968000,416.9362303278442,998
2024-09-16 11:31:55.970000,416.9279547980529,98
2024-09-16 11:31:56.021000,416.9484294451446,103
2024-09-16 11:31:56.217000,416.8804027784548,10
2024-09-16 11:31:56.321000,416.9515427199164,8
2024-09-16 11:31:56.579000,416.93468149990383,101
2024-09-16 11:31:56.645000,416.9335028877738,9
2024-09-16 11:31:56.744000,416.9498675274693,999
2024-09-16 11:31:56.991000,416.90320135413583,1002
2024-09-16 11:31:57.012000,416.87677546623473,100
2024-09-16 11:31:57.027000,416.8489409372708,95
2024-09-16 11:31:57.027000,416.85052947713183,996
2024-09-16 11:31:57.078000,416.8756753935753,14
2024-09-16 11:31:57.123000,416.8898426886088,15
2024-09-16 11:31:57.180000,416.8800022568076,9
2024-09-16 11:31:57.198000,416.8437452543794,101
2024-09-16 11:31:57.213000,416.8395882354956,104
2024-09-16 11:31:57.294000,416.8567579738007,1004
2024-09-16 11:31:57.306000,416.8541675094058,998
2024-09-16 11:31:57.319000,416.83277293367706,999
2024-09-16 11:31:57.332000,416.8372677946125,996
2024-09-16 11:31:57.354000,416.8636730676996,99
2024-09-16 11:31:57.364000,416.85707349840055,105
2024-09-16 11:31:57.487000,416.8776489357946,1002
2024-09-16 11:31:57.511000,416.9021699080525,13
2024-09-16 11:31:57.715000,416.91416717340815,1003
2024-09-16 11:31:57.767000,416.8661033462075,98
2024-09-16 11:31:57.779000,416.89336744991726,999
2024-09-16 11:31:57.793000,416.9031333855575,995
2024-09-16 11:31:57.836000,416.866563214833,14
2024-09-16 11:31:57.896000,416.85434571896445,96
2024-09-16 11:31:58.151000,416.9010948354784,13
2024-09-16 11:31:58.159000,416.8855884918773,14
2024-09-16 11:31:58.195000,416.9108922041396,6
2024-09-16 11:31:58.309000,416.9055549561411,96
2024-09-16 11:31:58.495000,416.91526534049126,101
2024-09-16 11:31:58.549000,416.90704856727433,998
2024-09-16 11:31:58.620000,416.9324396170903,95
2024-09-16 11:31:58.876000,416.8931983829565,98
2024-09-16 11:31:58.886000,416.9153553903072,1004
2024-09-16 11:31:58.901000,416.864054342514,105
2024-09-16 11:31:59.046000,416.8713227589512,998
2024-09-16 11:31:59.053000,416.8682990279992,6
2024-09-16 11:31:59.073000,416.8840915001484,5
2024-09-16 11:31:59.084000,416.8796931667673,6
2024-09-16 11:31:59.117000,416.8560000831423,6
2024-09-16 11:31:59.125000,416.8812701034848,96
2024-09-16 11:31:59.159000,416.83947058584505,999
2024-09-16 11:31:59.186000,416.89857452430414,6
2024-09-16 11:31:59.199000,416.8486872789071,13
2024-09-16 11:31:59.228000,416.8606291911064,103
2024-09-16 11:31:59.289000,416.8234554537493,1000
2024-09-16 11:31:59.292000,416.8496387604881,8
2024-09-16 11:31:59.341000,416.8390456474158,1003
2024-09-16 11:31:59.348000,416.82949268077687,6
2024-09-16 11:31:59.366000,416.8481391520039,995
2024-09-16 11:31:59.367000,416.8392962177037,15
2024-09-16 11:31:59.374000,416.8650000601596,10
2024-09-16 11:31:59.439000,416.860055945614,997
2024-09-16 11:31:59.444000,416.8662061152912,95
2024-09-16 11:31:59.447000,416.8468569387809,12
2024-09-16 11:31:59.455000,416.8285093641161,12
2024-09-16 11:31:59.485000,416.8467568681417,1001
2024-09-16 11:31:59.641000,416.8628002575498,997
2024-09-16 11:31:59.710000,416.8477227600365,1005
2024-09-16 11:31:59.762000,416.86066916803566,13
2024-09-16 11:31:59.956000,416.8486538220829,6
2024-09-16 11:31:59.957000,416.8590016542143,95
