Timestamp,Price,Size
2024-09-20 10:42:00.049000,423.2065527257084,9
2024-09-20 10:42:00.060000,423.1785770849668,15
2024-09-20 10:42:00.117000,423.1552241984194,999
2024-09-20 10:42:00.207000,423.2131437059208,97
2024-09-20 10:42:00.249000,423.1548839850733,101
2024-09-20 10:42:00.280000,423.1998752185311,100
2024-09-20 10:42:00.343000,423.18051034292927,104
2024-09-20 10:42:00.397000,423.1693019661015,1003
2024-09-20 10:42:00.403000,423.2132175380773,1004
2024-09-20 10:42:00.436000,423.2011349669946,995
2024-09-20 10:42:00.514000,423.1928049987261,11
2024-09-20 10:42:00.543000,423.1798847797814,15
2024-09-20 10:42:00.573000,423.154137205696,5
2024-09-20 10:42:00.577000,423.1646033637016,104
2024-09-20 10:42:00.580000,423.1914486704086,1002
2024-09-20 10:42:00.581000,423.172501242492,1000
2024-09-20 10:42:00.582000,423.1856791069483,9
2024-09-20 10:42:00.647000,423.1821627233084,1005
2024-09-20 10:42:00.741000,423.19708978413126,1005
2024-09-20 10:42:00.828000,423.2113615482744,105
2024-09-20 10:42:00.872000,423.1501934659037,999
2024-09-20 10:42:00.931000,423.1652982904682,7
2024-09-20 10:42:00.991000,423.2113864866934,14
2024-09-20 10:42:01.001000,423.20917683905975,998
2024-09-20 10:42:01.134000,423.1810403203714,103
2024-09-20 10:42:01.181000,423.1515785566237,14
2024-09-20 10:42:01.182000,423.1823931747148,14
2024-09-20 10:42:01.232000,423.14207195085527,13
2024-09-20 10:42:01.242000,423.2076280397716,99
2024-09-20 10:42:01.579000,423.1634428168384,101
2024-09-20 10:42:01.611000,423.2270468018893,95
2024-09-20 10:42:01.614000,423.22930084499353,15
2024-09-20 10:42:01.755000,423.17605347616114,103
2024-09-20 10:42:01.810000,423.1607756380576,999
2024-09-20 10:42:01.913000,423.1537082562297,100
2024-09-20 10:42:01.924000,423.2174522982332,997
2024-09-20 10:42:01.995000,423.1774989651308,15
2024-09-20 10:42:02.030000,423.1624605699309,1000
2024-09-20 10:42:02.093000,423.1549684688171,998
2024-09-20 10:42:02.313000,423.1250101865929,97
2024-09-20 10:42:02.519000,423.1643608927346,98
2024-09-20 10:42:02.732000,423.1424444543004,1005
2024-09-20 10:42:02.742000,423.1438041287616,101
2024-09-20 10:42:02.897000,423.1500796799651,1003
2024-09-20 10:42:02.976000,423.15554990038737,14
2024-09-20 10:42:02.985000,423.13765640510815,95
2024-09-20 10:42:03,423.1639922277339,97
2024-09-20 10:42:03.002000,423.1173864039212,13
2024-09-20 10:42:03.039000,423.15449200460506,95
2024-09-20 10:42:03.066000,423.1427599847234,10
2024-09-20 10:42:03.226000,423.1531186094534,100
2024-09-20 10:42:03.400000,423.1750954170049,1004
2024-09-20 10:42:03.444000,423.1841189985665,1003
2024-09-20 10:42:03.618000,423.172440496459,96
2024-09-20 10:42:03.701000,423.12401296218655,999
2024-09-20 10:42:03.723000,423.1621687309252,997
2024-09-20 10:42:03.856000,423.1493329308105,998
2024-09-20 10:42:03.866000,423.1294201906168,999
2024-09-20 10:42:03.993000,423.11440472441086,996
2024-09-20 10:42:04.058000,423.10770847013737,97
2024-09-20 10:42:04.197000,423.1699971142305,996
2024-09-20 10:42:04.258000,423.1380372615105,8
2024-09-20 10:42:04.348000,423.16251387827685,1003
2024-09-20 10:42:04.423000,423.1276874599341,1003
2024-09-20 10:42:04.534000,423.17212830338894,1003
2024-09-20 10:42:04.658000,423.15957449753375,1005
2024-09-20 10:42:04.667000,423.1138846821476,996
2024-09-20 10:42:04.801000,423.16309365144,1005
2024-09-20 10:42:04.827000,423.1403431627454,1004
2024-09-20 10:42:04.852000,423.1495923427999,103
2024-09-20 10:42:04.897000,423.1399342685712,98
2024-09-20 10:42:04.953000,423.1097543524479,11
2024-09-20 10:42:04.983000,423.1335156991401,1002
2024-09-20 10:42:04.995000,423.1354367627473,102
2024-09-20 10:42:05.010000,423.10276075764114,100
2024-09-20 10:42:05.026000,423.1088192596002,13
2024-09-20 10:42:05.036000,423.09264950047645,97
2024-09-20 10:42:05.053000,423.0660396913231,97
2024-09-20 10:42:05.095000,423.1069404866432,1004
2024-09-20 10:42:05.153000,423.0897253481519,10
2024-09-20 10:42:05.159000,423.1037106476016,13
2024-09-20 10:42:05.197000,423.0990417304078,10
2024-09-20 10:42:05.261000,423.0764404351305,98
2024-09-20 10:42:05.412000,423.0920208102449,6
2024-09-20 10:42:05.449000,423.0782515868861,999
2024-09-20 10:42:05.487000,423.0777996484314,996
2024-09-20 10:42:05.496000,423.0640523343037,1000
2024-09-20 10:42:05.518000,423.07811490361,1000
2024-09-20 10:42:05.539000,423.1165551058888,995
2024-09-20 10:42:05.783000,423.1007472176568,103
2024-09-20 10:42:05.841000,423.10183650559736,1001
2024-09-20 10:42:05.890000,423.0925641487398,104
2024-09-20 10:42:07.113000,423.0232525878862,14
2024-09-20 10:42:07.135000,423.04331045732414,102
2024-09-20 10:42:07.145000,423.0199465296473,996
2024-09-20 10:42:07.172000,423.0314228723199,1002
2024-09-20 10:42:07.324000,423.03862036504427,99
2024-09-20 10:42:07.389000,423.0209072218905,14
2024-09-20 10:42:07.404000,423.10277055277066,998
2024-09-20 10:42:07.481000,423.0499955535643,12
2024-09-20 10:42:07.526000,423.0362854013661,5
2024-09-20 10:42:07.532000,423.0272557779154,6
2024-09-20 10:42:07.542000,423.00750646205046,1005
2024-09-20 10:42:07.619000,423.0512575413426,7
2024-09-20 10:42:07.650000,423.0385842376465,95
2024-09-20 10:42:07.663000,423.0947214581704,995
2024-09-20 10:42:07.682000,423.03582875332165,995
2024-09-20 10:42:07.682000,423.0210637786335,97
2024-09-20 10:42:07.691000,423.0251633892714,998
2024-09-20 10:42:07.734000,423.03858227501325,10
2024-09-20 10:42:07.806000,423.0392523688041,998
2024-09-20 10:42:07.838000,423.0390919601899,995
2024-09-20 10:42:07.859000,423.03778905755945,99
2024-09-20 10:42:07.883000,423.0154774074701,100
2024-09-20 10:42:07.911000,423.0157147713091,99
2024-09-20 10:42:07.918000,423.10007974621175,8
2024-09-20 10:42:07.926000,423.071549032279,99
2024-09-20 10:42:07.992000,423.1069853475613,6
2024-09-20 10:42:08.085000,423.009241810964,9
2024-09-20 10:42:08.180000,423.0236986922613,996
2024-09-20 10:42:08.361000,422.96141106966047,10
2024-09-20 10:42:08.370000,423.0238416085903,996
2024-09-20 10:42:08.528000,422.9646426838785,999
2024-09-20 10:42:08.647000,422.9970313873089,13
2024-09-20 10:42:08.822000,423.0267487996185,11
2024-09-20 10:42:08.873000,422.9745822210028,98
2024-09-20 10:42:08.908000,423.0289738311876,997
2024-09-20 10:42:09.027000,423.0376456878312,100
2024-09-20 10:42:09.043000,423.0356703670876,10
2024-09-20 10:42:09.048000,423.0285232569684,5
2024-09-20 10:42:09.092000,423.0797644446781,96
2024-09-20 10:42:09.099000,422.96062971369184,98
2024-09-20 10:42:09.130000,422.9895942379558,15
2024-09-20 10:42:09.148000,423.1146128747722,997
2024-09-20 10:42:09.184000,423.0305141977837,1003
2024-09-20 10:42:09.185000,423.030670367133,1003
2024-09-20 10:42:09.204000,423.03127502641024,5
2024-09-20 10:42:09.253000,422.9570069199301,5
2024-09-20 10:42:09.371000,423.10695027997934,96
2024-09-20 10:42:09.409000,423.0652026297656,99
2024-09-20 10:42:09.452000,423.1075903009664,995
2024-09-20 10:42:09.466000,422.9836750179882,103
2024-09-20 10:42:09.531000,423.0477359130032,98
2024-09-20 10:42:09.576000,423.0083521333713,104
2024-09-20 10:42:09.609000,423.0595207825344,1001
2024-09-20 10:42:09.621000,423.0496493994008,997
2024-09-20 10:42:09.625000,423.0924914909363,96
2024-09-20 10:42:09.634000,423.0836896790469,101
2024-09-20 10:42:09.715000,422.9721401528284,104
2024-09-20 10:42:09.805000,423.0475959091096,104
2024-09-20 10:42:09.833000,422.9732368696038,1000
2024-09-20 10:42:09.906000,422.9838972467648,15
2024-09-20 10:42:09.966000,423.1054434435151,11
2024-09-20 10:42:09.973000,422.9804113846072,997
2024-09-20 10:42:10.027000,423.1070552288963,9
2024-09-20 10:42:10.167000,423.077588738911,103
2024-09-20 10:42:10.239000,423.09596598530646,5
2024-09-20 10:42:10.283000,423.0606508369131,102
2024-09-20 10:42:10.430000,423.0925767550145,12
2024-09-20 10:42:10.631000,423.09208064643457,15
2024-09-20 10:42:10.640000,423.0662781771795,13
2024-09-20 10:42:10.642000,423.0958832050809,9
2024-09-20 10:42:10.676000,423.0891340998473,999
2024-09-20 10:42:10.729000,423.0926880749909,100
2024-09-20 10:42:10.732000,423.0918427454617,1002
2024-09-20 10:42:10.766000,423.0757206376136,96
2024-09-20 10:42:10.865000,423.1019213186401,1001
2024-09-20 10:42:10.867000,423.0949527144361,104
2024-09-20 10:42:10.910000,423.0838875737775,102
2024-09-20 10:42:10.917000,423.0968847726864,1003
2024-09-20 10:42:10.922000,423.10575045396206,12
2024-09-20 10:42:10.997000,423.0959198943958,6
2024-09-20 10:42:11.081000,423.0419338185949,12
2024-09-20 10:42:11.191000,423.0576441940028,97
2024-09-20 10:42:11.201000,423.04479625195216,7
2024-09-20 10:42:11.248000,423.0506356861401,100
2024-09-20 10:42:11.326000,423.0495052169437,995
2024-09-20 10:42:11.476000,423.06359150476175,101
2024-09-20 10:42:11.477000,423.0611171220428,95
2024-09-20 10:42:11.518000,423.073445946895,99
2024-09-20 10:42:11.565000,423.0441609781812,98
2024-09-20 10:42:11.717000,423.0388897161859,10
2024-09-20 10:42:11.734000,423.0349428850915,12
2024-09-20 10:42:11.770000,423.04117398354,9
2024-09-20 10:42:11.830000,423.07454195412544,997
2024-09-20 10:42:11.908000,423.0583037893121,1001
2024-09-20 10:42:11.914000,423.0456800553789,8
2024-09-20 10:42:11.997000,423.0313225469056,104
2024-09-20 10:42:12.320000,423.05363639904925,1001
2024-09-20 10:42:12.956000,423.0488559007316,15
2024-09-20 10:42:13.036000,423.0395361036943,96
2024-09-20 10:42:13.199000,423.0270901866796,95
2024-09-20 10:42:13.205000,423.03225461576943,6
2024-09-20 10:42:13.365000,423.0905249602576,997
2024-09-20 10:42:13.438000,423.05847461646607,7
2024-09-20 10:42:13.491000,423.0449812549807,105
2024-09-20 10:42:13.519000,423.0527456569147,1001
2024-09-20 10:42:13.537000,423.0593519783464,1001
2024-09-20 10:42:13.567000,423.0799209365858,98
2024-09-20 10:42:13.625000,423.0416756180806,95
2024-09-20 10:42:13.637000,423.0663273526872,97
2024-09-20 10:42:13.815000,423.0688486493812,97
2024-09-20 10:42:13.913000,423.04813731285685,8
2024-09-20 10:42:13.969000,423.05798244182927,13
2024-09-20 10:42:14.098000,423.0915771279337,5
2024-09-20 10:42:14.142000,423.0748482692265,13
2024-09-20 10:42:14.144000,423.07061737487095,6
2024-09-20 10:42:14.160000,423.07280417554,1001
2024-09-20 10:42:14.197000,423.0540373406761,6
2024-09-20 10:42:14.235000,423.0892937227481,996
2024-09-20 10:42:14.318000,423.0931303032575,103
2024-09-20 10:42:14.359000,423.0739342024736,1000
2024-09-20 10:42:14.361000,423.0542953522332,1004
2024-09-20 10:42:14.401000,423.08270654914,101
2024-09-20 10:42:14.425000,423.1038001855197,102
2024-09-20 10:42:14.432000,423.096897098764,1004
2024-09-20 10:42:14.433000,423.05636578685153,10
2024-09-20 10:42:14.443000,423.0613499196033,5
2024-09-20 10:42:14.491000,423.0622658501495,996
2024-09-20 10:42:14.563000,423.0502900154859,102
2024-09-20 10:42:14.595000,423.0876584383751,101
2024-09-20 10:42:14.684000,423.0579156831235,95
2024-09-20 10:42:14.687000,423.0642615241191,99
2024-09-20 10:42:14.713000,423.0644014345901,995
2024-09-20 10:42:14.788000,423.07615704872296,996
2024-09-20 10:42:14.863000,423.08875406930514,1000
2024-09-20 10:42:14.874000,423.0561639158937,996
2024-09-20 10:42:14.882000,423.0595556449536,8
2024-09-20 10:42:14.925000,423.0900043573822,12
2024-09-20 10:42:14.938000,423.04250958443583,104
2024-09-20 10:42:14.979000,423.0348167251713,6
2024-09-20 10:42:15.003000,423.0473457525901,1001
2024-09-20 10:42:15.099000,423.0415754890186,13
2024-09-20 10:42:15.143000,423.0218430895974,997
2024-09-20 10:42:15.391000,423.040043163428,10
2024-09-20 10:42:15.845000,423.04742089855614,97
2024-09-20 10:42:16.202000,423.0099984098778,14
2024-09-20 10:42:16.251000,423.0071300188085,995
2024-09-20 10:42:16.313000,423.014070156198,1000
2024-09-20 10:42:16.369000,423.01478811021246,7
2024-09-20 10:42:16.398000,423.0203010602887,97
2024-09-20 10:42:16.481000,422.99655963064697,104
2024-09-20 10:42:16.783000,423.0083503442972,6
2024-09-20 10:42:16.806000,423.0009180800913,998
2024-09-20 10:42:16.814000,423.0061547015432,12
2024-09-20 10:42:17.016000,422.98702961478097,13
2024-09-20 10:42:17.693000,422.97885169189294,105
2024-09-20 10:42:18.170000,422.9859921970486,10
2024-09-20 10:42:18.246000,422.986288962738,7
2024-09-20 10:42:18.369000,422.9729240296573,9
2024-09-20 10:42:18.406000,422.98118069132425,1005
2024-09-20 10:42:18.645000,423.00105104991104,997
2024-09-20 10:42:18.736000,422.99477645687006,997
2024-09-20 10:42:18.890000,422.9913495734861,998
2024-09-20 10:42:18.924000,422.9694586113464,1002
2024-09-20 10:42:18.937000,422.9928102423034,1000
2024-09-20 10:42:19.107000,423.00574655424623,996
2024-09-20 10:42:19.148000,423.0190621341504,101
2024-09-20 10:42:19.180000,422.991353054799,997
2024-09-20 10:42:19.190000,423.0391196041529,1003
2024-09-20 10:42:19.209000,423.0432560208911,15
2024-09-20 10:42:19.216000,423.0140987494678,1005
2024-09-20 10:42:19.248000,423.0584619609974,997
2024-09-20 10:42:19.271000,423.0440561498331,96
2024-09-20 10:42:19.322000,423.01072083146846,1001
2024-09-20 10:42:19.336000,423.0705799557775,7
2024-09-20 10:42:19.336000,423.0485883890893,7
2024-09-20 10:42:19.341000,422.9888074944101,13
2024-09-20 10:42:19.350000,423.059349254582,101
2024-09-20 10:42:19.384000,423.0604295175402,9
2024-09-20 10:42:19.387000,423.0581728561352,14
2024-09-20 10:42:19.490000,423.0362740047905,102
2024-09-20 10:42:19.492000,423.046310134713,1001
2024-09-20 10:42:19.541000,423.003138881353,1004
2024-09-20 10:42:19.549000,423.01471683948887,997
2024-09-20 10:42:19.574000,423.0419913190678,1003
2024-09-20 10:42:19.583000,423.0986686535933,99
2024-09-20 10:42:19.619000,423.04343072652,1000
2024-09-20 10:42:19.700000,423.0532654478976,996
2024-09-20 10:42:19.795000,423.0091208880094,998
2024-09-20 10:42:19.867000,423.0837985974509,95
2024-09-20 10:42:19.926000,423.0240281334304,1000
2024-09-20 10:42:19.936000,423.01433486254825,1005
2024-09-20 10:42:19.938000,422.9981127331524,1001
2024-09-20 10:42:20.020000,423.1349212163296,1000
2024-09-20 10:42:20.190000,423.1019405377288,8
2024-09-20 10:42:20.224000,423.1212931723467,1003
2024-09-20 10:42:20.289000,423.1181019788262,100
2024-09-20 10:42:20.320000,423.1258371707996,1002
2024-09-20 10:42:20.403000,423.1254280912573,102
2024-09-20 10:42:20.409000,423.11324436829335,996
2024-09-20 10:42:20.588000,423.1469810643826,998
2024-09-20 10:42:20.603000,423.140938718106,997
2024-09-20 10:42:20.678000,423.1565103045865,97
2024-09-20 10:42:20.868000,423.1257220875072,100
2024-09-20 10:42:20.895000,423.1208932212951,100
2024-09-20 10:42:20.907000,423.139189674543,1003
2024-09-20 10:42:20.923000,423.1163209266152,10
2024-09-20 10:42:20.957000,423.1261489518971,11
2024-09-20 10:42:21.360000,423.1495423295232,1003
2024-09-20 10:42:21.511000,423.1186282623616,998
2024-09-20 10:42:21.915000,423.1471693430927,13
2024-09-20 10:42:23.056000,423.1637906409664,996
2024-09-20 10:42:23.061000,423.1686218016028,101
2024-09-20 10:42:23.071000,423.1418684428659,14
2024-09-20 10:42:23.080000,423.0778983443189,996
2024-09-20 10:42:23.203000,423.1713774651479,998
2024-09-20 10:42:23.394000,423.1590877271914,12
2024-09-20 10:42:23.440000,423.1831143077736,95
2024-09-20 10:42:23.461000,423.1369677024082,9
2024-09-20 10:42:23.487000,423.15829374336073,14
2024-09-20 10:42:23.546000,423.1084827485111,95
2024-09-20 10:42:23.729000,423.1441999277319,9
2024-09-20 10:42:23.733000,423.12906215895214,8
2024-09-20 10:42:23.765000,423.1665094869225,1002
2024-09-20 10:42:23.818000,423.1415288695276,96
2024-09-20 10:42:23.863000,423.15340583046526,105
2024-09-20 10:42:23.870000,423.1594581972307,95
2024-09-20 10:42:23.911000,423.1406725354537,104
2024-09-20 10:42:23.919000,423.1036837804066,103
2024-09-20 10:42:23.920000,423.095328480064,15
2024-09-20 10:42:24.024000,423.16922553233377,104
2024-09-20 10:42:24.112000,423.16865135521846,8
2024-09-20 10:42:24.186000,423.1511295524869,997
2024-09-20 10:42:24.255000,423.1483762050988,998
2024-09-20 10:42:24.261000,423.1499717789084,9
2024-09-20 10:42:24.339000,423.1327719077049,1003
2024-09-20 10:42:24.447000,423.1238782778609,102
2024-09-20 10:42:24.467000,423.11336930008457,1004
2024-09-20 10:42:24.520000,423.1349716386701,97
2024-09-20 10:42:24.656000,423.1121457170627,6
2024-09-20 10:42:24.710000,423.1265995797714,1003
2024-09-20 10:42:24.712000,423.1649838467743,1001
2024-09-20 10:42:24.817000,423.1171069506097,1004
2024-09-20 10:42:24.887000,423.1228334337477,1004
2024-09-20 10:42:24.888000,423.16020427946825,998
2024-09-20 10:42:24.998000,423.176108857152,1002
2024-09-20 10:42:25.090000,423.1211228833872,1000
2024-09-20 10:42:25.250000,423.1149247829046,13
2024-09-20 10:42:25.927000,423.1169431133552,1003
2024-09-20 10:42:26.335000,423.11036212944975,996
2024-09-20 10:42:26.405000,423.11321434918585,98
2024-09-20 10:42:26.425000,423.12742093631744,1005
2024-09-20 10:42:26.630000,423.1309983113947,1000
2024-09-20 10:42:27.014000,423.11848338234216,104
2024-09-20 10:42:27.021000,423.13912033217264,995
2024-09-20 10:42:27.049000,423.11504971557406,1001
2024-09-20 10:42:27.096000,423.118729977885,10
2024-09-20 10:42:27.137000,423.12402403544894,98
2024-09-20 10:42:27.296000,423.1078154787964,96
2024-09-20 10:42:27.301000,423.10219152021153,996
2024-09-20 10:42:27.375000,423.1129951546792,10
2024-09-20 10:42:27.378000,423.1029512805254,998
2024-09-20 10:42:27.420000,423.1190472209489,15
2024-09-20 10:42:27.433000,423.1125144557776,1003
2024-09-20 10:42:27.448000,423.1084632070217,11
2024-09-20 10:42:27.504000,423.111142642845,99
2024-09-20 10:42:27.598000,423.1213150753572,999
2024-09-20 10:42:27.602000,423.1185857023244,1004
2024-09-20 10:42:27.679000,423.1194891424968,104
2024-09-20 10:42:27.691000,423.0737160822847,1001
2024-09-20 10:42:27.832000,423.12387538471984,13
2024-09-20 10:42:27.970000,423.0998172392858,95
2024-09-20 10:42:27.976000,423.1039928000696,15
2024-09-20 10:42:28.077000,423.0835633043377,97
2024-09-20 10:42:28.334000,423.0884935879168,101
2024-09-20 10:42:28.432000,423.0708449672456,8
2024-09-20 10:42:29.058000,423.104449331334,15
2024-09-20 10:42:29.094000,423.10250300179166,99
2024-09-20 10:42:29.218000,423.092460143956,14
2024-09-20 10:42:29.223000,423.0963259775048,97
2024-09-20 10:42:29.294000,423.1223866217293,1000
2024-09-20 10:42:29.406000,423.1183231917179,96
2024-09-20 10:42:29.428000,423.0952176055343,1003
2024-09-20 10:42:29.441000,423.1056191119853,95
2024-09-20 10:42:29.557000,423.1160520478031,997
2024-09-20 10:42:29.602000,423.10770544717286,12
2024-09-20 10:42:29.796000,423.1010547925658,95
2024-09-20 10:42:29.846000,423.0945294117281,1004
2024-09-20 10:42:29.933000,423.0929231028519,995
2024-09-20 10:42:29.966000,423.08949954561945,14
2024-09-20 10:42:29.982000,423.07280562658025,12
2024-09-20 10:42:30.036000,423.1355553488583,101
2024-09-20 10:42:30.103000,423.057525827028,15
2024-09-20 10:42:30.151000,423.0714742901326,6
2024-09-20 10:42:30.185000,423.08548677550885,95
2024-09-20 10:42:30.222000,423.125662537704,999
2024-09-20 10:42:30.307000,423.0543067886164,998
2024-09-20 10:42:30.352000,423.12073588278446,1004
2024-09-20 10:42:30.465000,423.08580986932685,1003
2024-09-20 10:42:30.497000,423.1291461197616,99
2024-09-20 10:42:30.610000,423.0574541556905,9
2024-09-20 10:42:30.612000,423.07842321227537,103
2024-09-20 10:42:30.703000,423.1139877956503,1000
2024-09-20 10:42:30.731000,423.1298776947107,98
2024-09-20 10:42:30.749000,423.1324173967354,8
2024-09-20 10:42:30.762000,423.12591620426673,99
2024-09-20 10:42:30.781000,423.0859006955796,1003
2024-09-20 10:42:30.870000,423.1334761270654,9
2024-09-20 10:42:30.903000,423.10379882758014,11
2024-09-20 10:42:30.980000,423.124844264202,98
2024-09-20 10:42:31.158000,423.2459208469904,6
2024-09-20 10:42:31.192000,423.24158422468975,101
2024-09-20 10:42:31.194000,423.227475829385,996
2024-09-20 10:42:31.217000,423.18790493364594,995
2024-09-20 10:42:31.265000,423.2073199051149,9
2024-09-20 10:42:31.326000,423.2665060230148,12
2024-09-20 10:42:31.359000,423.19345270614775,998
2024-09-20 10:42:31.414000,423.2180978686966,1001
2024-09-20 10:42:31.496000,423.20062996102286,998
2024-09-20 10:42:31.519000,423.2133113195886,13
2024-09-20 10:42:31.553000,423.2082367880285,997
2024-09-20 10:42:31.621000,423.2392624934172,96
2024-09-20 10:42:31.662000,423.2258159430369,5
2024-09-20 10:42:31.757000,423.22322899274246,104
2024-09-20 10:42:31.761000,423.2178517867839,1000
2024-09-20 10:42:31.762000,423.1942372865323,997
2024-09-20 10:42:31.763000,423.17005645859655,99
2024-09-20 10:42:31.776000,423.2723540008214,14
2024-09-20 10:42:31.780000,423.2224848957474,98
2024-09-20 10:42:31.820000,423.2146703044756,15
2024-09-20 10:42:31.826000,423.2286535406072,999
2024-09-20 10:42:31.845000,423.22424785851615,101
2024-09-20 10:42:31.895000,423.22183531509,13
2024-09-20 10:42:31.896000,423.2645928516188,1002
2024-09-20 10:42:31.901000,423.2160794780478,6
2024-09-20 10:42:31.944000,423.2375278511586,12
2024-09-20 10:42:31.996000,423.28019639002105,6
2024-09-20 10:42:32.050000,423.2551669518848,6
2024-09-20 10:42:32.165000,423.2340329409952,96
2024-09-20 10:42:32.179000,423.2720738075117,95
2024-09-20 10:42:32.220000,423.2952258206028,104
2024-09-20 10:42:32.258000,423.2645007305014,100
2024-09-20 10:42:32.312000,423.2517751534379,999
2024-09-20 10:42:32.375000,423.2537827874145,999
2024-09-20 10:42:32.533000,423.263518777106,1002
2024-09-20 10:42:32.561000,423.2793653499118,9
2024-09-20 10:42:32.615000,423.30582358013584,1005
2024-09-20 10:42:32.766000,423.3058941235559,103
2024-09-20 10:42:32.789000,423.3034739002285,995
2024-09-20 10:42:32.842000,423.2576133346626,1004
2024-09-20 10:42:32.872000,423.2459151528627,1004
2024-09-20 10:42:32.890000,423.2756470062919,12
2024-09-20 10:42:32.901000,423.2983457628941,8
2024-09-20 10:42:32.947000,423.2903910981568,995
2024-09-20 10:42:32.984000,423.26937618958334,6
2024-09-20 10:42:33.222000,423.2682535205753,101
2024-09-20 10:42:33.338000,423.2621238839767,100
2024-09-20 10:42:34.023000,423.29252130343656,998
2024-09-20 10:42:34.112000,423.3154765577042,104
2024-09-20 10:42:34.141000,423.29972132559095,999
2024-09-20 10:42:34.185000,423.2908589187413,998
2024-09-20 10:42:34.197000,423.3009114329213,996
2024-09-20 10:42:34.287000,423.2579905929129,102
2024-09-20 10:42:34.324000,423.2704136401608,1002
2024-09-20 10:42:34.339000,423.29728949424384,10
2024-09-20 10:42:34.375000,423.25857005346194,998
2024-09-20 10:42:34.385000,423.3070094749634,10
2024-09-20 10:42:34.467000,423.3033277434211,8
2024-09-20 10:42:34.561000,423.26869843847936,102
2024-09-20 10:42:34.628000,423.30753843438265,1002
2024-09-20 10:42:34.686000,423.3133122581486,14
2024-09-20 10:42:34.746000,423.32220642352775,105
2024-09-20 10:42:34.874000,423.3184550500119,12
2024-09-20 10:42:34.875000,423.3048677716072,12
2024-09-20 10:42:35.003000,423.3303589206618,5
2024-09-20 10:42:35.177000,423.34065475614005,97
2024-09-20 10:42:35.247000,423.3348426346852,6
2024-09-20 10:42:35.268000,423.3184072344745,1004
2024-09-20 10:42:35.409000,423.3216593457484,1002
2024-09-20 10:42:35.641000,423.3233037920412,10
2024-09-20 10:42:35.644000,423.3321380942516,1003
2024-09-20 10:42:35.698000,423.3311679046603,97
2024-09-20 10:42:35.715000,423.3422703485829,5
2024-09-20 10:42:35.854000,423.3084499718536,1002
2024-09-20 10:42:35.884000,423.3419900179076,103
2024-09-20 10:42:35.908000,423.32532344716543,6
2024-09-20 10:42:36.009000,423.3094279489227,15
2024-09-20 10:42:36.123000,423.2972257916839,102
2024-09-20 10:42:36.136000,423.2793509913515,101
2024-09-20 10:42:36.144000,423.3330575875392,996
2024-09-20 10:42:36.247000,423.2681037407222,15
2024-09-20 10:42:36.285000,423.3421458412801,102
2024-09-20 10:42:36.353000,423.2949037823879,98
2024-09-20 10:42:36.442000,423.333086388824,15
2024-09-20 10:42:36.471000,423.3467105289393,105
2024-09-20 10:42:36.505000,423.3293155526604,8
2024-09-20 10:42:36.565000,423.3222993928099,1002
2024-09-20 10:42:36.622000,423.3657257244981,9
2024-09-20 10:42:36.629000,423.2904594641158,96
2024-09-20 10:42:36.686000,423.3020946597601,1002
2024-09-20 10:42:36.695000,423.3527856904702,105
2024-09-20 10:42:36.703000,423.3096826209876,97
2024-09-20 10:42:36.711000,423.2718202504169,9
2024-09-20 10:42:36.724000,423.28928125065033,1002
2024-09-20 10:42:36.739000,423.3100443794242,12
2024-09-20 10:42:36.788000,423.3203237428114,995
2024-09-20 10:42:36.806000,423.2949156489648,95
2024-09-20 10:42:36.934000,423.321188013371,995
2024-09-20 10:42:37.089000,423.314920625216,13
2024-09-20 10:42:37.114000,423.328621549204,8
2024-09-20 10:42:37.143000,423.2975327750299,100
2024-09-20 10:42:37.159000,423.3173279597127,1004
2024-09-20 10:42:37.174000,423.27918839332295,105
2024-09-20 10:42:37.271000,423.2812244565332,100
2024-09-20 10:42:37.331000,423.36462184995855,103
2024-09-20 10:42:37.336000,423.3260695774308,996
2024-09-20 10:42:37.375000,423.3352985789805,15
2024-09-20 10:42:37.377000,423.302698111752,99
2024-09-20 10:42:37.384000,423.3239131101682,12
2024-09-20 10:42:37.394000,423.3276829102145,996
2024-09-20 10:42:37.458000,423.3235437868029,9
2024-09-20 10:42:37.587000,423.3671609050265,7
2024-09-20 10:42:37.643000,423.3393889655261,100
2024-09-20 10:42:37.718000,423.3215392509164,1003
2024-09-20 10:42:37.754000,423.3178279964653,1002
2024-09-20 10:42:37.838000,423.3674186331737,14
2024-09-20 10:42:37.849000,423.3259688116856,104
2024-09-20 10:42:37.910000,423.30885135915054,10
2024-09-20 10:42:37.931000,423.32958767610097,995
2024-09-20 10:42:37.948000,423.3656591242903,99
2024-09-20 10:42:37.968000,423.3286025057315,6
2024-09-20 10:42:38.013000,423.3057887734513,15
2024-09-20 10:42:38.036000,423.31085350090433,999
2024-09-20 10:42:38.044000,423.32181358893325,15
2024-09-20 10:42:38.079000,423.3049812151911,99
2024-09-20 10:42:38.137000,423.33402138163655,9
2024-09-20 10:42:38.170000,423.3047924597111,1003
2024-09-20 10:42:38.262000,423.30245350514673,100
2024-09-20 10:42:38.278000,423.304010862807,104
2024-09-20 10:42:38.320000,423.3470908630147,98
2024-09-20 10:42:38.320000,423.3241796513365,102
2024-09-20 10:42:38.343000,423.3190529103391,9
2024-09-20 10:42:38.352000,423.32184726636746,5
2024-09-20 10:42:38.428000,423.306312846047,95
2024-09-20 10:42:38.528000,423.3133358369196,99
2024-09-20 10:42:38.573000,423.3141744081553,998
2024-09-20 10:42:38.580000,423.3336024588456,105
2024-09-20 10:42:38.617000,423.32156944070096,11
2024-09-20 10:42:38.637000,423.3143751180109,8
2024-09-20 10:42:38.733000,423.3222916172391,1004
2024-09-20 10:42:38.799000,423.326884170736,1000
2024-09-20 10:42:38.829000,423.31644903552177,101
2024-09-20 10:42:38.895000,423.3220042560072,998
2024-09-20 10:42:38.903000,423.336980764078,105
2024-09-20 10:42:39.092000,423.3000444768348,102
2024-09-20 10:42:39.095000,423.3262227339361,6
2024-09-20 10:42:39.110000,423.3187249696777,996
2024-09-20 10:42:39.147000,423.3289017139,7
2024-09-20 10:42:39.152000,423.3275494565496,1004
2024-09-20 10:42:39.172000,423.297510581407,1004
2024-09-20 10:42:39.185000,423.3332288715491,99
2024-09-20 10:42:39.280000,423.31708509611366,98
2024-09-20 10:42:39.292000,423.2994371736567,105
2024-09-20 10:42:39.457000,423.30087227783474,12
2024-09-20 10:42:39.528000,423.3315429553779,998
2024-09-20 10:42:39.563000,423.3125367325287,1001
2024-09-20 10:42:39.587000,423.3115428445106,104
2024-09-20 10:42:39.605000,423.3254708791573,1002
2024-09-20 10:42:39.738000,423.3196723791205,1002
2024-09-20 10:42:39.799000,423.34147030158505,1005
2024-09-20 10:42:39.822000,423.32114781707634,100
2024-09-20 10:42:39.865000,423.3088238808898,1003
2024-09-20 10:42:39.936000,423.30905315000336,999
2024-09-20 10:42:40.097000,423.3217657766408,995
2024-09-20 10:42:40.142000,423.30686828483664,101
2024-09-20 10:42:40.190000,423.2772880651677,1001
2024-09-20 10:42:40.229000,423.2952974210383,1002
2024-09-20 10:42:40.395000,423.2782757972833,96
2024-09-20 10:42:40.536000,423.335480123227,15
2024-09-20 10:42:40.543000,423.3070408198532,12
2024-09-20 10:42:40.649000,423.3091484787889,1003
2024-09-20 10:42:40.763000,423.3062130156911,1004
2024-09-20 10:42:40.818000,423.2984486438837,5
2024-09-20 10:42:40.885000,423.27854279495233,998
2024-09-20 10:42:40.917000,423.3282386595544,996
2024-09-20 10:42:40.927000,423.3146968334464,101
2024-09-20 10:42:40.949000,423.273524768652,8
2024-09-20 10:42:40.969000,423.326042690176,995
2024-09-20 10:42:41.004000,423.2957136994237,1005
2024-09-20 10:42:41.046000,423.2898487739783,1005
2024-09-20 10:42:41.126000,423.2942296356703,1000
2024-09-20 10:42:41.140000,423.293632688279,6
2024-09-20 10:42:41.141000,423.3475205794743,996
2024-09-20 10:42:41.180000,423.28396937411054,996
2024-09-20 10:42:41.250000,423.2833032227821,1001
2024-09-20 10:42:41.274000,423.31532226758856,103
2024-09-20 10:42:41.337000,423.3332223805563,1005
2024-09-20 10:42:41.340000,423.31116473768657,996
2024-09-20 10:42:41.363000,423.30686795615134,1002
2024-09-20 10:42:41.368000,423.29064763878,10
2024-09-20 10:42:41.427000,423.30470918810977,100
2024-09-20 10:42:41.439000,423.2903546787349,997
2024-09-20 10:42:41.446000,423.287968910313,103
2024-09-20 10:42:41.460000,423.3189296849726,1005
2024-09-20 10:42:41.534000,423.2716696840947,98
2024-09-20 10:42:41.567000,423.3264458765311,102
2024-09-20 10:42:41.587000,423.3121989165932,12
2024-09-20 10:42:41.669000,423.2807837373218,995
2024-09-20 10:42:41.678000,423.2864575864715,1005
2024-09-20 10:42:41.699000,423.3041345997108,997
2024-09-20 10:42:41.707000,423.3013082746658,5
2024-09-20 10:42:41.738000,423.3146002647412,1000
2024-09-20 10:42:41.851000,423.2946604614262,997
2024-09-20 10:42:41.884000,423.3047996134105,95
2024-09-20 10:42:42.098000,423.38372478830354,13
2024-09-20 10:42:42.128000,423.3577856828028,995
2024-09-20 10:42:42.145000,423.3998322433794,1001
2024-09-20 10:42:42.215000,423.41788372575314,7
2024-09-20 10:42:42.237000,423.4029675031355,101
2024-09-20 10:42:42.258000,423.4113762914243,1000
2024-09-20 10:42:42.281000,423.47565438546536,98
2024-09-20 10:42:42.287000,423.4224345726652,105
2024-09-20 10:42:42.363000,423.4493535465129,13
2024-09-20 10:42:42.468000,423.3426832553082,11
2024-09-20 10:42:42.492000,423.3794830487609,100
2024-09-20 10:42:42.504000,423.4360152107027,104
2024-09-20 10:42:42.574000,423.4132560490668,1004
2024-09-20 10:42:42.600000,423.4747499271491,97
2024-09-20 10:42:42.603000,423.4759183475834,1000
2024-09-20 10:42:42.632000,423.4220414937636,104
2024-09-20 10:42:42.648000,423.4799101557825,102
2024-09-20 10:42:42.839000,423.41461952764416,98
2024-09-20 10:42:42.911000,423.4498418533157,15
2024-09-20 10:42:42.923000,423.4856016549751,1005
2024-09-20 10:42:42.938000,423.3928792083007,102
2024-09-20 10:42:42.942000,423.4493701692206,995
2024-09-20 10:42:42.963000,423.41135202721256,1002
2024-09-20 10:42:43.121000,423.4213151820626,999
2024-09-20 10:42:43.662000,423.4414817561315,98
2024-09-20 10:42:43.667000,423.4340205878571,1005
2024-09-20 10:42:43.743000,423.421805598366,101
2024-09-20 10:42:43.950000,423.4407257102208,104
2024-09-20 10:42:44.060000,423.4313336583768,97
2024-09-20 10:42:44.131000,423.4371072377975,11
2024-09-20 10:42:44.137000,423.4274030723543,15
2024-09-20 10:42:44.140000,423.4799601077453,1001
2024-09-20 10:42:44.193000,423.4360501830048,999
2024-09-20 10:42:44.219000,423.4305511948091,8
2024-09-20 10:42:44.235000,423.43325438124896,105
2024-09-20 10:42:44.281000,423.4427016435327,999
2024-09-20 10:42:44.297000,423.44358517176687,999
2024-09-20 10:42:44.467000,423.4564926908804,95
2024-09-20 10:42:44.551000,423.45224259806537,96
2024-09-20 10:42:44.554000,423.4618753517021,1005
2024-09-20 10:42:44.573000,423.4267325399739,1002
2024-09-20 10:42:44.622000,423.4472075733307,11
2024-09-20 10:42:44.669000,423.4174202020078,104
2024-09-20 10:42:44.710000,423.4660139093329,1000
2024-09-20 10:42:44.713000,423.4716031513626,11
2024-09-20 10:42:44.726000,423.4720652618343,998
2024-09-20 10:42:44.741000,423.453034588374,999
2024-09-20 10:42:44.855000,423.4848527063594,101
2024-09-20 10:42:44.903000,423.4622704996261,100
2024-09-20 10:42:44.926000,423.4674407035637,104
2024-09-20 10:42:44.969000,423.46429273584255,102
2024-09-20 10:42:45.103000,423.43430869790296,101
2024-09-20 10:42:45.137000,423.4567574395351,105
2024-09-20 10:42:45.187000,423.4315323249946,996
2024-09-20 10:42:45.240000,423.4079961005265,15
2024-09-20 10:42:45.302000,423.4126840261285,7
2024-09-20 10:42:45.350000,423.44259452949177,105
2024-09-20 10:42:45.390000,423.4307122377925,995
2024-09-20 10:42:45.553000,423.4339579257483,996
2024-09-20 10:42:45.699000,423.470734033434,10
2024-09-20 10:42:45.707000,423.4566597539998,1004
2024-09-20 10:42:45.769000,423.4787733635762,1004
2024-09-20 10:42:45.770000,423.4268432429362,102
2024-09-20 10:42:45.798000,423.4241063684843,105
2024-09-20 10:42:45.837000,423.4720760606169,104
2024-09-20 10:42:45.846000,423.42943665042856,14
2024-09-20 10:42:45.855000,423.44385563078026,998
2024-09-20 10:42:45.905000,423.4197210196177,5
2024-09-20 10:42:45.999000,423.4112028103195,15
2024-09-20 10:42:46.195000,423.45612784246873,1003
2024-09-20 10:42:46.215000,423.49264493363535,997
2024-09-20 10:42:46.227000,423.4976613612085,998
2024-09-20 10:42:46.278000,423.4409329339101,100
2024-09-20 10:42:46.340000,423.421267166531,95
2024-09-20 10:42:46.377000,423.40758872379536,8
2024-09-20 10:42:46.389000,423.4829173837738,101
2024-09-20 10:42:46.419000,423.4087634204317,12
2024-09-20 10:42:46.478000,423.4266696029353,11
2024-09-20 10:42:46.573000,423.49206837163496,97
2024-09-20 10:42:46.683000,423.4813953149278,97
2024-09-20 10:42:46.735000,423.4877136816254,1005
2024-09-20 10:42:46.746000,423.4405443676149,12
2024-09-20 10:42:46.759000,423.4326465796246,1005
2024-09-20 10:42:46.759000,423.48649664783886,9
2024-09-20 10:42:46.767000,423.40193164409663,996
2024-09-20 10:42:46.774000,423.4708416753369,102
2024-09-20 10:42:46.848000,423.3940621450806,13
2024-09-20 10:42:46.951000,423.4839303420501,9
2024-09-20 10:42:46.952000,423.4890313107942,5
2024-09-20 10:42:46.967000,423.4737096486632,104
2024-09-20 10:42:46.983000,423.4757486924042,1004
2024-09-20 10:42:47.047000,423.4365379769228,999
2024-09-20 10:42:47.627000,423.42806260084274,98
2024-09-20 10:42:47.636000,423.3921664003034,96
2024-09-20 10:42:47.639000,423.4237424030084,97
2024-09-20 10:42:47.865000,423.4219617288848,13
2024-09-20 10:42:48.171000,423.4104577492581,103
2024-09-20 10:42:48.204000,423.3856434075647,14
2024-09-20 10:42:48.403000,423.3933752628764,996
2024-09-20 10:42:48.719000,423.4244516977053,1005
2024-09-20 10:42:48.760000,423.40652499452,7
2024-09-20 10:42:49.003000,423.46533466251526,10
2024-09-20 10:42:49.122000,423.45882001815966,100
2024-09-20 10:42:49.178000,423.452626174605,7
2024-09-20 10:42:49.240000,423.4328049018552,999
2024-09-20 10:42:49.241000,423.4689949987441,14
2024-09-20 10:42:49.311000,423.47821043092273,102
2024-09-20 10:42:49.327000,423.4586841059128,1003
2024-09-20 10:42:49.348000,423.45841932256064,1004
2024-09-20 10:42:49.369000,423.4549457850968,15
2024-09-20 10:42:49.385000,423.46388805330406,8
2024-09-20 10:42:49.392000,423.4289309390632,97
2024-09-20 10:42:49.460000,423.4618765598099,98
2024-09-20 10:42:49.512000,423.4720491099148,1001
2024-09-20 10:42:49.521000,423.4423678870396,100
2024-09-20 10:42:49.534000,423.4613142232377,999
2024-09-20 10:42:49.584000,423.4583540767806,8
2024-09-20 10:42:49.634000,423.4728520912078,101
2024-09-20 10:42:49.652000,423.4588622846737,98
2024-09-20 10:42:49.657000,423.4580857054973,98
2024-09-20 10:42:49.704000,423.4643848790479,5
2024-09-20 10:42:49.795000,423.4346214262675,105
2024-09-20 10:42:49.807000,423.4702856190875,8
2024-09-20 10:42:49.825000,423.478592264918,1002
2024-09-20 10:42:49.842000,423.4366703325514,8
2024-09-20 10:42:49.909000,423.4647773092899,997
2024-09-20 10:42:49.913000,423.4685811952215,1000
2024-09-20 10:42:49.923000,423.47779776207256,999
2024-09-20 10:42:49.931000,423.4396378293762,996
2024-09-20 10:42:50.168000,423.4087555629562,1001
2024-09-20 10:42:50.271000,423.41434398205007,8
2024-09-20 10:42:50.300000,423.47164054883984,10
2024-09-20 10:42:50.322000,423.4627032988482,95
2024-09-20 10:42:50.397000,423.4372373303282,14
2024-09-20 10:42:50.442000,423.40056743742525,11
2024-09-20 10:42:50.442000,423.4674231645301,97
2024-09-20 10:42:50.445000,423.4279776605174,99
2024-09-20 10:42:50.497000,423.4515631495729,95
2024-09-20 10:42:50.514000,423.398212309742,1001
2024-09-20 10:42:50.553000,423.4540581413944,102
2024-09-20 10:42:50.631000,423.4239080597259,1002
2024-09-20 10:42:50.641000,423.420657062316,6
2024-09-20 10:42:50.741000,423.46790464828615,102
2024-09-20 10:42:50.796000,423.4850654006974,104
2024-09-20 10:42:50.846000,423.4859254497896,7
2024-09-20 10:42:50.923000,423.4225869277639,15
2024-09-20 10:42:50.934000,423.40828166346233,8
2024-09-20 10:42:50.940000,423.4251093666515,1003
2024-09-20 10:42:50.973000,423.3888587759438,995
2024-09-20 10:42:51.037000,423.4959114259131,100
2024-09-20 10:42:51.094000,423.46595974512735,6
2024-09-20 10:42:51.098000,423.4958831938161,1001
2024-09-20 10:42:51.112000,423.4800689822848,99
2024-09-20 10:42:51.131000,423.4766494863454,1004
2024-09-20 10:42:51.138000,423.5002351517167,995
2024-09-20 10:42:51.181000,423.48977850716767,13
2024-09-20 10:42:51.195000,423.4657968072483,995
2024-09-20 10:42:51.231000,423.45933539876233,14
2024-09-20 10:42:51.249000,423.52143518342734,12
2024-09-20 10:42:51.258000,423.497204852966,101
2024-09-20 10:42:51.315000,423.5028309966644,997
2024-09-20 10:42:51.320000,423.52995875441263,997
2024-09-20 10:42:51.357000,423.4596450610672,1004
2024-09-20 10:42:51.453000,423.4850513019345,5
2024-09-20 10:42:51.524000,423.4719547697847,6
2024-09-20 10:42:51.570000,423.5343340807096,95
2024-09-20 10:42:51.579000,423.4564985592395,102
2024-09-20 10:42:51.580000,423.4888540275097,1002
2024-09-20 10:42:51.587000,423.47293614440974,5
2024-09-20 10:42:51.725000,423.4960599562684,1001
2024-09-20 10:42:51.740000,423.515254315947,5
2024-09-20 10:42:51.746000,423.48080750941534,998
2024-09-20 10:42:51.772000,423.4833240509446,11
2024-09-20 10:42:51.797000,423.5106806189893,1004
2024-09-20 10:42:51.863000,423.51341694432887,1000
2024-09-20 10:42:51.903000,423.5475445608788,1003
2024-09-20 10:42:51.940000,423.47729037070656,101
2024-09-20 10:42:52.035000,423.5983508000002,1003
2024-09-20 10:42:52.045000,423.5290383507037,105
2024-09-20 10:42:52.060000,423.5983659511992,995
2024-09-20 10:42:52.106000,423.56708563576666,995
2024-09-20 10:42:52.141000,423.5994259373449,1001
2024-09-20 10:42:52.165000,423.60989122826726,101
2024-09-20 10:42:52.199000,423.58746495885714,7
2024-09-20 10:42:52.219000,423.5793483145246,5
2024-09-20 10:42:52.229000,423.5901158606371,15
2024-09-20 10:42:52.240000,423.6017855075635,6
2024-09-20 10:42:52.250000,423.55532704980726,1002
2024-09-20 10:42:52.305000,423.603953782576,14
2024-09-20 10:42:52.316000,423.559406870485,1001
2024-09-20 10:42:52.404000,423.5702305743285,8
2024-09-20 10:42:52.407000,423.6120137820057,13
2024-09-20 10:42:52.495000,423.5552517757289,1002
2024-09-20 10:42:52.510000,423.6023046405674,1003
2024-09-20 10:42:52.593000,423.6028577066282,97
2024-09-20 10:42:52.666000,423.6028982617283,99
2024-09-20 10:42:52.727000,423.6134393263631,1000
2024-09-20 10:42:52.737000,423.60197043525335,100
2024-09-20 10:42:52.889000,423.5588020204488,999
2024-09-20 10:42:52.906000,423.6026550537656,99
2024-09-20 10:42:52.985000,423.6094831613205,101
2024-09-20 10:42:53.196000,423.6355805955743,105
2024-09-20 10:42:53.206000,423.64996161542456,105
2024-09-20 10:42:53.284000,423.6215775945673,103
2024-09-20 10:42:53.365000,423.6455678527825,103
2024-09-20 10:42:53.424000,423.66434721699824,10
2024-09-20 10:42:53.483000,423.65946129512304,5
2024-09-20 10:42:53.498000,423.6304895249298,105
2024-09-20 10:42:53.648000,423.6082255069738,14
2024-09-20 10:42:53.658000,423.6106696778032,996
2024-09-20 10:42:53.730000,423.62861585225056,1005
2024-09-20 10:42:53.762000,423.6571320474274,1003
2024-09-20 10:42:53.771000,423.622802493512,1001
2024-09-20 10:42:53.780000,423.6266333834985,5
2024-09-20 10:42:53.814000,423.6512646992473,11
2024-09-20 10:42:53.880000,423.6612886566832,100
2024-09-20 10:42:53.992000,423.65471327527257,998
2024-09-20 10:42:54.157000,423.6522413771697,997
2024-09-20 10:42:54.166000,423.66385497374927,999
2024-09-20 10:42:54.261000,423.65355586943815,12
2024-09-20 10:42:54.281000,423.6596058618952,11
2024-09-20 10:42:54.308000,423.65637386790365,15
2024-09-20 10:42:54.561000,423.64773392582526,97
2024-09-20 10:42:54.686000,423.64535857493496,96
2024-09-20 10:42:54.703000,423.66650597835246,5
2024-09-20 10:42:54.715000,423.6717603134712,1004
2024-09-20 10:42:54.722000,423.6438235273848,104
2024-09-20 10:42:54.742000,423.6701536012428,1004
2024-09-20 10:42:54.783000,423.62987685878073,1003
2024-09-20 10:42:54.801000,423.6403067100848,101
2024-09-20 10:42:54.804000,423.6548502817938,996
2024-09-20 10:42:54.904000,423.646059752552,7
2024-09-20 10:42:54.959000,423.6526319692635,99
2024-09-20 10:42:55.324000,423.6226187732082,1002
2024-09-20 10:42:55.561000,423.62531945135294,95
2024-09-20 10:42:55.673000,423.5963808625436,95
2024-09-20 10:42:55.734000,423.60674123115473,9
2024-09-20 10:42:56.026000,423.6716296968127,9
2024-09-20 10:42:56.035000,423.6626639420687,104
2024-09-20 10:42:56.095000,423.65172101696805,101
2024-09-20 10:42:56.203000,423.63534014315536,995
2024-09-20 10:42:56.304000,423.6587877720895,105
2024-09-20 10:42:56.311000,423.64910218376656,95
2024-09-20 10:42:56.509000,423.6591128331232,997
2024-09-20 10:42:56.612000,423.6777951236579,8
2024-09-20 10:42:56.745000,423.62976366838296,15
2024-09-20 10:42:56.831000,423.6517448419872,99
2024-09-20 10:42:56.868000,423.6384509124756,95
2024-09-20 10:42:56.892000,423.6454098565743,102
2024-09-20 10:42:56.901000,423.6871019751417,14
2024-09-20 10:42:57.002000,423.67882569285865,98
2024-09-20 10:42:57.011000,423.68461825675473,997
2024-09-20 10:42:57.167000,423.63733924192735,999
2024-09-20 10:42:57.181000,423.7041957979715,100
2024-09-20 10:42:57.212000,423.62282256197074,1001
2024-09-20 10:42:57.275000,423.6502384567639,102
2024-09-20 10:42:57.362000,423.6637020582352,102
2024-09-20 10:42:57.369000,423.6625702782841,10
2024-09-20 10:42:57.374000,423.656602192926,5
2024-09-20 10:42:57.412000,423.69764911822494,997
2024-09-20 10:42:57.482000,423.67838774615336,9
2024-09-20 10:42:57.563000,423.6699321539591,1004
2024-09-20 10:42:57.570000,423.63101812827006,996
2024-09-20 10:42:57.598000,423.6489650651306,104
2024-09-20 10:42:57.604000,423.68322793535634,6
2024-09-20 10:42:57.612000,423.69290255987096,1003
2024-09-20 10:42:57.674000,423.6750680037303,997
2024-09-20 10:42:57.773000,423.7090815321636,102
2024-09-20 10:42:57.774000,423.6738434735292,99
2024-09-20 10:42:57.808000,423.6728193140413,1004
2024-09-20 10:42:57.828000,423.6929705862419,15
2024-09-20 10:42:57.867000,423.6363471957717,96
2024-09-20 10:42:57.974000,423.6536994998273,12
2024-09-20 10:42:57.983000,423.6939055241106,95
2024-09-20 10:42:58.002000,423.7158137389956,997
2024-09-20 10:42:58.336000,423.73319567791856,100
2024-09-20 10:42:58.385000,423.7209040705028,10
2024-09-20 10:42:58.447000,423.7029020829678,998
2024-09-20 10:42:58.529000,423.7043606622113,995
2024-09-20 10:42:58.729000,423.7225479593,13
2024-09-20 10:42:58.743000,423.7124453134472,99
2024-09-20 10:42:58.998000,423.7235733838481,999
2024-09-20 10:42:59.091000,423.7244025296244,95
2024-09-20 10:42:59.113000,423.73342462187895,104
2024-09-20 10:42:59.275000,423.73110357386776,103
2024-09-20 10:42:59.276000,423.7449118227808,996
2024-09-20 10:42:59.346000,423.70961378501255,96
2024-09-20 10:42:59.412000,423.74391964043696,97
2024-09-20 10:42:59.422000,423.7167576166734,103
2024-09-20 10:42:59.435000,423.7368018596191,11
2024-09-20 10:42:59.461000,423.7297089659938,15
2024-09-20 10:42:59.486000,423.72294785414766,998
2024-09-20 10:42:59.535000,423.7245695799242,999
2024-09-20 10:42:59.571000,423.7038159873336,5
2024-09-20 10:42:59.648000,423.7315879736663,15
2024-09-20 10:42:59.705000,423.722886897225,13
2024-09-20 10:42:59.721000,423.7109657764372,5
2024-09-20 10:42:59.909000,423.7252166871817,96
2024-09-20 10:42:59.920000,423.7284019855165,104
2024-09-20 10:42:59.924000,423.7315021754058,7
