Timestamp,Price,Size
2024-09-20 13:20:00.001000,429.5548129317239,7
2024-09-20 13:20:00.084000,429.6175812479876,15
2024-09-20 13:20:00.104000,429.55272198998847,10
2024-09-20 13:20:00.204000,429.59004443957326,98
2024-09-20 13:20:00.210000,429.58295488770176,6
2024-09-20 13:20:00.258000,429.57564263002166,14
2024-09-20 13:20:00.293000,429.55300573166846,1000
2024-09-20 13:20:00.388000,429.61757788794256,6
2024-09-20 13:20:00.405000,429.6047165658243,998
2024-09-20 13:20:00.422000,429.5490338349632,97
2024-09-20 13:20:00.453000,429.60817949292345,5
2024-09-20 13:20:00.469000,429.6266105001442,997
2024-09-20 13:20:00.497000,429.6054663394802,995
2024-09-20 13:20:00.508000,429.5727232866048,5
2024-09-20 13:20:00.576000,429.5330560964451,13
2024-09-20 13:20:00.670000,429.5995777439711,15
2024-09-20 13:20:00.676000,429.6033250884362,6
2024-09-20 13:20:00.957000,429.5544391519994,103
2024-09-20 13:20:00.960000,429.5522308427138,99
2024-09-20 13:20:00.978000,429.5509230215769,1004
2024-09-20 13:20:00.995000,429.6191607355904,5
2024-09-20 13:20:01.002000,429.6112368151581,96
2024-09-20 13:20:01.090000,429.6092306887156,997
2024-09-20 13:20:01.212000,429.6205336732027,1002
2024-09-20 13:20:01.462000,429.62205847893495,101
2024-09-20 13:20:01.610000,429.64205092898345,1000
2024-09-20 13:20:01.822000,429.63048814369984,6
2024-09-20 13:20:01.881000,429.6304825238511,9
2024-09-20 13:20:02.061000,429.7037179322712,104
2024-09-20 13:20:02.062000,429.6758112514326,101
2024-09-20 13:20:02.069000,429.6779757081018,998
2024-09-20 13:20:02.104000,429.6631957395242,100
2024-09-20 13:20:02.114000,429.64456857221296,1000
2024-09-20 13:20:02.137000,429.6895940868436,995
2024-09-20 13:20:02.203000,429.668459562116,96
2024-09-20 13:20:02.204000,429.6139935128001,104
2024-09-20 13:20:02.212000,429.67105988247,9
2024-09-20 13:20:02.228000,429.6879292065166,995
2024-09-20 13:20:02.263000,429.6888853882336,14
2024-09-20 13:20:02.315000,429.6917069179235,97
2024-09-20 13:20:02.322000,429.604492344605,1001
2024-09-20 13:20:02.433000,429.6677843386222,5
2024-09-20 13:20:02.450000,429.7085118233099,96
2024-09-20 13:20:02.459000,429.6839792316011,8
2024-09-20 13:20:02.503000,429.65965556931394,14
2024-09-20 13:20:02.538000,429.6900085863805,13
2024-09-20 13:20:02.711000,429.6846601420021,8
2024-09-20 13:20:02.719000,429.6801373512855,10
2024-09-20 13:20:02.771000,429.6573489252661,15
2024-09-20 13:20:02.782000,429.6751751831859,12
2024-09-20 13:20:02.810000,429.7004530915044,1004
2024-09-20 13:20:02.829000,429.6730208344271,104
2024-09-20 13:20:02.846000,429.6780603457911,102
2024-09-20 13:20:02.888000,429.6904644994682,8
2024-09-20 13:20:02.898000,429.6708865799002,995
2024-09-20 13:20:02.942000,429.6804032079785,1005
2024-09-20 13:20:02.957000,429.66911627925,13
2024-09-20 13:20:02.963000,429.6332586200945,999
2024-09-20 13:20:03.002000,429.6586007060376,998
2024-09-20 13:20:03.013000,429.635968808565,995
2024-09-20 13:20:03.047000,429.64826733625983,15
2024-09-20 13:20:03.207000,429.6396120436655,104
2024-09-20 13:20:03.838000,429.6527287133776,6
2024-09-20 13:20:03.848000,429.6424993106984,105
2024-09-20 13:20:03.970000,429.65185127486114,101
2024-09-20 13:20:04.025000,429.69490226709655,105
2024-09-20 13:20:04.086000,429.7202580093442,11
2024-09-20 13:20:04.149000,429.6979210885142,1001
2024-09-20 13:20:04.158000,429.677834794503,6
2024-09-20 13:20:04.159000,429.6802914447807,9
2024-09-20 13:20:04.160000,429.6984764749213,102
2024-09-20 13:20:04.186000,429.6696366017144,98
2024-09-20 13:20:04.187000,429.67967215050845,95
2024-09-20 13:20:04.189000,429.7035145262242,15
2024-09-20 13:20:04.198000,429.7108224964029,13
2024-09-20 13:20:04.260000,429.6823391035532,101
2024-09-20 13:20:04.336000,429.65896516712047,12
2024-09-20 13:20:04.349000,429.7076655975511,6
2024-09-20 13:20:04.400000,429.7119468635655,15
2024-09-20 13:20:04.447000,429.6906545539012,100
2024-09-20 13:20:04.489000,429.65958860490366,102
2024-09-20 13:20:04.563000,429.7069936491334,1003
2024-09-20 13:20:04.579000,429.7183344364903,105
2024-09-20 13:20:04.611000,429.6972511605508,105
2024-09-20 13:20:04.665000,429.6657733954422,11
2024-09-20 13:20:04.740000,429.6907947107256,5
2024-09-20 13:20:04.792000,429.7164432302917,1002
2024-09-20 13:20:04.800000,429.7065460501004,104
2024-09-20 13:20:04.824000,429.685877830723,1003
2024-09-20 13:20:04.966000,429.6539248922147,7
2024-09-20 13:20:05.002000,429.6001599235564,1003
2024-09-20 13:20:05.054000,429.5620585389366,1001
2024-09-20 13:20:05.055000,429.6136244977422,104
2024-09-20 13:20:05.074000,429.5270428780101,11
2024-09-20 13:20:05.148000,429.5785627650915,15
2024-09-20 13:20:05.150000,429.547411533246,100
2024-09-20 13:20:05.154000,429.6795697696843,102
2024-09-20 13:20:05.179000,429.5308724050642,105
2024-09-20 13:20:05.180000,429.51135830713486,11
2024-09-20 13:20:05.254000,429.64168557238327,11
2024-09-20 13:20:05.295000,429.4901511758978,996
2024-09-20 13:20:05.325000,429.5067205554565,5
2024-09-20 13:20:05.374000,429.58226559910446,100
2024-09-20 13:20:05.380000,429.61604241011065,102
2024-09-20 13:20:05.430000,429.5061030518331,999
2024-09-20 13:20:05.430000,429.6956037115791,9
2024-09-20 13:20:05.486000,429.6485802272471,12
2024-09-20 13:20:05.529000,429.58646879307776,15
2024-09-20 13:20:05.531000,429.49136442284095,997
2024-09-20 13:20:05.535000,429.6807195661773,15
2024-09-20 13:20:05.656000,429.6418267346394,101
2024-09-20 13:20:05.755000,429.56277087479856,995
2024-09-20 13:20:05.764000,429.6277881181263,97
2024-09-20 13:20:05.780000,429.5752023093653,10
2024-09-20 13:20:05.781000,429.5399052646179,997
2024-09-20 13:20:05.912000,429.5715083150405,13
2024-09-20 13:20:05.933000,429.5171813537639,15
2024-09-20 13:20:05.980000,429.6772718306253,103
2024-09-20 13:20:05.985000,429.5024533224208,12
2024-09-20 13:20:06.308000,429.4915015962407,101
2024-09-20 13:20:07.036000,429.5228257320854,8
2024-09-20 13:20:07.042000,429.4841923527389,98
2024-09-20 13:20:07.068000,429.5109059198505,12
2024-09-20 13:20:07.075000,429.5349816951343,104
2024-09-20 13:20:07.164000,429.5147511336878,15
2024-09-20 13:20:07.209000,429.4874648714567,100
2024-09-20 13:20:07.223000,429.5247342589677,15
2024-09-20 13:20:07.339000,429.492644700001,97
2024-09-20 13:20:07.347000,429.49462509904487,15
2024-09-20 13:20:07.394000,429.5252183409707,11
2024-09-20 13:20:07.395000,429.47931269764393,14
2024-09-20 13:20:07.479000,429.4813730733568,1000
2024-09-20 13:20:07.504000,429.5001990328847,96
2024-09-20 13:20:07.716000,429.4960002162263,1005
2024-09-20 13:20:07.727000,429.527060318276,99
2024-09-20 13:20:07.763000,429.4858255811504,5
2024-09-20 13:20:07.797000,429.4919057301307,102
2024-09-20 13:20:07.942000,429.4752633804055,999
2024-09-20 13:20:08.109000,429.57735951836185,100
2024-09-20 13:20:08.121000,429.5095688179388,1003
2024-09-20 13:20:08.213000,429.6232287668765,996
2024-09-20 13:20:08.270000,429.60303664433695,5
2024-09-20 13:20:08.306000,429.6118359761141,102
2024-09-20 13:20:08.314000,429.5976927871891,8
2024-09-20 13:20:08.321000,429.56457005003074,105
2024-09-20 13:20:08.350000,429.5919340782094,100
2024-09-20 13:20:08.356000,429.572499043386,99
2024-09-20 13:20:08.424000,429.57942900676863,104
2024-09-20 13:20:08.442000,429.58855513380615,98
2024-09-20 13:20:08.485000,429.5750039392423,998
2024-09-20 13:20:08.504000,429.5873496683481,996
2024-09-20 13:20:08.561000,429.5568434090164,1004
2024-09-20 13:20:08.571000,429.5781105181988,97
2024-09-20 13:20:08.581000,429.5202097221475,1002
2024-09-20 13:20:08.756000,429.5753755689936,95
2024-09-20 13:20:08.760000,429.5834711379519,997
2024-09-20 13:20:08.830000,429.5886074287653,1005
2024-09-20 13:20:08.833000,429.5445164735299,96
2024-09-20 13:20:08.846000,429.6132059952034,5
2024-09-20 13:20:08.940000,429.607190868612,101
2024-09-20 13:20:08.968000,429.5051070611627,98
2024-09-20 13:20:09.063000,429.55854548979,1000
2024-09-20 13:20:09.165000,429.60415283630937,996
2024-09-20 13:20:09.340000,429.5923738926161,14
2024-09-20 13:20:09.357000,429.5942519649587,995
2024-09-20 13:20:09.405000,429.5845411656263,97
2024-09-20 13:20:09.460000,429.6038790817816,998
2024-09-20 13:20:09.489000,429.5879246336812,8
2024-09-20 13:20:09.821000,429.5778034326847,100
2024-09-20 13:20:09.831000,429.6201067235604,95
2024-09-20 13:20:09.849000,429.5876900590504,997
2024-09-20 13:20:09.939000,429.5797405545353,1001
2024-09-20 13:20:09.968000,429.61288350775806,1005
2024-09-20 13:20:09.994000,429.5692950206666,10
2024-09-20 13:20:10.346000,429.6255087972215,996
2024-09-20 13:20:10.442000,429.5912619223208,96
2024-09-20 13:20:10.601000,429.5787019030401,101
2024-09-20 13:20:10.653000,429.5841907984541,1003
2024-09-20 13:20:11.031000,429.61182161097,997
2024-09-20 13:20:11.093000,429.6113713201301,1004
2024-09-20 13:20:11.176000,429.6038446692749,14
2024-09-20 13:20:11.361000,429.60693518007065,14
2024-09-20 13:20:11.475000,429.6165793608626,104
2024-09-20 13:20:11.476000,429.613522718868,997
2024-09-20 13:20:11.664000,429.60798367712766,1005
2024-09-20 13:20:11.720000,429.62131025341495,15
2024-09-20 13:20:11.798000,429.6238928776049,1000
2024-09-20 13:20:12.113000,429.6324125086276,97
2024-09-20 13:20:12.159000,429.63966028007184,105
2024-09-20 13:20:12.159000,429.5851995616622,998
2024-09-20 13:20:12.232000,429.61866398982914,99
2024-09-20 13:20:12.263000,429.6295246485627,100
2024-09-20 13:20:12.279000,429.6443483812157,103
2024-09-20 13:20:12.323000,429.6478814692638,15
2024-09-20 13:20:12.334000,429.6082516150621,1002
2024-09-20 13:20:12.375000,429.5893647931199,14
2024-09-20 13:20:12.493000,429.6563860785034,96
2024-09-20 13:20:12.635000,429.63905353552616,998
2024-09-20 13:20:12.732000,429.59691716787927,6
2024-09-20 13:20:12.763000,429.6466263434128,1001
2024-09-20 13:20:12.878000,429.6438576991566,13
2024-09-20 13:20:12.918000,429.6638441766813,7
2024-09-20 13:20:12.928000,429.65821037209366,1003
2024-09-20 13:20:12.951000,429.6552562525635,101
2024-09-20 13:20:13.047000,429.580974158918,105
2024-09-20 13:20:13.053000,429.5797592658877,96
2024-09-20 13:20:13.071000,429.5995062227898,97
2024-09-20 13:20:13.075000,429.6207781943274,100
2024-09-20 13:20:13.113000,429.577149328002,97
2024-09-20 13:20:13.239000,429.5587986779487,103
2024-09-20 13:20:13.311000,429.602700618448,105
2024-09-20 13:20:13.327000,429.57767751415406,8
2024-09-20 13:20:13.422000,429.5787865456013,6
2024-09-20 13:20:13.469000,429.61720970894766,1003
2024-09-20 13:20:13.506000,429.580000583072,996
2024-09-20 13:20:13.548000,429.6133745019182,99
2024-09-20 13:20:13.560000,429.5826545108648,1003
2024-09-20 13:20:13.675000,429.5789471631945,997
2024-09-20 13:20:13.770000,429.61270836015694,15
2024-09-20 13:20:13.819000,429.5895370841224,101
2024-09-20 13:20:13.844000,429.6235126288578,997
2024-09-20 13:20:13.862000,429.5830438747116,1000
2024-09-20 13:20:13.930000,429.6082066366882,1005
2024-09-20 13:20:14.007000,429.52993804893487,6
2024-09-20 13:20:14.082000,429.5420503748769,15
2024-09-20 13:20:14.295000,429.53350363374807,1000
2024-09-20 13:20:14.310000,429.532223908272,100
2024-09-20 13:20:14.436000,429.5434364748337,1004
2024-09-20 13:20:14.474000,429.4970706612742,1000
2024-09-20 13:20:14.490000,429.55752931156405,1001
2024-09-20 13:20:14.600000,429.5162085927923,7
2024-09-20 13:20:14.667000,429.5127743042081,102
2024-09-20 13:20:14.843000,429.5508110742514,998
2024-09-20 13:20:14.892000,429.5309310309367,105
2024-09-20 13:20:15.057000,429.5724898302652,1005
2024-09-20 13:20:15.114000,429.5268263927726,1001
2024-09-20 13:20:15.368000,429.5626557989925,6
2024-09-20 13:20:15.435000,429.5769752311396,6
2024-09-20 13:20:15.484000,429.5647351953616,102
2024-09-20 13:20:15.490000,429.5653224091696,12
2024-09-20 13:20:15.593000,429.5658867260308,95
2024-09-20 13:20:15.629000,429.587729256907,105
2024-09-20 13:20:15.642000,429.5774612795836,998
2024-09-20 13:20:15.900000,429.5625220665285,101
2024-09-20 13:20:16.047000,429.6038090647282,7
2024-09-20 13:20:16.053000,429.6388979758718,7
2024-09-20 13:20:16.111000,429.61972147558777,103
2024-09-20 13:20:16.119000,429.5831657177888,9
2024-09-20 13:20:16.176000,429.6323963647343,5
2024-09-20 13:20:16.177000,429.6408007045923,6
2024-09-20 13:20:16.227000,429.60290472518153,1000
2024-09-20 13:20:16.252000,429.5743576468756,9
2024-09-20 13:20:16.273000,429.56387243501257,999
2024-09-20 13:20:16.322000,429.5696567208506,998
2024-09-20 13:20:16.326000,429.5872496227651,95
2024-09-20 13:20:16.331000,429.6289044327454,97
2024-09-20 13:20:16.377000,429.6240421288142,105
2024-09-20 13:20:16.410000,429.6318042501812,8
2024-09-20 13:20:16.433000,429.6116397675655,997
2024-09-20 13:20:16.443000,429.5922076139504,101
2024-09-20 13:20:16.510000,429.5926629415272,1003
2024-09-20 13:20:16.570000,429.58553821217725,10
2024-09-20 13:20:16.607000,429.58463377214304,995
2024-09-20 13:20:16.630000,429.59136944817584,5
2024-09-20 13:20:16.663000,429.6013721207114,10
2024-09-20 13:20:16.737000,429.5661614280553,1005
2024-09-20 13:20:16.792000,429.55513270411166,10
2024-09-20 13:20:16.811000,429.63062517770527,97
2024-09-20 13:20:16.837000,429.5962281201749,6
2024-09-20 13:20:16.860000,429.618085153092,15
2024-09-20 13:20:16.871000,429.6268807040354,1000
2024-09-20 13:20:16.961000,429.63240652706014,13
2024-09-20 13:20:17.002000,429.6522485529756,998
2024-09-20 13:20:17.009000,429.6437703168015,96
2024-09-20 13:20:17.018000,429.6315196073795,9
2024-09-20 13:20:17.021000,429.6648495101865,96
2024-09-20 13:20:17.025000,429.6290109267232,102
2024-09-20 13:20:17.076000,429.67329127094825,1001
2024-09-20 13:20:17.082000,429.6933486627812,97
2024-09-20 13:20:17.126000,429.6793143015157,998
2024-09-20 13:20:17.202000,429.6505858959582,1005
2024-09-20 13:20:17.210000,429.6621346700957,1001
2024-09-20 13:20:17.213000,429.6327744705294,7
2024-09-20 13:20:17.222000,429.63269636483193,10
2024-09-20 13:20:17.238000,429.6397790388867,11
2024-09-20 13:20:17.311000,429.6745183807421,95
2024-09-20 13:20:17.454000,429.6308181493175,1004
2024-09-20 13:20:17.482000,429.637242364112,999
2024-09-20 13:20:17.485000,429.6228103895682,96
2024-09-20 13:20:17.506000,429.6092592524981,103
2024-09-20 13:20:17.564000,429.6058239180612,7
2024-09-20 13:20:17.606000,429.6221809324704,12
2024-09-20 13:20:17.618000,429.62782993817046,10
2024-09-20 13:20:17.626000,429.6400926417585,15
2024-09-20 13:20:17.640000,429.6407538515812,5
2024-09-20 13:20:17.641000,429.6338736695923,95
2024-09-20 13:20:17.641000,429.6747979256157,1002
2024-09-20 13:20:17.733000,429.6043600046669,995
2024-09-20 13:20:17.804000,429.6090332526439,995
2024-09-20 13:20:17.811000,429.6200904620477,14
2024-09-20 13:20:17.962000,429.6709670335469,12
2024-09-20 13:20:18,429.6590667225244,6
2024-09-20 13:20:18.025000,429.6299221705544,9
2024-09-20 13:20:18.237000,429.6588999276858,11
2024-09-20 13:20:18.464000,429.617313313783,6
2024-09-20 13:20:19.002000,429.5849711435585,13
2024-09-20 13:20:19.098000,429.57658030550687,13
2024-09-20 13:20:19.105000,429.59849060057417,996
2024-09-20 13:20:19.141000,429.6212540255019,1004
2024-09-20 13:20:19.244000,429.5701878065411,105
2024-09-20 13:20:19.342000,429.63847684121527,998
2024-09-20 13:20:19.344000,429.64556600267855,996
2024-09-20 13:20:19.439000,429.5821128210873,995
2024-09-20 13:20:19.546000,429.6186373049826,1004
2024-09-20 13:20:19.589000,429.5721353485153,997
2024-09-20 13:20:19.601000,429.5681276154902,8
2024-09-20 13:20:19.658000,429.6417882844685,997
2024-09-20 13:20:20.096000,429.59775398956367,101
2024-09-20 13:20:20.407000,429.5943254646528,995
2024-09-20 13:20:20.414000,429.5845578492694,1000
2024-09-20 13:20:20.944000,429.5813196433536,999
2024-09-20 13:20:20.975000,429.58356479690747,103
2024-09-20 13:20:21.003000,429.61655494773896,5
2024-09-20 13:20:21.097000,429.6152522017116,8
2024-09-20 13:20:21.107000,429.60169523228336,995
2024-09-20 13:20:21.110000,429.7083995646732,999
2024-09-20 13:20:21.164000,429.689048369653,5
2024-09-20 13:20:21.206000,429.6906086483389,5
2024-09-20 13:20:21.218000,429.621981682986,95
2024-09-20 13:20:21.258000,429.637985096254,105
2024-09-20 13:20:21.276000,429.6926278965906,13
2024-09-20 13:20:21.324000,429.7004738252085,104
2024-09-20 13:20:21.484000,429.67060579796646,15
2024-09-20 13:20:21.489000,429.69334890928167,103
2024-09-20 13:20:21.727000,429.6473233630705,15
2024-09-20 13:20:21.795000,429.7020884882888,14
2024-09-20 13:20:21.840000,429.64032028752905,13
2024-09-20 13:20:21.933000,429.6478960643629,98
2024-09-20 13:20:21.943000,429.7121496615217,13
2024-09-20 13:20:21.966000,429.626833588367,10
2024-09-20 13:20:21.975000,429.6801301847119,95
2024-09-20 13:20:23.096000,429.713734529454,999
2024-09-20 13:20:23.111000,429.7162454329922,100
2024-09-20 13:20:23.131000,429.6921577064766,10
2024-09-20 13:20:23.211000,429.6904574172482,96
2024-09-20 13:20:23.217000,429.70986172989353,1005
2024-09-20 13:20:23.275000,429.69517000391215,105
2024-09-20 13:20:23.326000,429.69600462001966,104
2024-09-20 13:20:23.347000,429.6942079277136,14
2024-09-20 13:20:23.365000,429.6878871828497,1005
2024-09-20 13:20:23.382000,429.71127986198576,102
2024-09-20 13:20:23.399000,429.6968560137123,995
2024-09-20 13:20:23.913000,429.7021688366525,1001
2024-09-20 13:20:23.970000,429.725774191401,5
2024-09-20 13:20:24.030000,429.6994399195125,13
2024-09-20 13:20:24.062000,429.6942099303293,999
2024-09-20 13:20:24.073000,429.66893780754737,6
2024-09-20 13:20:24.112000,429.6839962097304,12
2024-09-20 13:20:24.145000,429.7033228390574,99
2024-09-20 13:20:24.224000,429.6877982094956,998
2024-09-20 13:20:24.256000,429.6935806465327,1002
2024-09-20 13:20:24.281000,429.683764755882,10
2024-09-20 13:20:24.282000,429.68088009220514,998
2024-09-20 13:20:24.341000,429.70121406778014,105
2024-09-20 13:20:24.500000,429.6816847717957,99
2024-09-20 13:20:24.699000,429.71364573099504,998
2024-09-20 13:20:24.905000,429.6936076083693,14
2024-09-20 13:20:24.926000,429.72693004913504,1004
2024-09-20 13:20:25.081000,429.6676862130549,8
2024-09-20 13:20:25.178000,429.6661287567405,105
2024-09-20 13:20:25.400000,429.69870135182975,995
2024-09-20 13:20:25.403000,429.65812586779134,104
2024-09-20 13:20:25.506000,429.6698266687089,998
2024-09-20 13:20:25.520000,429.6625093387493,95
2024-09-20 13:20:25.726000,429.6638697508159,14
2024-09-20 13:20:25.756000,429.6732294433004,13
2024-09-20 13:20:25.760000,429.6852078354788,7
2024-09-20 13:20:25.941000,429.6740286679293,103
2024-09-20 13:20:25.967000,429.65153020270446,101
2024-09-20 13:20:25.981000,429.6683184269484,14
2024-09-20 13:20:26.029000,429.64788203344,11
2024-09-20 13:20:26.070000,429.641007302317,995
2024-09-20 13:20:26.093000,429.6327879288169,12
2024-09-20 13:20:26.119000,429.63914080616433,13
2024-09-20 13:20:26.165000,429.6623165420076,101
2024-09-20 13:20:26.206000,429.5961576008437,98
2024-09-20 13:20:26.207000,429.6397901027987,15
2024-09-20 13:20:26.257000,429.578881325282,1000
2024-09-20 13:20:26.299000,429.6365599891688,1004
2024-09-20 13:20:26.310000,429.67234478596606,102
2024-09-20 13:20:26.354000,429.6355422999346,1002
2024-09-20 13:20:26.408000,429.5696883509782,999
2024-09-20 13:20:26.494000,429.5857519060143,15
2024-09-20 13:20:26.540000,429.60490149928495,105
2024-09-20 13:20:26.550000,429.5575794137206,8
2024-09-20 13:20:26.601000,429.57600135922,13
2024-09-20 13:20:26.633000,429.6280403888732,996
2024-09-20 13:20:26.636000,429.5748735101668,995
2024-09-20 13:20:26.640000,429.6291299628396,5
2024-09-20 13:20:26.670000,429.6262320718087,998
2024-09-20 13:20:26.672000,429.6087291832115,11
2024-09-20 13:20:26.692000,429.6350618181051,999
2024-09-20 13:20:26.828000,429.5917816551208,97
2024-09-20 13:20:26.840000,429.5750927747135,1002
2024-09-20 13:20:26.881000,429.5774907047509,1001
2024-09-20 13:20:26.893000,429.5782313797195,997
2024-09-20 13:20:26.896000,429.615383864908,103
2024-09-20 13:20:26.967000,429.6471339884283,97
2024-09-20 13:20:27.017000,429.6447921680106,996
2024-09-20 13:20:27.140000,429.69482123426906,6
2024-09-20 13:20:27.217000,429.6391331363582,11
2024-09-20 13:20:27.354000,429.6068586963081,1001
2024-09-20 13:20:27.403000,429.5810173787609,102
2024-09-20 13:20:27.434000,429.6881723278764,999
2024-09-20 13:20:27.458000,429.63436545824106,101
2024-09-20 13:20:27.467000,429.69659354512464,12
2024-09-20 13:20:27.485000,429.70449861905325,1002
2024-09-20 13:20:27.497000,429.6634728039376,101
2024-09-20 13:20:27.514000,429.6696716367376,98
2024-09-20 13:20:27.516000,429.69019951721526,996
2024-09-20 13:20:27.552000,429.69605431627394,95
2024-09-20 13:20:27.553000,429.6648518513858,97
2024-09-20 13:20:27.605000,429.5792703890301,996
2024-09-20 13:20:27.614000,429.6817101470696,97
2024-09-20 13:20:27.642000,429.5861361931344,1002
2024-09-20 13:20:27.778000,429.6296311057551,102
2024-09-20 13:20:27.811000,429.7060907878016,7
2024-09-20 13:20:27.910000,429.6209477502619,103
2024-09-20 13:20:27.953000,429.6866386507005,11
2024-09-20 13:20:27.996000,429.627160571615,101
2024-09-20 13:20:28.047000,429.67825999250726,96
2024-09-20 13:20:28.099000,429.7044086569164,15
2024-09-20 13:20:28.143000,429.7251354191234,998
2024-09-20 13:20:28.151000,429.6537185733234,6
2024-09-20 13:20:28.182000,429.6399636323419,995
2024-09-20 13:20:28.191000,429.7125717158743,13
2024-09-20 13:20:28.225000,429.6630803568977,101
2024-09-20 13:20:28.238000,429.63011608950666,998
2024-09-20 13:20:28.311000,429.7002593457439,1000
2024-09-20 13:20:28.356000,429.6768568909833,995
2024-09-20 13:20:28.429000,429.6409003885461,1003
2024-09-20 13:20:28.446000,429.6999434547798,9
2024-09-20 13:20:28.515000,429.72707238767,14
2024-09-20 13:20:28.552000,429.6301244743742,1000
2024-09-20 13:20:28.556000,429.7276301441301,1004
2024-09-20 13:20:28.580000,429.6964438790196,98
2024-09-20 13:20:28.614000,429.68574224416943,97
2024-09-20 13:20:28.644000,429.7038313972827,999
2024-09-20 13:20:28.711000,429.699316309193,6
2024-09-20 13:20:28.743000,429.7063974236999,98
2024-09-20 13:20:28.744000,429.6422313333457,96
2024-09-20 13:20:28.747000,429.6451802062046,13
2024-09-20 13:20:28.862000,429.66506984806017,1004
2024-09-20 13:20:28.875000,429.6631094207406,1000
2024-09-20 13:20:28.937000,429.6635226826767,8
2024-09-20 13:20:28.940000,429.6989339655384,7
2024-09-20 13:20:28.960000,429.7196061048938,7
2024-09-20 13:20:28.999000,429.6422260937885,5
2024-09-20 13:20:30.027000,429.7014921399234,98
2024-09-20 13:20:30.071000,429.7135667140416,10
2024-09-20 13:20:30.136000,429.6796027617806,13
2024-09-20 13:20:30.166000,429.6933088299497,95
2024-09-20 13:20:30.176000,429.695390892193,13
2024-09-20 13:20:30.272000,429.6763348323407,1001
2024-09-20 13:20:30.273000,429.6846155823314,1001
2024-09-20 13:20:30.381000,429.6976763825357,997
2024-09-20 13:20:30.461000,429.6831166044728,996
2024-09-20 13:20:30.511000,429.6802422319509,97
2024-09-20 13:20:30.635000,429.7237244154145,1001
2024-09-20 13:20:30.700000,429.6803593101696,12
2024-09-20 13:20:30.763000,429.6462398124418,105
2024-09-20 13:20:30.823000,429.6561984182172,996
2024-09-20 13:20:30.824000,429.7005018260325,1004
2024-09-20 13:20:30.830000,429.6722715247353,100
2024-09-20 13:20:30.835000,429.7179718412515,99
2024-09-20 13:20:30.880000,429.6619724799371,13
2024-09-20 13:20:30.964000,429.7080221228705,99
2024-09-20 13:20:31.042000,429.692788159092,105
2024-09-20 13:20:31.053000,429.684774782518,105
2024-09-20 13:20:31.166000,429.7022308830042,102
2024-09-20 13:20:31.180000,429.68405287708896,7
2024-09-20 13:20:31.358000,429.71424593048806,98
2024-09-20 13:20:31.391000,429.7119934197014,1004
2024-09-20 13:20:31.425000,429.6998150881897,1000
2024-09-20 13:20:31.452000,429.70401784370335,9
2024-09-20 13:20:31.476000,429.6923239089187,1000
2024-09-20 13:20:31.531000,429.6869455189273,15
2024-09-20 13:20:31.611000,429.6904335884062,999
2024-09-20 13:20:31.630000,429.7131800862691,8
2024-09-20 13:20:31.687000,429.6811922308806,96
2024-09-20 13:20:31.692000,429.6687396722664,98
2024-09-20 13:20:31.816000,429.6825629831805,13
2024-09-20 13:20:31.831000,429.7019470732346,95
2024-09-20 13:20:31.865000,429.6740170717962,998
2024-09-20 13:20:31.939000,429.6739387530289,13
2024-09-20 13:20:32.058000,429.7010818268847,101
2024-09-20 13:20:32.145000,429.7018911602153,1002
2024-09-20 13:20:32.167000,429.74871325455473,95
2024-09-20 13:20:32.232000,429.6988783554732,8
2024-09-20 13:20:32.341000,429.7657420240904,1001
2024-09-20 13:20:32.410000,429.7404751397894,997
2024-09-20 13:20:32.447000,429.6963734708055,1003
2024-09-20 13:20:32.526000,429.7174966375202,95
2024-09-20 13:20:32.570000,429.7465148259663,8
2024-09-20 13:20:32.662000,429.749195629908,99
2024-09-20 13:20:32.678000,429.69833461518647,102
2024-09-20 13:20:32.712000,429.7455594274163,96
2024-09-20 13:20:32.712000,429.69746700688336,105
2024-09-20 13:20:32.740000,429.7514127013412,96
2024-09-20 13:20:32.774000,429.7574390119053,105
2024-09-20 13:20:32.831000,429.7572160994084,1000
2024-09-20 13:20:32.849000,429.718403619764,102
2024-09-20 13:20:32.917000,429.7689604691694,10
2024-09-20 13:20:33.036000,429.7396178510731,9
2024-09-20 13:20:33.037000,429.7344022454103,101
2024-09-20 13:20:33.219000,429.7396639704293,996
2024-09-20 13:20:33.630000,429.7429320066829,8
2024-09-20 13:20:33.848000,429.7235057052402,1005
2024-09-20 13:20:34.016000,429.7385385104996,13
2024-09-20 13:20:34.021000,429.7558178774083,1004
2024-09-20 13:20:34.148000,429.75935405942926,997
2024-09-20 13:20:34.264000,429.75152336214666,11
2024-09-20 13:20:34.358000,429.7282392274234,15
2024-09-20 13:20:34.387000,429.7215948778407,97
2024-09-20 13:20:34.412000,429.7334961379392,997
2024-09-20 13:20:34.455000,429.7450721909833,998
2024-09-20 13:20:34.655000,429.74463216314734,103
2024-09-20 13:20:34.729000,429.74981801568646,997
2024-09-20 13:20:34.759000,429.72308779248624,96
2024-09-20 13:20:34.760000,429.7695474266848,100
2024-09-20 13:20:34.767000,429.71732663285616,99
2024-09-20 13:20:34.811000,429.7742399325234,1001
2024-09-20 13:20:34.824000,429.7385795128145,13
2024-09-20 13:20:34.826000,429.7498804789867,97
2024-09-20 13:20:34.856000,429.7259558617913,9
2024-09-20 13:20:34.864000,429.75426715557336,103
2024-09-20 13:20:34.888000,429.7426202950055,998
2024-09-20 13:20:34.944000,429.7183396833888,1005
2024-09-20 13:20:34.969000,429.7152155419615,8
2024-09-20 13:20:34.969000,429.7030981276008,97
2024-09-20 13:20:35.056000,429.77049341745465,7
2024-09-20 13:20:35.075000,429.7606200940107,14
2024-09-20 13:20:35.286000,429.75473833026194,1000
2024-09-20 13:20:35.570000,429.7548417200045,1001
2024-09-20 13:20:36.015000,429.7616339927743,1002
2024-09-20 13:20:36.066000,429.7184629524117,997
2024-09-20 13:20:36.142000,429.7182345936161,15
2024-09-20 13:20:36.160000,429.6950572430835,14
2024-09-20 13:20:36.173000,429.720896929441,999
2024-09-20 13:20:36.349000,429.6958260841313,8
2024-09-20 13:20:36.354000,429.6999366940608,96
2024-09-20 13:20:36.431000,429.6932104504785,1003
2024-09-20 13:20:36.453000,429.7107591598124,96
2024-09-20 13:20:36.463000,429.69855933986935,1000
2024-09-20 13:20:36.495000,429.7028187908172,6
2024-09-20 13:20:36.544000,429.70453945091737,100
2024-09-20 13:20:36.580000,429.7336953194024,8
2024-09-20 13:20:36.585000,429.7442176599982,98
2024-09-20 13:20:36.614000,429.7088131402381,98
2024-09-20 13:20:36.657000,429.6991342462878,101
2024-09-20 13:20:36.830000,429.7434625422032,13
2024-09-20 13:20:36.857000,429.7337591821792,1005
2024-09-20 13:20:36.916000,429.70169918336296,1002
2024-09-20 13:20:37.022000,429.7940578901259,96
2024-09-20 13:20:37.120000,429.7766864233265,104
2024-09-20 13:20:37.219000,429.7764890392523,996
2024-09-20 13:20:37.273000,429.7944464850521,11
2024-09-20 13:20:37.277000,429.7596933264858,1004
2024-09-20 13:20:37.282000,429.76219930622113,95
2024-09-20 13:20:37.284000,429.7549278497543,1000
2024-09-20 13:20:37.332000,429.7690182487552,12
2024-09-20 13:20:37.353000,429.71888727764224,12
2024-09-20 13:20:37.405000,429.8484782404263,12
2024-09-20 13:20:37.497000,429.7300318688884,1000
2024-09-20 13:20:37.503000,429.7336004811605,100
2024-09-20 13:20:37.509000,429.8041100571888,98
2024-09-20 13:20:37.561000,429.774834421845,96
2024-09-20 13:20:37.572000,429.8054096079468,101
2024-09-20 13:20:37.574000,429.74925129437673,95
2024-09-20 13:20:37.577000,429.8129427932275,995
2024-09-20 13:20:37.653000,429.82322434170976,1005
2024-09-20 13:20:37.696000,429.81458592629497,97
2024-09-20 13:20:37.731000,429.75068662544254,98
2024-09-20 13:20:37.810000,429.8303350162988,8
2024-09-20 13:20:37.832000,429.7240253509429,1001
2024-09-20 13:20:37.864000,429.8299486158392,1001
2024-09-20 13:20:37.892000,429.75812526278696,95
2024-09-20 13:20:37.905000,429.7454397492143,102
2024-09-20 13:20:37.960000,429.8364615882583,11
2024-09-20 13:20:38.006000,429.7326234533398,99
2024-09-20 13:20:38.073000,429.7293693429752,11
2024-09-20 13:20:38.117000,429.71440656082274,999
2024-09-20 13:20:38.124000,429.7504062193344,98
2024-09-20 13:20:38.126000,429.72894052303934,1000
2024-09-20 13:20:38.155000,429.73716264677495,10
2024-09-20 13:20:38.324000,429.757514448432,999
2024-09-20 13:20:38.359000,429.7405253460498,6
2024-09-20 13:20:38.414000,429.7420123037402,999
2024-09-20 13:20:38.435000,429.76013714042654,1005
2024-09-20 13:20:38.465000,429.72099478364026,8
2024-09-20 13:20:38.517000,429.7625066582776,101
2024-09-20 13:20:38.533000,429.73453875926833,998
2024-09-20 13:20:38.620000,429.7116829843666,8
2024-09-20 13:20:38.625000,429.6971239056582,1002
2024-09-20 13:20:38.658000,429.7515501140933,996
2024-09-20 13:20:38.678000,429.7479955947793,1005
2024-09-20 13:20:38.689000,429.7413393497423,6
2024-09-20 13:20:38.690000,429.759746861094,998
2024-09-20 13:20:38.759000,429.7341713956963,100
2024-09-20 13:20:38.803000,429.7377489815267,998
2024-09-20 13:20:39.018000,429.6628829446838,97
2024-09-20 13:20:39.042000,429.6863451344551,997
2024-09-20 13:20:39.067000,429.6688153623848,5
2024-09-20 13:20:39.084000,429.6850868824295,996
2024-09-20 13:20:39.133000,429.6440593264224,12
2024-09-20 13:20:39.140000,429.6981891953437,15
2024-09-20 13:20:39.174000,429.7044306996656,999
2024-09-20 13:20:39.196000,429.6300310723505,97
2024-09-20 13:20:39.213000,429.687859580332,8
2024-09-20 13:20:39.229000,429.7044279054441,99
2024-09-20 13:20:39.298000,429.6929337102608,998
2024-09-20 13:20:39.302000,429.7194855499212,997
2024-09-20 13:20:39.311000,429.6450066249371,103
2024-09-20 13:20:39.311000,429.6955659018328,999
2024-09-20 13:20:39.417000,429.6367131161798,1005
2024-09-20 13:20:39.447000,429.6598852896204,6
2024-09-20 13:20:39.486000,429.6846524772661,99
2024-09-20 13:20:39.490000,429.7016593818117,13
2024-09-20 13:20:39.537000,429.6269919216456,15
2024-09-20 13:20:39.611000,429.6866983657513,102
2024-09-20 13:20:39.681000,429.6982028729908,13
2024-09-20 13:20:39.725000,429.706374343628,103
2024-09-20 13:20:39.763000,429.7160556636556,101
2024-09-20 13:20:39.882000,429.6942943882059,105
2024-09-20 13:20:39.913000,429.63176727822,1003
2024-09-20 13:20:39.944000,429.68975380224873,1002
2024-09-20 13:20:39.999000,429.6901747394484,95
2024-09-20 13:20:40.130000,429.6397420791116,1002
2024-09-20 13:20:40.222000,429.6866091452258,96
2024-09-20 13:20:40.246000,429.65833239917976,998
2024-09-20 13:20:40.290000,429.645211108192,997
2024-09-20 13:20:40.360000,429.6262044081538,100
2024-09-20 13:20:40.396000,429.64766792027007,1001
2024-09-20 13:20:40.413000,429.6235844720118,10
2024-09-20 13:20:40.521000,429.63287443540605,999
2024-09-20 13:20:40.547000,429.6659271056728,999
2024-09-20 13:20:40.723000,429.6188867733525,98
2024-09-20 13:20:40.748000,429.6353768282264,13
2024-09-20 13:20:40.774000,429.66342673058415,99
2024-09-20 13:20:40.933000,429.6402075826052,1005
2024-09-20 13:20:40.969000,429.6431412373657,102
2024-09-20 13:20:40.970000,429.6409329499127,996
2024-09-20 13:20:40.992000,429.6313297041199,100
2024-09-20 13:20:41.031000,429.66118534143135,105
2024-09-20 13:20:41.078000,429.69626553268375,996
2024-09-20 13:20:41.088000,429.652082592906,103
2024-09-20 13:20:41.101000,429.6777224842641,1004
2024-09-20 13:20:41.133000,429.5998569641666,12
2024-09-20 13:20:41.159000,429.6264691883621,5
2024-09-20 13:20:41.175000,429.5614886158581,8
2024-09-20 13:20:41.185000,429.6756067127712,100
2024-09-20 13:20:41.211000,429.57846318773903,997
2024-09-20 13:20:41.213000,429.70476309740656,7
2024-09-20 13:20:41.225000,429.6754018085299,15
2024-09-20 13:20:41.297000,429.57574264158944,14
2024-09-20 13:20:41.302000,429.66931682425536,99
2024-09-20 13:20:41.402000,429.6572334532927,96
2024-09-20 13:20:41.405000,429.6354115617831,8
2024-09-20 13:20:41.487000,429.6570208232702,8
2024-09-20 13:20:41.547000,429.6349158079113,5
2024-09-20 13:20:41.606000,429.654616931327,998
2024-09-20 13:20:41.627000,429.6613621626028,995
2024-09-20 13:20:41.642000,429.6593495195437,97
2024-09-20 13:20:41.681000,429.6844531091504,9
2024-09-20 13:20:41.700000,429.63137513758704,1004
2024-09-20 13:20:41.714000,429.6097808174629,105
2024-09-20 13:20:41.767000,429.6736106433939,101
2024-09-20 13:20:41.819000,429.63249451716337,12
2024-09-20 13:20:41.922000,429.6444903615897,1001
2024-09-20 13:20:41.926000,429.6204700204098,6
2024-09-20 13:20:41.963000,429.5764883977138,11
2024-09-20 13:20:41.982000,429.6739891351045,996
2024-09-20 13:20:42.052000,429.5700031506216,996
2024-09-20 13:20:42.230000,429.5528995135491,1002
2024-09-20 13:20:42.281000,429.577101946824,5
2024-09-20 13:20:42.317000,429.5674351549731,997
2024-09-20 13:20:42.347000,429.57699980309246,6
2024-09-20 13:20:42.356000,429.56749450231416,5
2024-09-20 13:20:42.368000,429.546793808869,15
2024-09-20 13:20:42.404000,429.5687044982994,998
2024-09-20 13:20:42.712000,429.56581135806266,1005
2024-09-20 13:20:42.832000,429.5498415218188,1004
2024-09-20 13:20:42.871000,429.5760591841996,999
2024-09-20 13:20:42.908000,429.5630584428379,999
2024-09-20 13:20:42.940000,429.56421546608686,1003
2024-09-20 13:20:42.959000,429.5716714672522,995
2024-09-20 13:20:43.235000,429.5549146813247,995
2024-09-20 13:20:43.451000,429.5414332952708,10
2024-09-20 13:20:43.659000,429.5723715769157,7
2024-09-20 13:20:43.732000,429.56312527704335,105
2024-09-20 13:20:43.872000,429.5666776998736,104
2024-09-20 13:20:43.931000,429.5714060360499,12
2024-09-20 13:20:44.013000,429.5561378798312,998
2024-09-20 13:20:44.030000,429.5081777069682,13
2024-09-20 13:20:44.030000,429.4919891292395,7
2024-09-20 13:20:44.095000,429.4863261576666,12
2024-09-20 13:20:44.209000,429.5201102398551,995
2024-09-20 13:20:44.256000,429.549941955133,5
2024-09-20 13:20:44.301000,429.59062532526775,8
2024-09-20 13:20:44.361000,429.5756772786982,11
2024-09-20 13:20:44.428000,429.5669437599842,104
2024-09-20 13:20:44.455000,429.5744707401715,996
2024-09-20 13:20:44.488000,429.5744431689784,103
2024-09-20 13:20:44.620000,429.5579496730661,7
2024-09-20 13:20:44.673000,429.5397939827653,1003
2024-09-20 13:20:44.806000,429.5893912865492,100
2024-09-20 13:20:44.841000,429.5690060664828,5
2024-09-20 13:20:44.970000,429.5715576600768,98
2024-09-20 13:20:45.206000,429.5951785119479,8
2024-09-20 13:20:45.507000,429.5567712811114,10
2024-09-20 13:20:45.524000,429.6035838460887,97
2024-09-20 13:20:45.595000,429.52338399018754,102
2024-09-20 13:20:45.600000,429.5134390165648,101
2024-09-20 13:20:45.656000,429.5273304635497,11
2024-09-20 13:20:45.762000,429.5374974331717,10
2024-09-20 13:20:45.814000,429.5725046017087,95
2024-09-20 13:20:45.964000,429.5203823393937,999
2024-09-20 13:20:45.995000,429.5645263866856,104
2024-09-20 13:20:46.068000,429.5200235243474,104
2024-09-20 13:20:46.082000,429.622943260805,104
2024-09-20 13:20:46.171000,429.5800336957034,103
2024-09-20 13:20:46.188000,429.5187889846152,1003
2024-09-20 13:20:46.225000,429.5172024127618,105
2024-09-20 13:20:46.240000,429.51700764919497,10
2024-09-20 13:20:46.246000,429.60332146777137,996
2024-09-20 13:20:46.277000,429.54126899328736,997
2024-09-20 13:20:46.292000,429.5151562477207,11
2024-09-20 13:20:46.339000,429.596664519218,95
2024-09-20 13:20:46.370000,429.5764432070096,6
2024-09-20 13:20:46.460000,429.5374985357545,996
2024-09-20 13:20:46.466000,429.63561773756265,12
2024-09-20 13:20:46.535000,429.5365842194527,104
2024-09-20 13:20:46.550000,429.6016616028172,15
2024-09-20 13:20:46.557000,429.5416928270181,103
2024-09-20 13:20:46.573000,429.5143964583509,10
2024-09-20 13:20:46.634000,429.5228763635965,11
2024-09-20 13:20:46.648000,429.62088951074224,12
2024-09-20 13:20:46.654000,429.52374497281926,95
2024-09-20 13:20:46.679000,429.52118086117264,95
2024-09-20 13:20:46.716000,429.63530385669,1001
2024-09-20 13:20:46.766000,429.53365445057005,15
2024-09-20 13:20:46.777000,429.63009148168175,999
2024-09-20 13:20:46.829000,429.5471894012212,104
2024-09-20 13:20:46.923000,429.55001114422106,104
2024-09-20 13:20:46.931000,429.55120454222697,95
2024-09-20 13:20:46.940000,429.6366292579696,1005
2024-09-20 13:20:46.967000,429.6271865096067,1005
2024-09-20 13:20:47.023000,429.4316172974516,13
2024-09-20 13:20:47.133000,429.51961296596585,996
2024-09-20 13:20:47.142000,429.47543418671,998
2024-09-20 13:20:47.149000,429.466236484576,102
2024-09-20 13:20:47.195000,429.439810561361,14
2024-09-20 13:20:47.209000,429.4781741204756,98
2024-09-20 13:20:47.238000,429.4385210822138,103
2024-09-20 13:20:47.312000,429.4614257201771,104
2024-09-20 13:20:47.327000,429.4422244930788,7
2024-09-20 13:20:47.348000,429.4589861885325,995
2024-09-20 13:20:47.361000,429.4268401816505,10
2024-09-20 13:20:47.521000,429.4401528716232,999
2024-09-20 13:20:47.528000,429.5057835426096,98
2024-09-20 13:20:47.530000,429.4988349315432,11
2024-09-20 13:20:47.552000,429.4982839529238,99
2024-09-20 13:20:47.584000,429.4415281702723,97
2024-09-20 13:20:47.646000,429.4173961288497,996
2024-09-20 13:20:47.673000,429.4171701333331,102
2024-09-20 13:20:47.674000,429.4918502033757,7
2024-09-20 13:20:47.701000,429.4277574421515,105
2024-09-20 13:20:47.705000,429.4177763891333,997
2024-09-20 13:20:47.714000,429.43531368016926,998
2024-09-20 13:20:47.725000,429.4507326102234,96
2024-09-20 13:20:47.815000,429.5072384179446,101
2024-09-20 13:20:47.946000,429.4649516431832,14
2024-09-20 13:20:47.973000,429.456309559112,998
2024-09-20 13:20:47.993000,429.4542872486804,11
2024-09-20 13:20:47.994000,429.4812589127324,996
2024-09-20 13:20:47.995000,429.46167272172136,1003
2024-09-20 13:20:48.013000,429.4072860784174,1002
2024-09-20 13:20:48.035000,429.4642199860445,1005
2024-09-20 13:20:48.066000,429.4710560264869,999
2024-09-20 13:20:48.506000,429.4159382878652,103
2024-09-20 13:20:48.604000,429.4371998744367,12
2024-09-20 13:20:48.721000,429.4480869053817,1004
2024-09-20 13:20:49.066000,429.4231564093754,12
2024-09-20 13:20:49.084000,429.419562433188,995
2024-09-20 13:20:49.089000,429.39534684836,6
2024-09-20 13:20:49.120000,429.4006567571574,1001
2024-09-20 13:20:49.229000,429.4152750685279,1004
2024-09-20 13:20:49.232000,429.4325755981715,96
2024-09-20 13:20:49.296000,429.40116428978007,14
2024-09-20 13:20:49.314000,429.4029865937312,9
2024-09-20 13:20:49.321000,429.4220496795645,998
2024-09-20 13:20:49.327000,429.3898321269826,1004
2024-09-20 13:20:49.387000,429.4172383002954,105
2024-09-20 13:20:49.450000,429.4256784686683,12
2024-09-20 13:20:49.492000,429.4098889514704,6
2024-09-20 13:20:49.561000,429.4097259164927,1005
2024-09-20 13:20:49.561000,429.3829240826537,97
2024-09-20 13:20:49.570000,429.3968030330216,10
2024-09-20 13:20:49.583000,429.4243987900039,102
2024-09-20 13:20:49.672000,429.39575239655255,102
2024-09-20 13:20:49.781000,429.4278948585731,11
2024-09-20 13:20:49.817000,429.4183066305903,11
2024-09-20 13:20:49.826000,429.41082909831806,999
2024-09-20 13:20:49.836000,429.3953718922271,1004
2024-09-20 13:20:49.860000,429.390765681185,104
2024-09-20 13:20:49.902000,429.4207737752123,12
2024-09-20 13:20:49.904000,429.4118964076691,9
2024-09-20 13:20:49.921000,429.40402005596695,12
2024-09-20 13:20:49.954000,429.4364809049659,1004
2024-09-20 13:20:50.144000,429.4071969708689,103
2024-09-20 13:20:50.212000,429.4248277202315,1005
2024-09-20 13:20:50.231000,429.46322773442296,1004
2024-09-20 13:20:50.397000,429.3925280247209,103
2024-09-20 13:20:50.401000,429.45760510204434,99
2024-09-20 13:20:50.457000,429.4191961509959,999
2024-09-20 13:20:50.460000,429.4150565347268,103
2024-09-20 13:20:50.564000,429.4461329103895,1005
2024-09-20 13:20:50.590000,429.3980413436891,104
2024-09-20 13:20:50.610000,429.39873993857697,11
2024-09-20 13:20:50.751000,429.4368840192048,999
2024-09-20 13:20:50.928000,429.3991742922324,98
2024-09-20 13:20:51.013000,429.4813159788619,97
2024-09-20 13:20:51.313000,429.5068173107394,15
2024-09-20 13:20:51.509000,429.473808743763,1004
2024-09-20 13:20:51.593000,429.465042019593,1004
2024-09-20 13:20:51.620000,429.498418172311,1002
2024-09-20 13:20:51.674000,429.4603709605821,1000
2024-09-20 13:20:51.901000,429.46814672279305,104
2024-09-20 13:20:52.277000,429.5171787381669,14
2024-09-20 13:20:52.479000,429.5231652497261,11
2024-09-20 13:20:52.583000,429.5375105930142,1000
2024-09-20 13:20:53.035000,429.53978732397536,10
2024-09-20 13:20:53.234000,429.515113927058,13
2024-09-20 13:20:53.525000,429.52746369774513,103
2024-09-20 13:20:53.778000,429.5281884044596,15
2024-09-20 13:20:53.931000,429.5121212774837,13
2024-09-20 13:20:53.941000,429.5280262714826,102
2024-09-20 13:20:54.037000,429.51304265201856,1002
2024-09-20 13:20:54.052000,429.4964685654924,5
2024-09-20 13:20:54.115000,429.53753437662726,10
2024-09-20 13:20:54.135000,429.53134505475145,8
2024-09-20 13:20:54.168000,429.5402897977356,98
2024-09-20 13:20:54.176000,429.5292039458099,7
2024-09-20 13:20:54.274000,429.5230797062661,97
2024-09-20 13:20:54.281000,429.51985637188926,13
2024-09-20 13:20:54.304000,429.5377908343689,15
2024-09-20 13:20:54.363000,429.5191652641797,14
2024-09-20 13:20:54.413000,429.5187976234336,10
2024-09-20 13:20:54.495000,429.50187603158577,105
2024-09-20 13:20:54.508000,429.52074344664,12
2024-09-20 13:20:54.558000,429.5155450902997,97
2024-09-20 13:20:54.566000,429.5278824044002,998
2024-09-20 13:20:54.594000,429.49747373273794,98
2024-09-20 13:20:54.794000,429.50760654675673,14
2024-09-20 13:20:54.798000,429.5106079228102,13
2024-09-20 13:20:54.802000,429.51328204761,101
2024-09-20 13:20:54.830000,429.5311192766256,100
2024-09-20 13:20:54.847000,429.50190858754655,14
2024-09-20 13:20:55.204000,429.4790375820863,13
2024-09-20 13:20:55.248000,429.4832729461112,97
2024-09-20 13:20:55.304000,429.47529630057926,1004
2024-09-20 13:20:55.417000,429.463149224277,996
2024-09-20 13:20:55.441000,429.5165565861652,15
2024-09-20 13:20:55.531000,429.4670545437348,8
2024-09-20 13:20:55.606000,429.4999377094542,999
2024-09-20 13:20:55.703000,429.470596512774,15
2024-09-20 13:20:55.751000,429.4716794142081,1004
2024-09-20 13:20:55.798000,429.51070444297073,15
2024-09-20 13:20:55.814000,429.4572662934392,96
2024-09-20 13:20:55.909000,429.4747740851648,5
2024-09-20 13:20:55.936000,429.4499280175469,997
2024-09-20 13:20:55.971000,429.468230725666,13
2024-09-20 13:20:56.063000,429.5025886782302,96
2024-09-20 13:20:56.211000,429.478808951913,99
2024-09-20 13:20:56.217000,429.4827530382723,102
2024-09-20 13:20:56.229000,429.46668838537215,103
2024-09-20 13:20:56.428000,429.4876313979682,15
2024-09-20 13:20:56.432000,429.4623511556177,1005
2024-09-20 13:20:56.535000,429.46693205777393,1000
2024-09-20 13:20:56.537000,429.490915098511,14
2024-09-20 13:20:56.615000,429.4775541697461,95
2024-09-20 13:20:56.664000,429.4911821609693,999
2024-09-20 13:20:56.770000,429.5065806275712,7
2024-09-20 13:20:56.782000,429.4823643823855,1003
2024-09-20 13:20:56.857000,429.4706522933888,5
2024-09-20 13:20:56.902000,429.4745388572651,1005
2024-09-20 13:20:56.973000,429.4916943061904,995
2024-09-20 13:20:57.010000,429.4286126553789,998
2024-09-20 13:20:57.019000,429.4375673346743,105
2024-09-20 13:20:57.048000,429.4220278423834,1004
2024-09-20 13:20:57.162000,429.4675140391903,13
2024-09-20 13:20:57.184000,429.41486771028974,1005
2024-09-20 13:20:57.194000,429.448216060161,1003
2024-09-20 13:20:57.283000,429.4733326011067,1003
2024-09-20 13:20:57.315000,429.4594737939651,12
2024-09-20 13:20:57.319000,429.5000803758367,104
2024-09-20 13:20:57.337000,429.4694362772968,1003
2024-09-20 13:20:57.343000,429.4633329697548,999
2024-09-20 13:20:57.389000,429.4356980348948,98
2024-09-20 13:20:57.393000,429.4609039491276,999
2024-09-20 13:20:57.557000,429.4095168188389,10
2024-09-20 13:20:57.713000,429.4566168333309,995
2024-09-20 13:20:57.714000,429.4470204467661,7
2024-09-20 13:20:57.768000,429.4140589439307,1005
2024-09-20 13:20:57.877000,429.4172622105421,7
2024-09-20 13:20:57.949000,429.4227412660779,1005
2024-09-20 13:20:57.980000,429.427751795586,9
2024-09-20 13:20:58.001000,429.4654314801244,10
2024-09-20 13:20:58.149000,429.40990621489016,103
2024-09-20 13:20:58.400000,429.4370749839823,996
2024-09-20 13:20:58.432000,429.4134775293503,997
2024-09-20 13:20:58.483000,429.4401552237008,15
2024-09-20 13:20:58.523000,429.4435557411824,99
2024-09-20 13:20:58.655000,429.4283742200559,1001
2024-09-20 13:20:58.697000,429.4554212314053,5
2024-09-20 13:20:58.893000,429.4166258078937,8
2024-09-20 13:20:58.950000,429.4188803811351,1001
2024-09-20 13:20:59.008000,429.46411846736186,996
2024-09-20 13:20:59.074000,429.4613438698676,995
2024-09-20 13:20:59.090000,429.458512812132,1004
2024-09-20 13:20:59.184000,429.4485127784062,1004
2024-09-20 13:20:59.225000,429.4584048179964,98
2024-09-20 13:20:59.293000,429.4346907999181,1002
2024-09-20 13:20:59.321000,429.4715072515566,95
2024-09-20 13:20:59.329000,429.41951348216566,1005
2024-09-20 13:20:59.331000,429.4298627809265,105
2024-09-20 13:20:59.391000,429.4327919611001,13
2024-09-20 13:20:59.396000,429.44361335948327,15
2024-09-20 13:20:59.455000,429.4534273363796,1002
2024-09-20 13:20:59.519000,429.40873321352433,997
2024-09-20 13:20:59.558000,429.4413647378088,105
2024-09-20 13:20:59.633000,429.43974011493975,998
2024-09-20 13:20:59.659000,429.4560011000176,96
2024-09-20 13:20:59.727000,429.4536328157005,9
2024-09-20 13:20:59.791000,429.47079830686494,104
2024-09-20 13:20:59.799000,429.4495452535113,98
2024-09-20 13:20:59.819000,429.40549819427656,1005
2024-09-20 13:20:59.863000,429.4311087057636,5
2024-09-20 13:20:59.884000,429.4496546141037,1000
2024-09-20 13:20:59.902000,429.4085092496584,99
2024-09-20 13:20:59.970000,429.4507869946142,995
