Timestamp,Price,Size
2024-09-16 13:15:00.055000,414.6524755973408,7
2024-09-16 13:15:00.056000,414.6563490181185,998
2024-09-16 13:15:00.307000,414.6601164362407,1004
2024-09-16 13:15:00.348000,414.6594562813772,6
2024-09-16 13:15:00.395000,414.6672533533733,105
2024-09-16 13:15:00.408000,414.6443685061675,101
2024-09-16 13:15:00.465000,414.653867182437,100
2024-09-16 13:15:00.482000,414.6968594003213,1002
2024-09-16 13:15:00.483000,414.7061415705791,5
2024-09-16 13:15:00.558000,414.69853582770367,104
2024-09-16 13:15:00.615000,414.6509605076685,7
2024-09-16 13:15:00.632000,414.7070795402992,8
2024-09-16 13:15:00.659000,414.69820698777113,1002
2024-09-16 13:15:00.739000,414.67056181070456,15
2024-09-16 13:15:00.792000,414.6582907510583,97
2024-09-16 13:15:00.809000,414.69249370028456,995
2024-09-16 13:15:00.814000,414.7026484022723,11
2024-09-16 13:15:00.887000,414.6439087685285,7
2024-09-16 13:15:00.890000,414.6542916649208,100
2024-09-16 13:15:00.928000,414.6413493328604,101
2024-09-16 13:15:00.938000,414.65276090746,996
2024-09-16 13:15:00.991000,414.693996379169,102
2024-09-16 13:15:01.023000,414.6229310742389,96
2024-09-16 13:15:01.103000,414.6101547952956,1005
2024-09-16 13:15:01.124000,414.6630057150396,1004
2024-09-16 13:15:01.219000,414.65043069818194,102
2024-09-16 13:15:01.311000,414.6510474765359,14
2024-09-16 13:15:01.456000,414.6278997422655,10
2024-09-16 13:15:01.493000,414.6222417243923,996
2024-09-16 13:15:01.571000,414.639259401422,996
2024-09-16 13:15:01.614000,414.63541722041134,105
2024-09-16 13:15:01.642000,414.6311540842274,104
2024-09-16 13:15:01.739000,414.6550212132397,98
2024-09-16 13:15:01.861000,414.6504210836549,998
2024-09-16 13:15:01.942000,414.6295712705524,15
2024-09-16 13:15:02.005000,414.5766807813886,11
2024-09-16 13:15:02.010000,414.5842146098855,5
2024-09-16 13:15:02.038000,414.59322964607367,999
2024-09-16 13:15:02.084000,414.5994882820742,100
2024-09-16 13:15:02.189000,414.5660145159321,998
2024-09-16 13:15:02.195000,414.58607608396494,103
2024-09-16 13:15:02.215000,414.589859771412,101
2024-09-16 13:15:02.231000,414.5897136774898,998
2024-09-16 13:15:02.304000,414.60283911582286,101
2024-09-16 13:15:02.328000,414.5932828879632,15
2024-09-16 13:15:02.385000,414.5899912712509,1003
2024-09-16 13:15:02.389000,414.6002726009895,1005
2024-09-16 13:15:02.408000,414.5926793817696,5
2024-09-16 13:15:02.429000,414.5632806594709,1001
2024-09-16 13:15:02.438000,414.6086096023597,999
2024-09-16 13:15:02.499000,414.5833615609235,101
2024-09-16 13:15:02.504000,414.5937031847415,15
2024-09-16 13:15:02.507000,414.5950372598386,995
2024-09-16 13:15:02.547000,414.5768347904879,15
2024-09-16 13:15:02.672000,414.6111096985078,15
2024-09-16 13:15:02.675000,414.59399740015175,13
2024-09-16 13:15:02.734000,414.5914293505493,98
2024-09-16 13:15:02.785000,414.5765808648483,101
2024-09-16 13:15:02.804000,414.5987217154437,8
2024-09-16 13:15:02.847000,414.6144255131393,996
2024-09-16 13:15:02.853000,414.6021459761828,997
2024-09-16 13:15:02.865000,414.59423989596337,996
2024-09-16 13:15:02.898000,414.5969337867576,15
2024-09-16 13:15:02.930000,414.5774757053205,95
2024-09-16 13:15:04.107000,414.5579428245271,1000
2024-09-16 13:15:04.170000,414.56505905982414,996
2024-09-16 13:15:04.192000,414.5517764927615,1005
2024-09-16 13:15:04.194000,414.5445067917125,97
2024-09-16 13:15:04.314000,414.5557110324941,101
2024-09-16 13:15:04.454000,414.57268450573537,1000
2024-09-16 13:15:04.546000,414.54575789476166,15
2024-09-16 13:15:04.660000,414.5476094933304,97
2024-09-16 13:15:04.690000,414.5480355925868,1000
2024-09-16 13:15:04.754000,414.5388754333467,8
2024-09-16 13:15:04.805000,414.5946036873997,100
2024-09-16 13:15:04.980000,414.5817105416003,9
2024-09-16 13:15:05.021000,414.59551997714544,999
2024-09-16 13:15:05.063000,414.5937159923039,997
2024-09-16 13:15:05.129000,414.5831194057365,5
2024-09-16 13:15:05.233000,414.5385538218043,996
2024-09-16 13:15:05.237000,414.6317786541468,998
2024-09-16 13:15:05.286000,414.589187874289,1003
2024-09-16 13:15:05.307000,414.6084733500672,995
2024-09-16 13:15:05.313000,414.5908104594464,99
2024-09-16 13:15:05.363000,414.6240273361416,1004
2024-09-16 13:15:05.407000,414.57978336439913,99
2024-09-16 13:15:05.464000,414.6308360900335,1001
2024-09-16 13:15:05.482000,414.5875730913375,100
2024-09-16 13:15:05.506000,414.6054629969583,105
2024-09-16 13:15:05.557000,414.5555497342893,13
2024-09-16 13:15:05.558000,414.5969200104939,102
2024-09-16 13:15:05.598000,414.643321106676,104
2024-09-16 13:15:05.605000,414.5696495960393,9
2024-09-16 13:15:05.636000,414.6222213925293,11
2024-09-16 13:15:05.696000,414.6062177637859,104
2024-09-16 13:15:05.707000,414.56925596997496,102
2024-09-16 13:15:05.722000,414.5985635118421,14
2024-09-16 13:15:05.816000,414.6017023425746,15
2024-09-16 13:15:05.822000,414.5502473009542,10
2024-09-16 13:15:05.861000,414.5663691048591,99
2024-09-16 13:15:05.861000,414.5963978518388,15
2024-09-16 13:15:05.883000,414.5528644094314,96
2024-09-16 13:15:05.885000,414.601724988604,1001
2024-09-16 13:15:05.951000,414.58935110154766,11
2024-09-16 13:15:05.970000,414.5299625748182,1000
2024-09-16 13:15:06.118000,414.5771189071648,101
2024-09-16 13:15:06.149000,414.5953954086242,9
2024-09-16 13:15:06.324000,414.5723032896741,1000
2024-09-16 13:15:06.361000,414.5914138906767,1000
2024-09-16 13:15:06.470000,414.59244157865857,10
2024-09-16 13:15:06.548000,414.5849693234581,1004
2024-09-16 13:15:06.566000,414.59056133185663,1003
2024-09-16 13:15:06.683000,414.5697135023008,104
2024-09-16 13:15:06.708000,414.5656968830766,5
2024-09-16 13:15:06.752000,414.57063622476414,11
2024-09-16 13:15:06.825000,414.59717382812295,96
2024-09-16 13:15:06.959000,414.5866616993354,6
2024-09-16 13:15:06.959000,414.57071305641057,96
2024-09-16 13:15:06.976000,414.5798220339838,104
2024-09-16 13:15:07.062000,414.5977845725457,101
2024-09-16 13:15:07.332000,414.5983839845218,11
2024-09-16 13:15:07.368000,414.612501067516,105
2024-09-16 13:15:07.421000,414.61750962211454,6
2024-09-16 13:15:07.674000,414.6215097069373,15
2024-09-16 13:15:07.877000,414.5992224071883,103
2024-09-16 13:15:08.048000,414.6782229645669,995
2024-09-16 13:15:08.049000,414.6385461166061,996
2024-09-16 13:15:08.202000,414.6563470976347,96
2024-09-16 13:15:08.205000,414.67160356142296,96
2024-09-16 13:15:08.214000,414.6472113523105,15
2024-09-16 13:15:08.252000,414.6675124175016,1004
2024-09-16 13:15:08.339000,414.6192745706214,97
2024-09-16 13:15:08.430000,414.6374929491003,12
2024-09-16 13:15:08.442000,414.6341126627004,5
2024-09-16 13:15:08.453000,414.63885345599255,1003
2024-09-16 13:15:08.573000,414.6564303491757,11
2024-09-16 13:15:08.643000,414.664306624345,102
2024-09-16 13:15:08.890000,414.6282238450991,103
2024-09-16 13:15:08.960000,414.6541207759015,13
2024-09-16 13:15:09.072000,414.6990620444253,101
2024-09-16 13:15:09.115000,414.70676743685686,14
2024-09-16 13:15:09.146000,414.6880885732973,995
2024-09-16 13:15:09.206000,414.70459453077416,995
2024-09-16 13:15:09.275000,414.6929295244833,7
2024-09-16 13:15:09.448000,414.6996001577704,15
2024-09-16 13:15:09.462000,414.7248888751846,101
2024-09-16 13:15:09.483000,414.6898748556028,11
2024-09-16 13:15:09.605000,414.6621478918572,1000
2024-09-16 13:15:09.610000,414.7101772178801,12
2024-09-16 13:15:09.675000,414.7273879996934,103
2024-09-16 13:15:09.685000,414.6549233957063,8
2024-09-16 13:15:09.697000,414.68240786677165,7
2024-09-16 13:15:09.736000,414.705639517677,105
2024-09-16 13:15:09.766000,414.66775652362384,1000
2024-09-16 13:15:09.784000,414.6920102470244,996
2024-09-16 13:15:09.809000,414.6941341801473,15
2024-09-16 13:15:09.888000,414.6952702291028,995
2024-09-16 13:15:09.947000,414.68288322417067,103
2024-09-16 13:15:10.021000,414.7351528772349,11
2024-09-16 13:15:10.249000,414.7456655640566,98
2024-09-16 13:15:10.391000,414.753574920916,5
2024-09-16 13:15:10.423000,414.75044636403607,1004
2024-09-16 13:15:10.550000,414.7397751645744,101
2024-09-16 13:15:10.581000,414.7507375882272,1002
2024-09-16 13:15:10.600000,414.7309149882744,1004
2024-09-16 13:15:10.700000,414.7552466060228,105
2024-09-16 13:15:10.752000,414.7556987332693,1005
2024-09-16 13:15:11.019000,414.7520092847122,97
2024-09-16 13:15:11.089000,414.7519897244625,13
2024-09-16 13:15:11.227000,414.73540646914415,10
2024-09-16 13:15:11.264000,414.7509748939192,14
2024-09-16 13:15:11.277000,414.7288804694677,100
2024-09-16 13:15:11.304000,414.7422716034702,998
2024-09-16 13:15:11.555000,414.7561703639156,1004
2024-09-16 13:15:11.585000,414.7523718414442,14
2024-09-16 13:15:11.588000,414.7414445281451,1003
2024-09-16 13:15:11.703000,414.72750610446826,99
2024-09-16 13:15:11.813000,414.75927023380825,1005
2024-09-16 13:15:11.820000,414.72400749187136,102
2024-09-16 13:15:11.882000,414.7546880121773,997
2024-09-16 13:15:12.045000,414.7688905710524,1004
2024-09-16 13:15:12.122000,414.763199083945,11
2024-09-16 13:15:12.143000,414.7478152473928,104
2024-09-16 13:15:12.456000,414.73869218587856,5
2024-09-16 13:15:12.684000,414.73580278808856,1002
2024-09-16 13:15:13.241000,414.7789674056396,14
2024-09-16 13:15:13.340000,414.7891508616231,996
2024-09-16 13:15:13.397000,414.7820374368572,95
2024-09-16 13:15:13.459000,414.7855420930732,997
2024-09-16 13:15:13.461000,414.7829507787529,997
2024-09-16 13:15:13.489000,414.776461347886,1003
2024-09-16 13:15:13.582000,414.7793661293128,996
2024-09-16 13:15:13.604000,414.779817941529,7
2024-09-16 13:15:13.719000,414.78004088503207,11
2024-09-16 13:15:13.797000,414.77653399024587,999
2024-09-16 13:15:13.879000,414.7855851300368,102
2024-09-16 13:15:13.918000,414.7677268809044,1002
2024-09-16 13:15:13.970000,414.7668757611576,1005
2024-09-16 13:15:14.003000,414.8091593575573,997
2024-09-16 13:15:14.023000,414.8211740362886,1002
2024-09-16 13:15:14.106000,414.8051004326394,1001
2024-09-16 13:15:14.261000,414.8091310122667,102
2024-09-16 13:15:14.293000,414.8106550257914,999
2024-09-16 13:15:14.298000,414.8118171712652,1000
2024-09-16 13:15:14.375000,414.8152381934152,104
2024-09-16 13:15:14.382000,414.8314363267241,96
2024-09-16 13:15:14.390000,414.811971316158,5
2024-09-16 13:15:14.405000,414.80381082508745,9
2024-09-16 13:15:14.430000,414.8426033239381,95
2024-09-16 13:15:14.447000,414.8186209195098,8
2024-09-16 13:15:14.478000,414.811735833019,995
2024-09-16 13:15:14.605000,414.8172080710477,5
2024-09-16 13:15:14.632000,414.83837205000185,1000
2024-09-16 13:15:14.723000,414.8499914968442,1004
2024-09-16 13:15:14.726000,414.8292716882356,8
2024-09-16 13:15:14.776000,414.8080322148784,7
2024-09-16 13:15:14.814000,414.81153031842814,1005
2024-09-16 13:15:14.844000,414.8120667436329,98
2024-09-16 13:15:14.856000,414.8112829394734,1000
2024-09-16 13:15:14.914000,414.8048858630226,98
2024-09-16 13:15:14.940000,414.7881905626986,999
2024-09-16 13:15:15.008000,414.7862545345489,1005
2024-09-16 13:15:15.107000,414.852192031745,6
2024-09-16 13:15:15.180000,414.8321040985096,995
2024-09-16 13:15:15.182000,414.8436812539037,998
2024-09-16 13:15:15.242000,414.8016398632085,1005
2024-09-16 13:15:15.269000,414.8237655722198,6
2024-09-16 13:15:15.270000,414.8388904756932,1003
2024-09-16 13:15:15.382000,414.8370937352914,1005
2024-09-16 13:15:15.438000,414.84676233138936,103
2024-09-16 13:15:15.466000,414.79194565130194,104
2024-09-16 13:15:15.471000,414.76812884703753,13
2024-09-16 13:15:15.505000,414.7991770218632,99
2024-09-16 13:15:15.601000,414.8266353465481,103
2024-09-16 13:15:15.617000,414.8224651186398,996
2024-09-16 13:15:15.677000,414.7770541279786,1001
2024-09-16 13:15:15.710000,414.7990964361358,5
2024-09-16 13:15:15.711000,414.7677995382317,5
2024-09-16 13:15:15.774000,414.789183218243,1000
2024-09-16 13:15:15.804000,414.8099063095211,1001
2024-09-16 13:15:15.850000,414.7707415228412,10
2024-09-16 13:15:15.856000,414.8367782399198,1001
2024-09-16 13:15:15.880000,414.815768157228,103
2024-09-16 13:15:15.920000,414.7806851545817,999
2024-09-16 13:15:15.973000,414.7655009450909,96
2024-09-16 13:15:16.002000,414.7978594067198,95
2024-09-16 13:15:16.040000,414.76057328882985,997
2024-09-16 13:15:16.053000,414.7605384068519,996
2024-09-16 13:15:16.062000,414.77681374166815,1001
2024-09-16 13:15:16.084000,414.7653925454911,995
2024-09-16 13:15:16.098000,414.7569466597933,98
2024-09-16 13:15:16.104000,414.8292564454109,100
2024-09-16 13:15:16.143000,414.7879885615744,97
2024-09-16 13:15:16.164000,414.7920767164232,6
2024-09-16 13:15:16.322000,414.790139234584,998
2024-09-16 13:15:16.391000,414.7935609355681,13
2024-09-16 13:15:16.448000,414.7810888952218,996
2024-09-16 13:15:16.554000,414.7920298706903,998
2024-09-16 13:15:16.609000,414.79983748237,1000
2024-09-16 13:15:16.648000,414.7873727930359,7
2024-09-16 13:15:16.686000,414.81570210156445,101
2024-09-16 13:15:16.763000,414.7784640299464,101
2024-09-16 13:15:16.777000,414.7700730122749,1002
2024-09-16 13:15:16.810000,414.76465830692047,1004
2024-09-16 13:15:16.972000,414.7695724487087,7
2024-09-16 13:15:17.134000,414.7192469643843,8
2024-09-16 13:15:17.486000,414.77538809138457,6
2024-09-16 13:15:17.509000,414.7330789666789,9
2024-09-16 13:15:17.534000,414.78055080456863,11
2024-09-16 13:15:17.564000,414.7756365897136,97
2024-09-16 13:15:17.693000,414.77181658786486,10
2024-09-16 13:15:17.728000,414.7462342940324,9
2024-09-16 13:15:17.767000,414.7423847033464,998
2024-09-16 13:15:17.770000,414.7638799114912,105
2024-09-16 13:15:17.775000,414.7749014011024,998
2024-09-16 13:15:17.900000,414.7452586374147,99
2024-09-16 13:15:18.035000,414.7628005382538,999
2024-09-16 13:15:18.117000,414.7698053888786,1002
2024-09-16 13:15:18.152000,414.7236417904609,101
2024-09-16 13:15:18.193000,414.7391641727881,9
2024-09-16 13:15:18.365000,414.7433755255785,995
2024-09-16 13:15:18.401000,414.734381307078,11
2024-09-16 13:15:18.429000,414.7545468846674,1003
2024-09-16 13:15:18.968000,414.75464412787625,102
2024-09-16 13:15:18.998000,414.7623013841299,1001
2024-09-16 13:15:19.004000,414.6774154862248,998
2024-09-16 13:15:19.111000,414.70352072549633,1005
2024-09-16 13:15:19.157000,414.7079272521222,104
2024-09-16 13:15:19.186000,414.6742309429847,1001
2024-09-16 13:15:19.206000,414.6846477365757,10
2024-09-16 13:15:19.225000,414.6967513684401,1001
2024-09-16 13:15:19.235000,414.7285435647952,101
2024-09-16 13:15:19.236000,414.666100691023,95
2024-09-16 13:15:19.277000,414.6809668638618,99
2024-09-16 13:15:19.299000,414.7462575646827,100
2024-09-16 13:15:19.317000,414.656158726784,999
2024-09-16 13:15:19.367000,414.68792661755225,1001
2024-09-16 13:15:19.389000,414.7143614435647,1004
2024-09-16 13:15:19.400000,414.6921701990717,97
2024-09-16 13:15:19.513000,414.7407756505977,995
2024-09-16 13:15:19.533000,414.69865043372766,103
2024-09-16 13:15:19.533000,414.75223285432617,8
2024-09-16 13:15:19.556000,414.66762561466624,7
2024-09-16 13:15:19.713000,414.7112892530188,995
2024-09-16 13:15:19.777000,414.6719164738847,5
2024-09-16 13:15:19.777000,414.75805066734927,1005
2024-09-16 13:15:19.811000,414.676415058466,1001
2024-09-16 13:15:19.820000,414.7458982394261,8
2024-09-16 13:15:19.850000,414.64538303152045,105
2024-09-16 13:15:19.854000,414.6918009261011,15
2024-09-16 13:15:19.943000,414.65231032173045,11
2024-09-16 13:15:19.971000,414.67976809226286,1002
2024-09-16 13:15:20.040000,414.7185405264602,996
2024-09-16 13:15:20.107000,414.75345851294935,9
2024-09-16 13:15:20.143000,414.76836114232776,1003
2024-09-16 13:15:20.182000,414.7384471066181,13
2024-09-16 13:15:20.235000,414.7619311348957,14
2024-09-16 13:15:20.295000,414.7397699037575,14
2024-09-16 13:15:20.317000,414.7716288080349,98
2024-09-16 13:15:20.353000,414.75095294528734,1004
2024-09-16 13:15:20.354000,414.7531414506351,13
2024-09-16 13:15:20.379000,414.7426054935979,98
2024-09-16 13:15:20.436000,414.7392976869909,9
2024-09-16 13:15:20.463000,414.7580482204032,98
2024-09-16 13:15:20.476000,414.7238998892767,1005
2024-09-16 13:15:20.482000,414.7280065943961,101
2024-09-16 13:15:20.497000,414.7409759628467,9
2024-09-16 13:15:20.516000,414.7656053873591,1001
2024-09-16 13:15:20.530000,414.75420574030073,99
2024-09-16 13:15:20.536000,414.7424686763987,98
2024-09-16 13:15:20.585000,414.7619090554712,95
2024-09-16 13:15:20.617000,414.712190745864,8
2024-09-16 13:15:20.632000,414.7597566713141,101
2024-09-16 13:15:20.670000,414.7360866214616,104
2024-09-16 13:15:20.723000,414.7612643649322,12
2024-09-16 13:15:20.738000,414.7541778674266,8
2024-09-16 13:15:20.886000,414.721942102537,9
2024-09-16 13:15:20.904000,414.75469339090057,997
2024-09-16 13:15:20.920000,414.73925391892834,10
2024-09-16 13:15:20.973000,414.72980685198354,99
2024-09-16 13:15:21.066000,414.7260177889787,11
2024-09-16 13:15:21.076000,414.6905956176711,12
2024-09-16 13:15:21.090000,414.6960856786983,1004
2024-09-16 13:15:21.093000,414.6895310787714,1003
2024-09-16 13:15:21.095000,414.7268287244647,102
2024-09-16 13:15:21.109000,414.69213437958655,1002
2024-09-16 13:15:21.112000,414.7136608813828,98
2024-09-16 13:15:21.165000,414.7191106058309,1000
2024-09-16 13:15:21.241000,414.72239425492654,5
2024-09-16 13:15:21.265000,414.6781708524201,98
2024-09-16 13:15:21.269000,414.701715135506,13
2024-09-16 13:15:21.291000,414.7150436439733,102
2024-09-16 13:15:21.302000,414.68631480554814,100
2024-09-16 13:15:21.358000,414.68025139691554,12
2024-09-16 13:15:21.389000,414.7296023577232,15
2024-09-16 13:15:21.466000,414.675626543115,98
2024-09-16 13:15:21.513000,414.72427778007966,1002
2024-09-16 13:15:21.566000,414.72842009351695,96
2024-09-16 13:15:21.618000,414.7097939652883,98
2024-09-16 13:15:21.724000,414.7051144065189,1004
2024-09-16 13:15:21.772000,414.7198696782093,999
2024-09-16 13:15:21.775000,414.7339716615666,996
2024-09-16 13:15:21.808000,414.71122664006697,995
2024-09-16 13:15:21.845000,414.70158187941394,1003
2024-09-16 13:15:21.890000,414.7365273755043,1000
2024-09-16 13:15:21.900000,414.70830343980026,5
2024-09-16 13:15:21.932000,414.7203129148547,7
2024-09-16 13:15:21.994000,414.6949553794981,1003
2024-09-16 13:15:22.040000,414.67424591705,102
2024-09-16 13:15:22.086000,414.66935473988974,1004
2024-09-16 13:15:22.130000,414.6686351622834,14
2024-09-16 13:15:22.146000,414.66905260092346,8
2024-09-16 13:15:22.147000,414.6416622155337,12
2024-09-16 13:15:22.150000,414.6679718693343,12
2024-09-16 13:15:22.187000,414.63874521937896,103
2024-09-16 13:15:22.255000,414.6408068741092,5
2024-09-16 13:15:22.362000,414.6651046206061,11
2024-09-16 13:15:22.448000,414.6719881613209,15
2024-09-16 13:15:22.453000,414.6597241223828,1003
2024-09-16 13:15:22.586000,414.6681611840108,998
2024-09-16 13:15:22.614000,414.6509389862424,1002
2024-09-16 13:15:22.630000,414.6785280727253,997
2024-09-16 13:15:22.658000,414.643319606098,102
2024-09-16 13:15:22.700000,414.67654944779,5
2024-09-16 13:15:22.703000,414.6761749849727,8
2024-09-16 13:15:22.795000,414.6704326189581,12
2024-09-16 13:15:22.798000,414.6763233502432,1005
2024-09-16 13:15:22.811000,414.6622057681744,104
2024-09-16 13:15:22.866000,414.6409058526401,1000
2024-09-16 13:15:22.870000,414.6685610950765,100
2024-09-16 13:15:22.874000,414.66780374115376,96
2024-09-16 13:15:22.946000,414.68051011150936,104
2024-09-16 13:15:23.006000,414.6738796597504,97
2024-09-16 13:15:23.021000,414.652469937414,1002
2024-09-16 13:15:23.140000,414.6875716861584,13
2024-09-16 13:15:23.143000,414.6710956676157,14
2024-09-16 13:15:23.215000,414.6706747481564,997
2024-09-16 13:15:23.225000,414.68971632619,13
2024-09-16 13:15:23.238000,414.6714827131892,102
2024-09-16 13:15:23.242000,414.662673914165,1005
2024-09-16 13:15:23.368000,414.69853655903694,13
2024-09-16 13:15:23.582000,414.6681412020024,11
2024-09-16 13:15:23.711000,414.66810975194414,5
2024-09-16 13:15:23.786000,414.6756681822139,99
2024-09-16 13:15:23.819000,414.6732112927743,103
2024-09-16 13:15:23.827000,414.6657194622926,96
2024-09-16 13:15:23.871000,414.6600658510719,97
2024-09-16 13:15:23.876000,414.6995041519549,1000
2024-09-16 13:15:23.907000,414.66041379017696,6
2024-09-16 13:15:23.967000,414.6819433748994,999
2024-09-16 13:15:24.170000,414.6498469900717,7
2024-09-16 13:15:24.237000,414.5614078852564,99
2024-09-16 13:15:24.329000,414.60901765577086,1001
2024-09-16 13:15:24.335000,414.62138681261496,1000
2024-09-16 13:15:24.395000,414.6512302188706,103
2024-09-16 13:15:24.415000,414.564514143672,8
2024-09-16 13:15:24.432000,414.6909321939456,99
2024-09-16 13:15:24.461000,414.644673801092,995
2024-09-16 13:15:24.475000,414.65421696609513,7
2024-09-16 13:15:24.524000,414.5850150561118,1003
2024-09-16 13:15:24.540000,414.6667283221793,14
2024-09-16 13:15:24.591000,414.619838582006,102
2024-09-16 13:15:24.694000,414.57577967815104,12
2024-09-16 13:15:24.712000,414.5762666544071,12
2024-09-16 13:15:24.820000,414.5607575112617,99
2024-09-16 13:15:24.858000,414.697841653343,998
2024-09-16 13:15:24.920000,414.6667937682512,999
2024-09-16 13:15:24.989000,414.6249047585722,101
2024-09-16 13:15:24.998000,414.6463690795197,97
2024-09-16 13:15:25.022000,414.623451231474,15
2024-09-16 13:15:25.033000,414.5551641761628,13
2024-09-16 13:15:25.227000,414.5781007453097,100
2024-09-16 13:15:25.271000,414.6007759181245,995
2024-09-16 13:15:25.298000,414.5959127766574,996
2024-09-16 13:15:25.319000,414.6039490522934,1002
2024-09-16 13:15:25.337000,414.5615043244575,5
2024-09-16 13:15:25.354000,414.5969660688908,11
2024-09-16 13:15:25.386000,414.58213493289503,996
2024-09-16 13:15:25.426000,414.56587464712345,7
2024-09-16 13:15:25.465000,414.59975816974224,105
2024-09-16 13:15:25.482000,414.6375527446231,97
2024-09-16 13:15:25.490000,414.6106299115073,1001
2024-09-16 13:15:25.503000,414.6206608649296,997
2024-09-16 13:15:25.673000,414.5768842721707,7
2024-09-16 13:15:25.748000,414.6439674853694,995
2024-09-16 13:15:25.790000,414.5914081063172,7
2024-09-16 13:15:25.794000,414.59063618862496,1002
2024-09-16 13:15:25.829000,414.59488967807226,97
2024-09-16 13:15:25.888000,414.5728732478813,998
2024-09-16 13:15:25.943000,414.5699635537613,102
2024-09-16 13:15:25.974000,414.6156996963253,5
2024-09-16 13:15:26.075000,414.6970888378568,6
2024-09-16 13:15:26.107000,414.6284438681918,11
2024-09-16 13:15:26.122000,414.7130420026018,999
2024-09-16 13:15:26.145000,414.6839186117556,998
2024-09-16 13:15:26.222000,414.623861001788,95
2024-09-16 13:15:26.246000,414.6393268334691,97
2024-09-16 13:15:26.283000,414.6174929129976,105
2024-09-16 13:15:26.292000,414.63588215646496,100
2024-09-16 13:15:26.357000,414.60651243275726,1002
2024-09-16 13:15:26.385000,414.5998807040648,95
2024-09-16 13:15:26.409000,414.7145465412132,996
2024-09-16 13:15:26.430000,414.62874658272926,1001
2024-09-16 13:15:26.462000,414.6198522348312,100
2024-09-16 13:15:26.468000,414.68016343226793,997
2024-09-16 13:15:26.472000,414.6567794859493,1004
2024-09-16 13:15:26.594000,414.6494959670599,10
2024-09-16 13:15:26.692000,414.69170397645183,14
2024-09-16 13:15:26.728000,414.6819278104865,996
2024-09-16 13:15:26.801000,414.6640285142074,15
2024-09-16 13:15:26.855000,414.6375819591812,6
2024-09-16 13:15:26.892000,414.6435549316847,11
2024-09-16 13:15:26.952000,414.66039931994726,9
2024-09-16 13:15:26.955000,414.6114465481831,103
2024-09-16 13:15:27.137000,414.6857191899304,10
2024-09-16 13:15:27.152000,414.7109045967789,97
2024-09-16 13:15:27.186000,414.6741288791338,998
2024-09-16 13:15:27.235000,414.66823343332334,5
2024-09-16 13:15:27.250000,414.70097105398247,15
2024-09-16 13:15:27.319000,414.6764289153953,995
2024-09-16 13:15:27.353000,414.6866533688239,1005
2024-09-16 13:15:27.363000,414.6818009060751,6
2024-09-16 13:15:27.475000,414.6953375963615,9
2024-09-16 13:15:27.491000,414.69197222433417,1002
2024-09-16 13:15:27.635000,414.6969720290523,998
2024-09-16 13:15:27.648000,414.689714621889,999
2024-09-16 13:15:27.670000,414.6922769349911,9
2024-09-16 13:15:27.772000,414.6841177696481,96
2024-09-16 13:15:27.819000,414.678268968906,7
2024-09-16 13:15:27.915000,414.7034225374147,5
2024-09-16 13:15:27.939000,414.6989316625997,996
2024-09-16 13:15:27.943000,414.69799360569095,102
2024-09-16 13:15:28.963000,414.6863890507961,1005
2024-09-16 13:15:29.100000,414.68674090577065,12
2024-09-16 13:15:29.174000,414.6496414555126,999
2024-09-16 13:15:29.284000,414.6985811768787,95
2024-09-16 13:15:29.407000,414.64896737582535,10
2024-09-16 13:15:29.466000,414.7261351548757,97
2024-09-16 13:15:29.497000,414.6666112932508,7
2024-09-16 13:15:29.512000,414.7116046801868,10
2024-09-16 13:15:29.557000,414.71380882288486,95
2024-09-16 13:15:29.581000,414.6428201274353,5
2024-09-16 13:15:29.599000,414.6443577292598,96
2024-09-16 13:15:29.617000,414.6662230811888,996
2024-09-16 13:15:29.654000,414.6642084447248,99
2024-09-16 13:15:29.657000,414.6573116178968,10
2024-09-16 13:15:29.666000,414.6751257298863,997
2024-09-16 13:15:29.696000,414.648255423282,9
2024-09-16 13:15:29.714000,414.66223418214224,9
2024-09-16 13:15:29.768000,414.66025001410605,100
2024-09-16 13:15:29.783000,414.66533116507793,14
2024-09-16 13:15:29.811000,414.625212235069,997
2024-09-16 13:15:29.811000,414.6424388369583,11
2024-09-16 13:15:29.929000,414.6659351222604,14
2024-09-16 13:15:30.048000,414.7112282311663,1004
2024-09-16 13:15:30.098000,414.7126768538038,1001
2024-09-16 13:15:30.158000,414.7214855476227,5
2024-09-16 13:15:30.282000,414.71538899353146,995
2024-09-16 13:15:30.335000,414.7280809013048,11
2024-09-16 13:15:30.409000,414.73114263135614,996
2024-09-16 13:15:30.459000,414.7258157947625,6
2024-09-16 13:15:30.468000,414.716258155864,9
2024-09-16 13:15:30.507000,414.7189376838055,997
2024-09-16 13:15:30.510000,414.746108618112,999
2024-09-16 13:15:30.512000,414.7491524519596,98
2024-09-16 13:15:30.574000,414.72722770215006,102
2024-09-16 13:15:30.627000,414.731634088457,1003
2024-09-16 13:15:30.639000,414.74555918495287,1002
2024-09-16 13:15:30.688000,414.7170048304279,98
2024-09-16 13:15:30.705000,414.73909451094255,1005
2024-09-16 13:15:30.864000,414.7248015856294,1004
2024-09-16 13:15:30.869000,414.7532139934176,99
2024-09-16 13:15:30.892000,414.7391985066551,1005
2024-09-16 13:15:32.072000,414.744675185263,5
2024-09-16 13:15:32.443000,414.7842541183178,15
2024-09-16 13:15:32.693000,414.75137071740346,1002
2024-09-16 13:15:32.816000,414.7428225402521,995
2024-09-16 13:15:32.848000,414.7718160886748,1002
2024-09-16 13:15:32.865000,414.7369746981318,99
2024-09-16 13:15:32.920000,414.7545968114911,11
2024-09-16 13:15:33.051000,414.7618281080622,99
2024-09-16 13:15:33.091000,414.7933440038161,104
2024-09-16 13:15:33.107000,414.71161774629417,1005
2024-09-16 13:15:33.322000,414.7630588602268,105
2024-09-16 13:15:33.338000,414.7637287742806,9
2024-09-16 13:15:33.341000,414.7437282632573,997
2024-09-16 13:15:33.452000,414.7730164742683,97
2024-09-16 13:15:33.463000,414.7087430367046,7
2024-09-16 13:15:33.472000,414.7166743745716,999
2024-09-16 13:15:33.477000,414.787137733706,14
2024-09-16 13:15:33.481000,414.7539285974055,996
2024-09-16 13:15:33.483000,414.7038743714864,98
2024-09-16 13:15:33.550000,414.7385904197624,1005
2024-09-16 13:15:33.559000,414.7837686610136,102
2024-09-16 13:15:33.592000,414.7258990156207,103
2024-09-16 13:15:33.622000,414.7168312724514,997
2024-09-16 13:15:33.708000,414.7773447165855,1004
2024-09-16 13:15:33.729000,414.7440896685767,7
2024-09-16 13:15:33.769000,414.7430478046471,6
2024-09-16 13:15:33.772000,414.7071398432603,995
2024-09-16 13:15:33.823000,414.7656490892619,10
2024-09-16 13:15:33.907000,414.7096365924919,98
2024-09-16 13:15:33.977000,414.7619982628195,103
2024-09-16 13:15:34.005000,414.8227112413009,104
2024-09-16 13:15:34.060000,414.8199090356704,1001
2024-09-16 13:15:34.184000,414.86519203134367,11
2024-09-16 13:15:34.257000,414.8636264019023,998
2024-09-16 13:15:34.329000,414.8425008515675,1004
2024-09-16 13:15:34.401000,414.8382617440742,998
2024-09-16 13:15:34.428000,414.8177538648145,997
2024-09-16 13:15:34.475000,414.8201491849276,98
2024-09-16 13:15:34.601000,414.828518423152,9
2024-09-16 13:15:34.625000,414.8609840224676,11
2024-09-16 13:15:34.698000,414.8216140475575,996
2024-09-16 13:15:34.753000,414.84110553424784,13
2024-09-16 13:15:34.991000,414.8210277853386,6
2024-09-16 13:15:35.349000,414.8848448869662,100
2024-09-16 13:15:35.398000,414.902622879512,7
2024-09-16 13:15:35.430000,414.85352663380615,999
2024-09-16 13:15:35.499000,414.90115584084566,996
2024-09-16 13:15:35.556000,414.9082984986898,102
2024-09-16 13:15:35.575000,414.8966958838079,14
2024-09-16 13:15:35.677000,414.8981662152185,14
2024-09-16 13:15:35.785000,414.9040113162589,96
2024-09-16 13:15:36.289000,414.91097600465065,1001
2024-09-16 13:15:37.009000,414.8788653046592,15
2024-09-16 13:15:37.036000,414.9056058680669,99
2024-09-16 13:15:37.113000,414.8959007460782,6
2024-09-16 13:15:37.120000,414.86538536507646,100
2024-09-16 13:15:37.127000,414.8719026582831,1003
2024-09-16 13:15:37.249000,414.89602587499326,1003
2024-09-16 13:15:37.254000,414.8869427703148,95
2024-09-16 13:15:37.270000,414.87584129723126,102
2024-09-16 13:15:37.296000,414.8901742596596,13
2024-09-16 13:15:37.345000,414.9083485280641,1004
2024-09-16 13:15:37.471000,414.87337630323526,95
2024-09-16 13:15:37.476000,414.8718411664077,998
2024-09-16 13:15:37.527000,414.89321094761294,5
2024-09-16 13:15:37.533000,414.8833449237279,996
2024-09-16 13:15:37.561000,414.84302573979306,7
2024-09-16 13:15:37.670000,414.8608201479024,1003
2024-09-16 13:15:37.714000,414.88458563925695,6
2024-09-16 13:15:37.732000,414.8799533275127,10
2024-09-16 13:15:37.739000,414.89368613231,998
2024-09-16 13:15:37.776000,414.874633687319,1003
2024-09-16 13:15:37.824000,414.8862237021942,15
2024-09-16 13:15:37.839000,414.8987398710431,9
2024-09-16 13:15:37.908000,414.8764992286109,101
2024-09-16 13:15:38.033000,414.87943234523897,1005
2024-09-16 13:15:38.057000,414.8861849977232,15
2024-09-16 13:15:38.063000,414.864469012208,1004
2024-09-16 13:15:38.101000,414.86053601481785,97
2024-09-16 13:15:38.156000,414.8537163120747,101
2024-09-16 13:15:38.160000,414.8835685954951,97
2024-09-16 13:15:38.218000,414.8418846751643,1003
2024-09-16 13:15:38.246000,414.8535744845432,103
2024-09-16 13:15:38.500000,414.8534596803822,11
2024-09-16 13:15:38.510000,414.92462047783226,998
2024-09-16 13:15:38.601000,414.8394706161749,12
2024-09-16 13:15:38.611000,414.8571534281821,98
2024-09-16 13:15:38.630000,414.9240749463365,103
2024-09-16 13:15:38.715000,414.86001022894186,11
2024-09-16 13:15:38.766000,414.84284304384096,101
2024-09-16 13:15:38.786000,414.870425261965,996
2024-09-16 13:15:38.838000,414.8918323231813,102
2024-09-16 13:15:38.841000,414.86732497138826,1001
2024-09-16 13:15:38.845000,414.8598035433648,997
2024-09-16 13:15:38.870000,414.91835683832574,1004
2024-09-16 13:15:39.286000,414.8710959579876,6
2024-09-16 13:15:39.323000,414.8873720634644,998
2024-09-16 13:15:39.330000,414.8979662141728,1005
2024-09-16 13:15:39.699000,414.8799114364054,1005
2024-09-16 13:15:40.071000,414.9132625031056,105
2024-09-16 13:15:40.098000,414.9192157058755,1003
2024-09-16 13:15:40.209000,414.9037846753857,1000
2024-09-16 13:15:40.210000,414.8681456185531,7
2024-09-16 13:15:40.217000,414.9348582429376,95
2024-09-16 13:15:40.252000,414.8744065273711,105
2024-09-16 13:15:40.277000,414.8392479757914,995
2024-09-16 13:15:40.333000,414.9365032558002,999
2024-09-16 13:15:40.381000,414.8698639034732,103
2024-09-16 13:15:40.545000,414.8947666052885,14
2024-09-16 13:15:40.577000,414.91949203402606,1002
2024-09-16 13:15:40.589000,414.9193748306333,7
2024-09-16 13:15:40.607000,414.91097499422153,104
2024-09-16 13:15:40.636000,414.9057581858936,997
2024-09-16 13:15:40.724000,414.9407619236332,105
2024-09-16 13:15:40.731000,414.8733157442679,100
2024-09-16 13:15:40.748000,414.9123399471648,100
2024-09-16 13:15:40.800000,414.87072870499935,1001
2024-09-16 13:15:40.827000,414.9121567623506,96
2024-09-16 13:15:40.925000,414.8847630733365,1003
2024-09-16 13:15:40.939000,414.8674589865423,14
2024-09-16 13:15:40.996000,414.9073573350792,5
2024-09-16 13:15:41.008000,414.9059957413515,8
2024-09-16 13:15:41.019000,414.8928926255932,5
2024-09-16 13:15:41.046000,414.9332727640255,100
2024-09-16 13:15:41.050000,414.9255528643857,105
2024-09-16 13:15:41.096000,414.9525325050747,12
2024-09-16 13:15:41.228000,414.9578203306564,1002
2024-09-16 13:15:41.242000,414.8793912004574,95
2024-09-16 13:15:41.315000,414.8791073536509,105
2024-09-16 13:15:41.330000,414.9211572675579,15
2024-09-16 13:15:41.408000,414.9609901059374,100
2024-09-16 13:15:41.423000,414.92089680228094,102
2024-09-16 13:15:41.474000,414.9068832361884,996
2024-09-16 13:15:41.508000,414.8932461250605,1003
2024-09-16 13:15:41.549000,414.9494237256933,15
2024-09-16 13:15:41.559000,414.9154183328309,997
2024-09-16 13:15:41.563000,414.8993590857468,996
2024-09-16 13:15:41.573000,414.9107993329045,15
2024-09-16 13:15:41.616000,414.884191726142,5
2024-09-16 13:15:41.633000,414.9689635676867,102
2024-09-16 13:15:41.649000,414.960936176184,95
2024-09-16 13:15:41.745000,414.92858165100336,105
2024-09-16 13:15:41.746000,414.9314604672684,1005
2024-09-16 13:15:41.848000,414.9479990901716,1004
2024-09-16 13:15:41.873000,414.9214796771658,95
2024-09-16 13:15:41.894000,414.9490465733455,1004
2024-09-16 13:15:41.932000,414.9444333846964,997
2024-09-16 13:15:41.953000,414.9500781014785,995
2024-09-16 13:15:41.985000,414.87402120190205,95
2024-09-16 13:15:42.006000,414.9491207190574,12
2024-09-16 13:15:42.028000,414.9325578239005,1003
2024-09-16 13:15:42.093000,414.9239268927734,99
2024-09-16 13:15:42.099000,414.8815033278977,1003
2024-09-16 13:15:42.161000,414.9583785481457,1005
2024-09-16 13:15:42.191000,414.87374209202,1001
2024-09-16 13:15:42.319000,414.86203691782697,7
2024-09-16 13:15:42.368000,414.8565582823151,5
2024-09-16 13:15:42.370000,414.8756841714098,95
2024-09-16 13:15:42.383000,414.8645850163989,1003
2024-09-16 13:15:42.399000,414.8737691225048,1005
2024-09-16 13:15:42.433000,414.94737956694695,9
2024-09-16 13:15:42.460000,414.87682052493153,996
2024-09-16 13:15:42.469000,414.87939701709496,99
2024-09-16 13:15:42.509000,414.8688812470437,5
2024-09-16 13:15:42.522000,414.8801980126215,99
2024-09-16 13:15:42.530000,414.9466220479806,1001
2024-09-16 13:15:42.541000,414.8589950097452,13
2024-09-16 13:15:42.558000,414.89624510008696,998
2024-09-16 13:15:42.704000,414.9257529587898,100
2024-09-16 13:15:42.755000,414.9232393467501,1001
2024-09-16 13:15:42.982000,414.9332312166118,12
2024-09-16 13:15:43.053000,414.8511852039903,5
2024-09-16 13:15:43.415000,414.8532012224183,103
2024-09-16 13:15:43.533000,414.85400949093946,999
2024-09-16 13:15:43.559000,414.8580207072657,995
2024-09-16 13:15:43.700000,414.85695892484176,5
2024-09-16 13:15:43.866000,414.8607842119956,101
2024-09-16 13:15:43.984000,414.8742068223413,5
2024-09-16 13:15:44.049000,414.8623449782432,97
2024-09-16 13:15:44.271000,414.8415476615433,15
2024-09-16 13:15:44.277000,414.861117344141,12
2024-09-16 13:15:44.322000,414.8750799933003,12
2024-09-16 13:15:44.399000,414.8544429351404,13
2024-09-16 13:15:44.434000,414.8463983353022,996
2024-09-16 13:15:44.526000,414.8479522243981,12
2024-09-16 13:15:44.528000,414.8676557789577,105
2024-09-16 13:15:44.640000,414.8550691020486,997
2024-09-16 13:15:44.704000,414.8728904024386,104
2024-09-16 13:15:44.815000,414.858482038236,14
2024-09-16 13:15:44.831000,414.84047687010445,10
2024-09-16 13:15:44.898000,414.8458485046479,1004
2024-09-16 13:15:44.997000,414.8324525204298,1004
2024-09-16 13:15:45.068000,414.9006895890869,14
2024-09-16 13:15:45.105000,414.8500290654169,100
2024-09-16 13:15:45.163000,414.90529880014657,999
2024-09-16 13:15:45.210000,414.8981855964644,998
2024-09-16 13:15:45.275000,414.909927297394,999
2024-09-16 13:15:45.331000,414.9255600695237,10
2024-09-16 13:15:45.351000,414.8636342389964,97
2024-09-16 13:15:45.353000,414.9137100631624,99
2024-09-16 13:15:45.361000,414.9072032288782,100
2024-09-16 13:15:45.438000,414.9069827211168,95
2024-09-16 13:15:45.489000,414.883664006006,12
2024-09-16 13:15:45.665000,414.9253617535143,996
2024-09-16 13:15:45.668000,414.871312739903,99
2024-09-16 13:15:45.726000,414.9007672498942,99
2024-09-16 13:15:45.728000,414.8709633686488,8
2024-09-16 13:15:45.731000,414.9331056117464,1003
2024-09-16 13:15:45.768000,414.8683218182875,101
2024-09-16 13:15:45.802000,414.9262192045023,997
2024-09-16 13:15:45.813000,414.8719418458009,1005
2024-09-16 13:15:45.828000,414.9456681162772,104
2024-09-16 13:15:46.033000,414.87677733591096,998
2024-09-16 13:15:46.060000,414.8654505656336,7
2024-09-16 13:15:46.061000,414.8917074051632,101
2024-09-16 13:15:46.194000,414.8703796572565,11
2024-09-16 13:15:46.213000,414.8749405642451,1004
2024-09-16 13:15:46.229000,414.8500347259858,100
2024-09-16 13:15:46.309000,414.8776759376872,9
2024-09-16 13:15:46.345000,414.87809722320384,104
2024-09-16 13:15:46.349000,414.8382907448288,98
2024-09-16 13:15:46.422000,414.85775900339206,102
2024-09-16 13:15:46.437000,414.8932494608967,996
2024-09-16 13:15:46.463000,414.8645134478009,1002
2024-09-16 13:15:46.476000,414.8542397912381,8
2024-09-16 13:15:46.672000,414.8470327574277,997
2024-09-16 13:15:46.901000,414.8785738007628,9
2024-09-16 13:15:47.110000,414.8613889329884,6
2024-09-16 13:15:47.267000,414.8713559651621,11
2024-09-16 13:15:47.322000,414.8288053186619,15
2024-09-16 13:15:47.448000,414.8429961160655,10
2024-09-16 13:15:47.529000,414.8593487549542,8
2024-09-16 13:15:47.537000,414.8458347294404,998
2024-09-16 13:15:47.641000,414.88409537069015,6
2024-09-16 13:15:47.748000,414.8502013627704,1001
2024-09-16 13:15:47.768000,414.8456022330869,996
2024-09-16 13:15:47.791000,414.86341238758496,105
2024-09-16 13:15:47.899000,414.8640816052577,103
2024-09-16 13:15:48.015000,414.90516952420376,99
2024-09-16 13:15:48.050000,414.9276583257975,98
2024-09-16 13:15:48.057000,414.9139587265351,1005
2024-09-16 13:15:48.118000,414.9161545247717,14
2024-09-16 13:15:48.182000,414.9147435299791,6
2024-09-16 13:15:48.295000,414.9187689437744,1003
2024-09-16 13:15:48.372000,414.9101238951432,104
2024-09-16 13:15:48.525000,414.8880187220157,9
2024-09-16 13:15:48.582000,414.9075126510283,102
2024-09-16 13:15:48.648000,414.9280934906148,15
2024-09-16 13:15:48.659000,414.9208257077706,12
2024-09-16 13:15:48.662000,414.9203649413566,13
2024-09-16 13:15:48.733000,414.8931062996217,995
2024-09-16 13:15:48.827000,414.9167585896599,11
2024-09-16 13:15:48.836000,414.89944426098754,13
2024-09-16 13:15:48.842000,414.930928700678,99
2024-09-16 13:15:48.843000,414.9235746572508,5
2024-09-16 13:15:48.896000,414.9125561671696,12
2024-09-16 13:15:48.928000,414.89289225866526,12
2024-09-16 13:15:49.045000,414.9260673933574,104
2024-09-16 13:15:49.047000,414.87984419043175,101
2024-09-16 13:15:49.062000,414.8842966362669,97
2024-09-16 13:15:49.181000,414.91531096178034,15
2024-09-16 13:15:49.212000,414.9276135723725,8
2024-09-16 13:15:49.246000,414.93565593366986,10
2024-09-16 13:15:49.254000,414.9171612028921,14
2024-09-16 13:15:49.267000,414.905931432482,104
2024-09-16 13:15:49.271000,414.87629877605104,1001
2024-09-16 13:15:49.282000,414.91108492694167,1000
2024-09-16 13:15:49.290000,414.9447518070141,10
2024-09-16 13:15:49.301000,414.889178954779,1005
2024-09-16 13:15:49.302000,414.9648881523768,11
2024-09-16 13:15:49.320000,414.9479745752416,11
2024-09-16 13:15:49.327000,414.9361022165836,995
2024-09-16 13:15:49.400000,414.8712151742764,105
2024-09-16 13:15:49.484000,414.8769676020818,997
2024-09-16 13:15:49.494000,414.95036317059646,95
2024-09-16 13:15:49.580000,414.9398286786718,104
2024-09-16 13:15:49.609000,414.9459957741396,997
2024-09-16 13:15:49.661000,414.9244085088182,12
2024-09-16 13:15:49.671000,414.95583067598886,96
2024-09-16 13:15:49.706000,414.91828291390993,13
2024-09-16 13:15:49.760000,414.94934449227713,995
2024-09-16 13:15:49.792000,414.9134812617766,998
2024-09-16 13:15:49.830000,414.93595820212056,5
2024-09-16 13:15:49.943000,414.90423362799015,9
2024-09-16 13:15:49.995000,414.9384044010999,995
2024-09-16 13:15:50.042000,414.79608372410695,95
2024-09-16 13:15:50.136000,414.8230313647718,1004
2024-09-16 13:15:50.327000,414.8130995413055,5
2024-09-16 13:15:50.427000,414.83006795380845,95
2024-09-16 13:15:50.504000,414.867821157237,1001
2024-09-16 13:15:50.535000,414.8057298733173,8
2024-09-16 13:15:50.630000,414.8058809951117,995
2024-09-16 13:15:50.640000,414.8510552996021,996
2024-09-16 13:15:50.695000,414.8685061133523,9
2024-09-16 13:15:50.730000,414.8286909837476,97
2024-09-16 13:15:50.768000,414.8349304694424,101
2024-09-16 13:15:50.863000,414.8117932231912,95
2024-09-16 13:15:52.023000,414.8191750235359,13
2024-09-16 13:15:52.061000,414.8004690909991,101
2024-09-16 13:15:52.068000,414.7958703502339,996
2024-09-16 13:15:52.200000,414.7823471479176,1003
2024-09-16 13:15:52.203000,414.8171231802906,96
2024-09-16 13:15:52.288000,414.793604731281,6
2024-09-16 13:15:52.295000,414.8259188235165,10
2024-09-16 13:15:52.299000,414.8268283072878,12
2024-09-16 13:15:52.308000,414.79033784897314,5
2024-09-16 13:15:52.395000,414.8019957831418,97
2024-09-16 13:15:52.432000,414.78323850975096,104
2024-09-16 13:15:52.612000,414.7993704526547,12
2024-09-16 13:15:52.655000,414.79558198449325,10
2024-09-16 13:15:52.655000,414.811285737387,10
2024-09-16 13:15:52.689000,414.78606132085287,13
2024-09-16 13:15:52.704000,414.7895730579059,10
2024-09-16 13:15:52.758000,414.7900705196221,101
2024-09-16 13:15:52.795000,414.8265763845447,99
2024-09-16 13:15:52.836000,414.7901563127692,99
2024-09-16 13:15:52.875000,414.81798621371536,105
2024-09-16 13:15:52.883000,414.82089467621887,10
2024-09-16 13:15:53.775000,414.7883899812368,995
2024-09-16 13:15:53.823000,414.78570315600274,996
2024-09-16 13:15:54.034000,414.7323562857715,15
2024-09-16 13:15:54.095000,414.7606478419684,100
2024-09-16 13:15:54.294000,414.7954143140661,12
2024-09-16 13:15:54.752000,414.7782582175709,1004
2024-09-16 13:15:54.845000,414.7894889060767,11
2024-09-16 13:15:55.028000,414.6628427829592,103
2024-09-16 13:15:55.096000,414.7137780506444,996
2024-09-16 13:15:55.161000,414.65406041435295,998
2024-09-16 13:15:55.220000,414.70272368219474,12
2024-09-16 13:15:55.242000,414.6845660597849,12
2024-09-16 13:15:55.327000,414.677224323934,99
2024-09-16 13:15:55.397000,414.6609508942739,101
2024-09-16 13:15:55.397000,414.6562761672004,100
2024-09-16 13:15:55.457000,414.6642536052525,105
2024-09-16 13:15:55.506000,414.6514731688852,101
2024-09-16 13:15:55.634000,414.6493164555263,9
2024-09-16 13:15:55.637000,414.6547572783109,13
2024-09-16 13:15:55.661000,414.65270928110897,98
2024-09-16 13:15:55.819000,414.6711988381809,96
2024-09-16 13:15:55.820000,414.7108723113031,5
2024-09-16 13:15:55.833000,414.6994339119324,1000
2024-09-16 13:15:55.884000,414.6501055377493,1005
2024-09-16 13:15:55.907000,414.6668982048734,9
2024-09-16 13:15:55.939000,414.6650977064484,104
2024-09-16 13:15:55.981000,414.6894185828749,14
2024-09-16 13:15:56.014000,414.6722386532946,998
2024-09-16 13:15:56.039000,414.7062000222273,9
2024-09-16 13:15:56.102000,414.6747069682766,98
2024-09-16 13:15:56.114000,414.7173892244082,6
2024-09-16 13:15:56.208000,414.66046450815816,99
2024-09-16 13:15:56.272000,414.7104735734754,100
2024-09-16 13:15:56.297000,414.7127831942569,8
2024-09-16 13:15:56.537000,414.68003416117176,11
2024-09-16 13:15:56.560000,414.7012955752397,97
2024-09-16 13:15:56.736000,414.72703919955154,95
2024-09-16 13:15:56.818000,414.7060301137821,995
2024-09-16 13:15:56.842000,414.71040111047046,103
2024-09-16 13:15:56.974000,414.71277616423225,95
2024-09-16 13:15:57.163000,414.7239352452056,1001
2024-09-16 13:15:57.247000,414.729557605506,15
2024-09-16 13:15:57.647000,414.7292256834279,996
2024-09-16 13:15:58.015000,414.79077322377,1003
2024-09-16 13:15:58.051000,414.7329452059243,105
2024-09-16 13:15:58.063000,414.7576756258551,105
2024-09-16 13:15:58.277000,414.77128079653386,103
2024-09-16 13:15:58.331000,414.7972268157485,100
2024-09-16 13:15:58.350000,414.7440527218797,105
2024-09-16 13:15:58.372000,414.74966729280567,1005
2024-09-16 13:15:58.466000,414.8116014051268,1003
2024-09-16 13:15:58.569000,414.7346113957981,96
2024-09-16 13:15:58.611000,414.8024610699755,6
2024-09-16 13:15:58.651000,414.7977042434819,99
2024-09-16 13:15:58.683000,414.7572682944577,1003
2024-09-16 13:15:58.705000,414.8141696135759,1003
2024-09-16 13:15:58.730000,414.7522834064824,1002
2024-09-16 13:15:58.769000,414.8075568633638,999
2024-09-16 13:15:58.832000,414.7787745950464,998
2024-09-16 13:15:59.180000,414.8205866785599,5
2024-09-16 13:15:59.223000,414.8573619627595,1004
2024-09-16 13:15:59.280000,414.8515354058274,1003
2024-09-16 13:15:59.354000,414.84666662578246,95
2024-09-16 13:15:59.387000,414.8544908195869,97
2024-09-16 13:15:59.444000,414.8440076615974,7
2024-09-16 13:15:59.493000,414.86165119395207,99
2024-09-16 13:15:59.513000,414.8299802162107,14
2024-09-16 13:15:59.538000,414.8340498387152,1002
2024-09-16 13:15:59.639000,414.8580215630207,105
2024-09-16 13:15:59.749000,414.8332735673059,995
2024-09-16 13:15:59.826000,414.8531813265896,1003
2024-09-16 13:15:59.918000,414.8508148602253,5
2024-09-16 13:15:59.987000,414.845759391158,6
