Timestamp,Price,Size
2024-09-20 13:51:00.014000,430.096766570898,995
2024-09-20 13:51:00.094000,430.0923914099706,997
2024-09-20 13:51:00.098000,430.0756201360716,997
2024-09-20 13:51:00.104000,430.09329570788833,101
2024-09-20 13:51:00.104000,430.083729625882,15
2024-09-20 13:51:00.329000,430.07434970212415,8
2024-09-20 13:51:00.342000,430.0807787217508,998
2024-09-20 13:51:00.391000,430.1055129771134,102
2024-09-20 13:51:00.447000,430.09775551152114,13
2024-09-20 13:51:00.472000,430.09987648866667,999
2024-09-20 13:51:00.650000,430.0694570646268,1005
2024-09-20 13:51:00.653000,430.0638495895374,1000
2024-09-20 13:51:00.750000,430.0717745244952,104
2024-09-20 13:51:00.795000,430.1205556858209,997
2024-09-20 13:51:00.809000,430.087211350497,101
2024-09-20 13:51:00.885000,430.0727213384605,10
2024-09-20 13:51:00.903000,430.0729836472897,1003
2024-09-20 13:51:00.913000,430.0958213815818,1000
2024-09-20 13:51:00.916000,430.0737736199978,995
2024-09-20 13:51:00.938000,430.08719490552056,97
2024-09-20 13:51:00.964000,430.1022837826373,1005
2024-09-20 13:51:01,430.0415021536716,104
2024-09-20 13:51:01.028000,430.03710863230793,997
2024-09-20 13:51:01.110000,430.0988049655443,1001
2024-09-20 13:51:01.114000,430.0541680954811,1002
2024-09-20 13:51:01.164000,430.0548545453638,997
2024-09-20 13:51:01.197000,430.09398188123976,10
2024-09-20 13:51:01.271000,430.0555169551399,102
2024-09-20 13:51:01.283000,430.06936663120496,105
2024-09-20 13:51:01.301000,430.0442304870686,98
2024-09-20 13:51:01.367000,430.0664805040543,997
2024-09-20 13:51:01.442000,430.0566599363208,12
2024-09-20 13:51:01.445000,430.0606302566077,1001
2024-09-20 13:51:01.477000,430.0565137149172,104
2024-09-20 13:51:01.487000,430.0789861115418,1000
2024-09-20 13:51:01.525000,430.0687442538907,998
2024-09-20 13:51:01.581000,430.0554311575124,1004
2024-09-20 13:51:01.641000,430.05967648767006,1001
2024-09-20 13:51:01.666000,430.0666640992949,7
2024-09-20 13:51:01.679000,430.0929333255042,104
2024-09-20 13:51:01.692000,430.0265738534081,99
2024-09-20 13:51:01.699000,430.0504480759579,105
2024-09-20 13:51:01.749000,430.0701757849183,1002
2024-09-20 13:51:01.768000,430.0603544871997,999
2024-09-20 13:51:01.803000,430.0604960541454,5
2024-09-20 13:51:01.845000,430.0544614057514,6
2024-09-20 13:51:01.850000,430.0886251894908,100
2024-09-20 13:51:01.852000,430.06906651139,96
2024-09-20 13:51:01.885000,430.0556925268799,9
2024-09-20 13:51:01.912000,430.03574119105446,7
2024-09-20 13:51:01.998000,430.08118260721074,96
2024-09-20 13:51:02.009000,430.0393415782679,7
2024-09-20 13:51:02.218000,430.0861600289306,996
2024-09-20 13:51:02.448000,430.09732915086585,1003
2024-09-20 13:51:02.668000,430.085866244017,5
2024-09-20 13:51:02.759000,430.0607328137995,96
2024-09-20 13:51:02.901000,430.05927919190987,1000
2024-09-20 13:51:03.043000,430.14185854141897,999
2024-09-20 13:51:03.094000,430.1977442209589,997
2024-09-20 13:51:03.126000,430.1705541788762,7
2024-09-20 13:51:03.175000,430.14034141406415,14
2024-09-20 13:51:03.180000,430.1572615326912,997
2024-09-20 13:51:03.215000,430.1199675932975,98
2024-09-20 13:51:03.251000,430.1526676368731,13
2024-09-20 13:51:03.258000,430.13361940215,6
2024-09-20 13:51:03.265000,430.1444741800083,15
2024-09-20 13:51:03.272000,430.1796831607472,1005
2024-09-20 13:51:03.307000,430.1030628848855,12
2024-09-20 13:51:03.430000,430.14813389976,998
2024-09-20 13:51:03.435000,430.12852551021433,996
2024-09-20 13:51:03.455000,430.1144404390612,6
2024-09-20 13:51:03.480000,430.1939311850686,13
2024-09-20 13:51:03.498000,430.1802875464949,13
2024-09-20 13:51:03.639000,430.1310436604558,14
2024-09-20 13:51:03.663000,430.128348857136,5
2024-09-20 13:51:03.698000,430.13627467240616,98
2024-09-20 13:51:03.774000,430.14041262670185,1000
2024-09-20 13:51:03.777000,430.2003456055695,15
2024-09-20 13:51:03.780000,430.14501476577846,1002
2024-09-20 13:51:03.793000,430.1287230966834,97
2024-09-20 13:51:03.806000,430.18989878738176,100
2024-09-20 13:51:03.807000,430.1376601756571,8
2024-09-20 13:51:03.881000,430.1438975555956,6
2024-09-20 13:51:03.915000,430.1427653747864,7
2024-09-20 13:51:03.934000,430.180533236754,13
2024-09-20 13:51:03.956000,430.105622905409,12
2024-09-20 13:51:04.028000,430.1905632421614,10
2024-09-20 13:51:04.044000,430.1712035295725,102
2024-09-20 13:51:04.084000,430.18444892412913,103
2024-09-20 13:51:04.089000,430.18122121929406,100
2024-09-20 13:51:04.158000,430.1983503980449,105
2024-09-20 13:51:04.248000,430.1698183705258,102
2024-09-20 13:51:04.266000,430.1872992089943,96
2024-09-20 13:51:04.311000,430.1521332578996,15
2024-09-20 13:51:04.377000,430.1748757779872,11
2024-09-20 13:51:04.409000,430.1820716393244,995
2024-09-20 13:51:04.433000,430.17539070881566,7
2024-09-20 13:51:04.512000,430.1788985705673,999
2024-09-20 13:51:04.527000,430.181745670332,105
2024-09-20 13:51:04.554000,430.1686737584834,6
2024-09-20 13:51:04.564000,430.1975843641716,8
2024-09-20 13:51:04.598000,430.1759745243137,104
2024-09-20 13:51:04.743000,430.1611464272629,104
2024-09-20 13:51:04.802000,430.1767389212763,997
2024-09-20 13:51:04.922000,430.1840470705969,1005
2024-09-20 13:51:04.971000,430.182468102715,996
2024-09-20 13:51:04.998000,430.1762557576076,1005
2024-09-20 13:51:05.007000,430.1377585509019,14
2024-09-20 13:51:05.163000,430.12497204780095,7
2024-09-20 13:51:05.214000,430.1401128357185,102
2024-09-20 13:51:05.245000,430.1498579246829,97
2024-09-20 13:51:05.449000,430.1225475884411,1002
2024-09-20 13:51:05.677000,430.12462387325365,105
2024-09-20 13:51:06.002000,430.0914866564525,100
2024-09-20 13:51:06.319000,430.0959758722311,14
2024-09-20 13:51:06.546000,430.13292727149496,100
2024-09-20 13:51:06.667000,430.13029752723793,102
2024-09-20 13:51:06.675000,430.10110144655,1000
2024-09-20 13:51:06.676000,430.1124524738008,5
2024-09-20 13:51:07.073000,430.0933742584798,1003
2024-09-20 13:51:07.089000,430.10217380139335,1005
2024-09-20 13:51:07.134000,430.1157974977822,101
2024-09-20 13:51:07.177000,430.0985819932338,9
2024-09-20 13:51:07.191000,430.1007491898034,14
2024-09-20 13:51:07.238000,430.10350546973393,1004
2024-09-20 13:51:07.279000,430.0975330440704,1005
2024-09-20 13:51:07.285000,430.10194537564433,1001
2024-09-20 13:51:07.322000,430.0922611722492,10
2024-09-20 13:51:07.366000,430.0783508031623,999
2024-09-20 13:51:07.445000,430.07937715428886,97
2024-09-20 13:51:07.450000,430.1052406569935,5
2024-09-20 13:51:07.507000,430.0834665172311,997
2024-09-20 13:51:07.547000,430.0815975691359,99
2024-09-20 13:51:07.570000,430.0823469210828,95
2024-09-20 13:51:07.711000,430.1069500036164,9
2024-09-20 13:51:07.832000,430.1024198326078,5
2024-09-20 13:51:07.938000,430.1209049051312,6
2024-09-20 13:51:08.002000,430.0654911937437,999
2024-09-20 13:51:08.131000,430.0899386006559,101
2024-09-20 13:51:08.200000,430.0510471248927,105
2024-09-20 13:51:08.211000,429.99764170649087,5
2024-09-20 13:51:08.221000,429.9469351961241,102
2024-09-20 13:51:08.295000,429.9622000479936,99
2024-09-20 13:51:08.380000,429.96336928740624,6
2024-09-20 13:51:08.419000,430.0695048942339,7
2024-09-20 13:51:08.447000,430.030153483654,102
2024-09-20 13:51:08.549000,429.9997699908637,997
2024-09-20 13:51:08.564000,430.0876460876285,96
2024-09-20 13:51:08.634000,430.05366869261127,11
2024-09-20 13:51:08.644000,429.9751638303881,1004
2024-09-20 13:51:08.697000,430.0392953142573,1004
2024-09-20 13:51:08.702000,430.0240073452635,998
2024-09-20 13:51:08.729000,429.9627678377733,1003
2024-09-20 13:51:08.810000,429.9582476546704,9
2024-09-20 13:51:08.844000,429.95373643427934,104
2024-09-20 13:51:08.906000,429.9695374507269,5
2024-09-20 13:51:09.077000,429.9800734390728,999
2024-09-20 13:51:09.094000,429.9467712555285,15
2024-09-20 13:51:09.117000,429.9937804930701,10
2024-09-20 13:51:09.118000,430.00273699527895,995
2024-09-20 13:51:09.181000,429.9466346766163,105
2024-09-20 13:51:09.205000,429.9897524385003,1001
2024-09-20 13:51:09.223000,429.96889747651,7
2024-09-20 13:51:09.293000,429.9799415615804,95
2024-09-20 13:51:09.339000,429.9192951318992,96
2024-09-20 13:51:09.362000,430.017662152973,98
2024-09-20 13:51:09.376000,429.9766666207397,1000
2024-09-20 13:51:09.412000,429.9582665929748,98
2024-09-20 13:51:09.414000,429.99106837688026,998
2024-09-20 13:51:09.418000,429.9875481916111,95
2024-09-20 13:51:09.426000,429.9699013932872,1003
2024-09-20 13:51:09.508000,429.9290163844282,95
2024-09-20 13:51:09.525000,429.93765292234497,15
2024-09-20 13:51:09.529000,429.9535704752021,6
2024-09-20 13:51:09.532000,429.9387451452848,101
2024-09-20 13:51:09.718000,429.918239098697,15
2024-09-20 13:51:09.744000,429.9511120130686,996
2024-09-20 13:51:09.753000,429.9563374209243,98
2024-09-20 13:51:09.772000,429.9755891099388,7
2024-09-20 13:51:09.808000,429.9948049777323,10
2024-09-20 13:51:09.817000,429.92163084645455,95
2024-09-20 13:51:09.953000,429.9439646324802,95
2024-09-20 13:51:09.956000,429.99423170943294,999
2024-09-20 13:51:10.023000,429.8640660576899,1001
2024-09-20 13:51:10.068000,429.91947963834906,100
2024-09-20 13:51:10.096000,429.85931684648426,15
2024-09-20 13:51:10.120000,429.8733757692559,1001
2024-09-20 13:51:10.125000,429.86816544874193,15
2024-09-20 13:51:10.149000,429.893444195404,100
2024-09-20 13:51:10.234000,429.9197096254048,1000
2024-09-20 13:51:10.252000,429.8580351817686,1004
2024-09-20 13:51:10.381000,429.88569110008655,105
2024-09-20 13:51:10.407000,429.8337902957609,13
2024-09-20 13:51:10.448000,429.8700655074977,99
2024-09-20 13:51:10.513000,429.8330613387658,101
2024-09-20 13:51:10.533000,429.8800362325426,6
2024-09-20 13:51:10.561000,429.8846231277272,104
2024-09-20 13:51:10.565000,429.8632794170766,998
2024-09-20 13:51:10.601000,429.8614724526777,97
2024-09-20 13:51:10.621000,429.8744299873395,100
2024-09-20 13:51:10.645000,429.8737166413093,14
2024-09-20 13:51:10.757000,429.8937263834833,1005
2024-09-20 13:51:10.769000,429.8401339991757,995
2024-09-20 13:51:10.837000,429.8758813060277,10
2024-09-20 13:51:10.931000,429.9042697673767,995
2024-09-20 13:51:10.931000,429.906674407928,100
2024-09-20 13:51:10.938000,429.899703880076,995
2024-09-20 13:51:10.968000,429.9229486314213,1000
2024-09-20 13:51:11.007000,429.8461828560296,1000
2024-09-20 13:51:11.036000,429.84307169394174,105
2024-09-20 13:51:11.097000,429.9217222222277,999
2024-09-20 13:51:11.114000,429.8524433484227,1001
2024-09-20 13:51:11.140000,429.9135601212224,1000
2024-09-20 13:51:11.168000,429.94663673737927,105
2024-09-20 13:51:11.221000,429.8416469248878,95
2024-09-20 13:51:11.360000,429.8716923455912,99
2024-09-20 13:51:11.371000,429.8433716492609,997
2024-09-20 13:51:11.422000,429.8471432613002,10
2024-09-20 13:51:11.428000,429.90166552653466,98
2024-09-20 13:51:11.463000,429.8394977719575,96
2024-09-20 13:51:11.545000,429.9179164362688,6
2024-09-20 13:51:11.552000,429.85320758415975,96
2024-09-20 13:51:11.582000,429.9347087235155,96
2024-09-20 13:51:11.584000,429.9461379432875,5
2024-09-20 13:51:11.666000,429.9386220581876,97
2024-09-20 13:51:11.698000,429.9139811698707,10
2024-09-20 13:51:11.713000,429.8928593632231,1004
2024-09-20 13:51:11.777000,429.8556991722879,6
2024-09-20 13:51:11.826000,429.8978229900968,996
2024-09-20 13:51:11.913000,429.934488627572,1004
2024-09-20 13:51:11.919000,429.863787454885,103
2024-09-20 13:51:11.980000,429.9353347639489,102
2024-09-20 13:51:11.989000,429.89835047085455,999
2024-09-20 13:51:12.029000,429.8706854630784,997
2024-09-20 13:51:12.176000,429.8782650463156,105
2024-09-20 13:51:12.255000,429.8630068402072,1001
2024-09-20 13:51:12.539000,429.8612772984545,10
2024-09-20 13:51:12.616000,429.8462340044509,13
2024-09-20 13:51:12.845000,429.8287561630311,99
2024-09-20 13:51:12.870000,429.8836263423579,1001
2024-09-20 13:51:12.892000,429.85290596438966,8
2024-09-20 13:51:13.101000,429.9099677146048,101
2024-09-20 13:51:13.170000,429.88236107069775,9
2024-09-20 13:51:13.247000,429.9288786427093,1004
2024-09-20 13:51:13.288000,429.9264786166492,96
2024-09-20 13:51:13.311000,429.9368474402073,1005
2024-09-20 13:51:13.430000,429.94641958182825,1003
2024-09-20 13:51:13.434000,429.9525774382018,14
2024-09-20 13:51:13.438000,429.9393881886917,15
2024-09-20 13:51:13.529000,429.9475956308916,15
2024-09-20 13:51:13.532000,429.94248083522496,10
2024-09-20 13:51:13.539000,429.9422976859631,15
2024-09-20 13:51:13.542000,429.92346095021634,101
2024-09-20 13:51:13.546000,429.90974910636646,102
2024-09-20 13:51:13.568000,429.9381710424435,1001
2024-09-20 13:51:13.580000,429.9345842607026,96
2024-09-20 13:51:13.589000,429.9262733110835,1002
2024-09-20 13:51:13.677000,429.9230903873169,15
2024-09-20 13:51:13.709000,429.8745608253612,98
2024-09-20 13:51:13.710000,429.8745051922787,105
2024-09-20 13:51:13.730000,429.9318666667704,7
2024-09-20 13:51:13.796000,429.8686072063178,9
2024-09-20 13:51:13.835000,429.9405337827017,995
2024-09-20 13:51:13.886000,429.9387688747272,103
2024-09-20 13:51:14.007000,430.0017499161483,9
2024-09-20 13:51:14.061000,430.0008146443486,6
2024-09-20 13:51:14.150000,429.9860021399495,104
2024-09-20 13:51:14.248000,429.9736215141669,13
2024-09-20 13:51:14.355000,429.9806411852185,105
2024-09-20 13:51:14.486000,429.9954042568114,95
2024-09-20 13:51:14.507000,430.0107106178081,13
2024-09-20 13:51:14.526000,429.9632812691645,95
2024-09-20 13:51:14.575000,429.9899470719121,995
2024-09-20 13:51:14.580000,429.9848747017247,14
2024-09-20 13:51:14.613000,429.95346721509935,103
2024-09-20 13:51:14.645000,429.98258712624266,1005
2024-09-20 13:51:14.718000,429.9662298467237,97
2024-09-20 13:51:14.741000,429.9770664458196,998
2024-09-20 13:51:14.763000,430.01812923311456,100
2024-09-20 13:51:14.774000,430.0081824945574,7
2024-09-20 13:51:14.851000,429.9861906896773,97
2024-09-20 13:51:14.905000,429.96873179494617,104
2024-09-20 13:51:14.970000,430.0097299686458,8
2024-09-20 13:51:14.983000,429.943876485758,14
2024-09-20 13:51:15.027000,430.0186719896628,7
2024-09-20 13:51:15.110000,430.015441980045,8
2024-09-20 13:51:15.120000,429.9838741924069,996
2024-09-20 13:51:15.171000,430.0028362969695,103
2024-09-20 13:51:15.220000,430.00193596415033,6
2024-09-20 13:51:15.227000,429.9904599567603,12
2024-09-20 13:51:15.229000,429.9848644010511,1002
2024-09-20 13:51:15.279000,429.9823355580812,105
2024-09-20 13:51:15.332000,429.9769384625468,995
2024-09-20 13:51:15.360000,430.0142388232598,15
2024-09-20 13:51:15.363000,430.00372048239547,997
2024-09-20 13:51:15.408000,429.9982704122032,104
2024-09-20 13:51:15.428000,430.011461482512,99
2024-09-20 13:51:15.496000,430.0005283204478,997
2024-09-20 13:51:15.527000,430.0065642880545,102
2024-09-20 13:51:15.603000,430.00895946030863,96
2024-09-20 13:51:15.680000,429.9713401006884,96
2024-09-20 13:51:15.724000,429.9991147192897,997
2024-09-20 13:51:15.733000,430.0236993477574,9
2024-09-20 13:51:15.756000,429.9960374023036,1002
2024-09-20 13:51:15.756000,429.9949702096728,10
2024-09-20 13:51:15.819000,429.9927790585695,1005
2024-09-20 13:51:15.830000,430.0380367180788,5
2024-09-20 13:51:15.838000,429.9854746102362,95
2024-09-20 13:51:15.901000,430.0069181770118,8
2024-09-20 13:51:15.972000,430.0208927701934,1002
2024-09-20 13:51:16.004000,429.991823539269,1002
2024-09-20 13:51:16.013000,429.9741130617724,1002
2024-09-20 13:51:16.395000,429.97319795004137,6
2024-09-20 13:51:16.838000,429.9817191949654,105
2024-09-20 13:51:16.893000,429.9535609576643,1001
2024-09-20 13:51:16.953000,429.98163508233984,12
2024-09-20 13:51:16.994000,429.9769416342807,99
2024-09-20 13:51:16.999000,430.0055000616616,1000
2024-09-20 13:51:17.014000,429.97251711861,103
2024-09-20 13:51:17.073000,429.946040325373,98
2024-09-20 13:51:17.115000,430.0236714189255,98
2024-09-20 13:51:17.155000,429.9889300759621,105
2024-09-20 13:51:17.203000,429.9748067631006,1005
2024-09-20 13:51:17.256000,429.98734465882114,97
2024-09-20 13:51:17.262000,429.9598337783896,103
2024-09-20 13:51:17.443000,429.9733760459352,996
2024-09-20 13:51:17.786000,429.95523932271306,7
2024-09-20 13:51:17.804000,430.0303613171269,15
2024-09-20 13:51:17.917000,429.9681620620991,1001
2024-09-20 13:51:17.972000,429.97829503121113,14
2024-09-20 13:51:18.051000,430.0536824194676,97
2024-09-20 13:51:18.119000,430.07024643262304,999
2024-09-20 13:51:18.173000,430.04041488489526,996
2024-09-20 13:51:18.251000,430.0516484309755,14
2024-09-20 13:51:18.259000,430.0652520930837,995
2024-09-20 13:51:18.284000,430.04770633199945,99
2024-09-20 13:51:18.295000,430.03876913815225,15
2024-09-20 13:51:18.302000,430.0440202931213,101
2024-09-20 13:51:18.334000,430.0248190281726,996
2024-09-20 13:51:18.390000,430.0443190925065,98
2024-09-20 13:51:18.434000,430.0158416714213,99
2024-09-20 13:51:18.467000,430.0539977567374,12
2024-09-20 13:51:18.472000,430.0340967451974,95
2024-09-20 13:51:18.507000,430.0298359371951,7
2024-09-20 13:51:18.530000,430.0486799035288,7
2024-09-20 13:51:18.535000,430.0442050164917,102
2024-09-20 13:51:18.567000,430.05313005155017,6
2024-09-20 13:51:18.573000,430.04341536585247,998
2024-09-20 13:51:18.597000,430.0632219343206,998
2024-09-20 13:51:18.829000,430.0266095333722,1001
2024-09-20 13:51:18.933000,430.0311658464631,95
2024-09-20 13:51:18.935000,430.0331558600935,96
2024-09-20 13:51:18.951000,430.0553687867562,104
2024-09-20 13:51:18.984000,430.06327487499647,104
2024-09-20 13:51:19.061000,430.1042242062092,15
2024-09-20 13:51:19.069000,430.06293020746784,105
2024-09-20 13:51:19.077000,430.02598034678846,14
2024-09-20 13:51:19.085000,430.0809153530978,95
2024-09-20 13:51:19.115000,430.0548474902464,13
2024-09-20 13:51:19.182000,430.0286089644675,1004
2024-09-20 13:51:19.217000,430.08475178157386,100
2024-09-20 13:51:19.233000,430.0455656486497,15
2024-09-20 13:51:19.271000,430.0284357079191,6
2024-09-20 13:51:19.293000,430.0270312658768,1005
2024-09-20 13:51:19.293000,430.0390210410666,8
2024-09-20 13:51:19.381000,430.0681013408218,997
2024-09-20 13:51:19.392000,430.09262146490096,9
2024-09-20 13:51:19.401000,430.0184698302536,96
2024-09-20 13:51:19.408000,430.0922955537967,104
2024-09-20 13:51:19.445000,430.0369107386402,13
2024-09-20 13:51:19.484000,430.0654079167475,9
2024-09-20 13:51:19.592000,430.0321108872311,1003
2024-09-20 13:51:19.653000,430.0127789355559,1002
2024-09-20 13:51:19.685000,430.0599126028338,1004
2024-09-20 13:51:19.728000,430.0166037013889,999
2024-09-20 13:51:19.781000,430.0416872625662,99
2024-09-20 13:51:19.787000,430.0441920981245,10
2024-09-20 13:51:19.857000,430.0488064815239,95
2024-09-20 13:51:19.910000,430.0571856057754,101
2024-09-20 13:51:19.917000,430.0311372476349,1003
2024-09-20 13:51:19.995000,430.0357000875807,99
2024-09-20 13:51:20.043000,430.119943201144,14
2024-09-20 13:51:20.074000,430.0614451853923,1003
2024-09-20 13:51:20.149000,430.1548234044837,8
2024-09-20 13:51:20.166000,430.14847782531024,9
2024-09-20 13:51:20.181000,430.09886556622496,13
2024-09-20 13:51:20.250000,430.08073267106846,9
2024-09-20 13:51:20.266000,430.0930106840885,96
2024-09-20 13:51:20.309000,430.1238321398431,997
2024-09-20 13:51:20.382000,430.09781415897817,1004
2024-09-20 13:51:20.384000,430.093961053313,1001
2024-09-20 13:51:20.402000,430.0835197305299,1001
2024-09-20 13:51:20.478000,430.11720880296224,104
2024-09-20 13:51:20.490000,430.1005478674813,1000
2024-09-20 13:51:20.497000,430.0931057173956,1004
2024-09-20 13:51:20.614000,430.10933040550987,999
2024-09-20 13:51:20.618000,430.0503417382076,96
2024-09-20 13:51:20.631000,430.0929820848331,11
2024-09-20 13:51:20.673000,430.141204689044,1004
2024-09-20 13:51:20.719000,430.090030658492,8
2024-09-20 13:51:20.951000,430.0612529135215,995
2024-09-20 13:51:21.086000,430.0879815733781,997
2024-09-20 13:51:21.151000,430.0736695126601,1002
2024-09-20 13:51:21.185000,430.0721399226906,104
2024-09-20 13:51:21.237000,430.0665566083345,104
2024-09-20 13:51:21.271000,430.06161669597736,15
2024-09-20 13:51:21.295000,430.07430263154623,1002
2024-09-20 13:51:21.310000,430.04772965374895,100
2024-09-20 13:51:21.396000,430.0840395707939,5
2024-09-20 13:51:21.406000,430.06491572525033,99
2024-09-20 13:51:21.482000,430.07352427457175,6
2024-09-20 13:51:21.506000,430.0736605230655,13
2024-09-20 13:51:21.531000,430.0624659658168,103
2024-09-20 13:51:21.637000,430.06113484140286,995
2024-09-20 13:51:21.702000,430.0802465219615,8
2024-09-20 13:51:21.845000,430.0832435924255,13
2024-09-20 13:51:21.957000,430.0740245234308,995
2024-09-20 13:51:21.983000,430.0869755314468,14
2024-09-20 13:51:22.029000,430.1218657468811,99
2024-09-20 13:51:22.054000,430.07778125404514,12
2024-09-20 13:51:22.058000,430.0832454090482,7
2024-09-20 13:51:22.092000,430.1058186547269,1001
2024-09-20 13:51:22.103000,430.0756885390437,999
2024-09-20 13:51:22.106000,430.0740620620163,1002
2024-09-20 13:51:22.122000,430.06057750248647,11
2024-09-20 13:51:22.190000,430.0799512408429,9
2024-09-20 13:51:22.217000,430.1083625732148,1001
2024-09-20 13:51:22.226000,430.0836169151938,1003
2024-09-20 13:51:22.249000,430.1200359312086,995
2024-09-20 13:51:22.350000,430.11582742075336,997
2024-09-20 13:51:22.380000,430.1097474758193,97
2024-09-20 13:51:22.386000,430.06607315445297,995
2024-09-20 13:51:22.428000,430.1238381980853,7
2024-09-20 13:51:22.456000,430.08693473385927,96
2024-09-20 13:51:22.495000,430.1018181972322,997
2024-09-20 13:51:22.518000,430.11028035271625,95
2024-09-20 13:51:22.534000,430.0785367771267,9
2024-09-20 13:51:22.544000,430.113151440261,7
2024-09-20 13:51:22.650000,430.1073424475124,8
2024-09-20 13:51:22.681000,430.071318209624,96
2024-09-20 13:51:22.734000,430.0976190915842,102
2024-09-20 13:51:22.807000,430.0843167453762,100
2024-09-20 13:51:22.823000,430.0789477957596,100
2024-09-20 13:51:22.920000,430.1033396467236,104
2024-09-20 13:51:22.943000,430.0856057809598,1001
2024-09-20 13:51:22.976000,430.0779151658044,999
2024-09-20 13:51:22.991000,430.066875422146,1004
2024-09-20 13:51:23.069000,430.14605810255387,1004
2024-09-20 13:51:23.078000,430.1492580253481,5
2024-09-20 13:51:23.084000,430.16182945320975,100
2024-09-20 13:51:23.109000,430.147842570199,1003
2024-09-20 13:51:23.283000,430.15990229649424,996
2024-09-20 13:51:23.505000,430.0906892874668,1003
2024-09-20 13:51:23.697000,430.12757511696094,95
2024-09-20 13:51:23.938000,430.1107298534452,97
2024-09-20 13:51:24.001000,430.1278096894828,999
2024-09-20 13:51:24.057000,430.1573565248297,100
2024-09-20 13:51:24.083000,430.1360169547916,1002
2024-09-20 13:51:24.084000,430.1101810582798,14
2024-09-20 13:51:24.099000,430.1010898360697,15
2024-09-20 13:51:24.102000,430.1825073144861,9
2024-09-20 13:51:24.150000,430.0954220105609,98
2024-09-20 13:51:24.231000,430.1155821064496,101
2024-09-20 13:51:24.258000,430.1125553532716,7
2024-09-20 13:51:24.263000,430.1582830401038,100
2024-09-20 13:51:24.345000,430.1086259316891,1004
2024-09-20 13:51:24.390000,430.1158512586756,996
2024-09-20 13:51:24.476000,430.1542880201312,99
2024-09-20 13:51:24.580000,430.12258426530224,102
2024-09-20 13:51:24.640000,430.1490201076692,997
2024-09-20 13:51:24.662000,430.1066031225868,8
2024-09-20 13:51:24.752000,430.10987020115766,104
2024-09-20 13:51:24.790000,430.1404024752296,998
2024-09-20 13:51:24.792000,430.17930987743534,1005
2024-09-20 13:51:24.809000,430.09576405851874,103
2024-09-20 13:51:24.845000,430.1404319187813,999
2024-09-20 13:51:24.846000,430.1254781273608,1003
2024-09-20 13:51:24.878000,430.1533409882616,998
2024-09-20 13:51:24.948000,430.1072221890043,97
2024-09-20 13:51:24.951000,430.1295648754658,1000
2024-09-20 13:51:24.956000,430.1397595500612,103
2024-09-20 13:51:24.981000,430.17992738216986,1001
2024-09-20 13:51:24.990000,430.1363467787229,14
2024-09-20 13:51:24.992000,430.1451475964364,1004
2024-09-20 13:51:25.164000,430.1933620797923,995
2024-09-20 13:51:25.410000,430.16719953063625,998
2024-09-20 13:51:25.627000,430.168591380322,5
2024-09-20 13:51:25.878000,430.1756301225038,102
2024-09-20 13:51:26.300000,430.1219953625555,1001
2024-09-20 13:51:26.612000,430.16886224730143,95
2024-09-20 13:51:26.762000,430.12785709938174,15
2024-09-20 13:51:26.918000,430.15246643136805,1005
2024-09-20 13:51:26.930000,430.1273979880938,1003
2024-09-20 13:51:26.953000,430.153682220868,97
2024-09-20 13:51:27.002000,430.08053378957175,105
2024-09-20 13:51:27.013000,430.0983365621453,95
2024-09-20 13:51:27.040000,430.1034665473102,15
2024-09-20 13:51:27.133000,430.08583508630704,1001
2024-09-20 13:51:27.138000,430.111024738036,100
2024-09-20 13:51:27.142000,430.0855814362214,99
2024-09-20 13:51:27.162000,430.0957323307424,13
2024-09-20 13:51:27.175000,430.0878621412796,9
2024-09-20 13:51:27.216000,430.126131038193,7
2024-09-20 13:51:27.267000,430.1132995726585,11
2024-09-20 13:51:27.270000,430.0742952532368,8
2024-09-20 13:51:27.376000,430.0855895349809,5
2024-09-20 13:51:27.415000,430.1423749094634,1002
2024-09-20 13:51:27.466000,430.1097955513096,996
2024-09-20 13:51:27.544000,430.08398841715854,1004
2024-09-20 13:51:27.732000,430.08737882372617,9
2024-09-20 13:51:27.757000,430.1355377681165,103
2024-09-20 13:51:27.896000,430.0780752681278,8
2024-09-20 13:51:27.899000,430.1084506425176,96
2024-09-20 13:51:27.913000,430.0785047756328,6
2024-09-20 13:51:27.921000,430.1047248384747,105
2024-09-20 13:51:27.989000,430.1265713591373,103
2024-09-20 13:51:28.059000,430.0794646168523,105
2024-09-20 13:51:28.964000,430.0783658355624,13
2024-09-20 13:51:29.001000,430.0665992124654,95
2024-09-20 13:51:29.001000,430.07995750248864,995
2024-09-20 13:51:29.165000,430.1076409381788,1005
2024-09-20 13:51:29.196000,430.094387365289,96
2024-09-20 13:51:29.214000,430.0898896860173,5
2024-09-20 13:51:29.221000,430.0906927524826,96
2024-09-20 13:51:29.260000,430.091917047995,10
2024-09-20 13:51:29.340000,430.114195665085,1004
2024-09-20 13:51:29.457000,430.0766135776238,1004
2024-09-20 13:51:29.502000,430.0585374206268,95
2024-09-20 13:51:29.506000,430.0804335621578,104
2024-09-20 13:51:29.545000,430.1016804989878,105
2024-09-20 13:51:29.831000,430.0750395018569,1001
2024-09-20 13:51:29.864000,430.0699260466351,996
2024-09-20 13:51:29.886000,430.1045296936188,999
2024-09-20 13:51:29.890000,430.0982563211922,6
2024-09-20 13:51:29.906000,430.0845258373134,13
2024-09-20 13:51:29.918000,430.0722080878992,97
2024-09-20 13:51:29.951000,430.0669644721948,103
2024-09-20 13:51:30,430.028999969414,995
2024-09-20 13:51:30.006000,430.018266439492,997
2024-09-20 13:51:30.098000,430.0341122774224,11
2024-09-20 13:51:30.100000,430.0342068053947,97
2024-09-20 13:51:30.328000,430.0450069975413,999
2024-09-20 13:51:30.372000,430.044298525704,7
2024-09-20 13:51:30.430000,430.0292251434311,10
2024-09-20 13:51:30.634000,430.0410086817878,101
2024-09-20 13:51:30.680000,430.0482389931492,102
2024-09-20 13:51:30.780000,430.0262963986204,1000
2024-09-20 13:51:30.784000,430.01109096996,1000
2024-09-20 13:51:30.816000,430.009538354773,97
2024-09-20 13:51:31.102000,430.0392930731358,98
2024-09-20 13:51:31.236000,430.0050587345909,9
2024-09-20 13:51:31.271000,430.0156881251437,7
2024-09-20 13:51:31.333000,430.0174722227547,9
2024-09-20 13:51:31.375000,430.0510803329773,99
2024-09-20 13:51:31.427000,430.0101867375598,11
2024-09-20 13:51:31.445000,430.037583571601,1004
2024-09-20 13:51:31.472000,430.0225033266708,8
2024-09-20 13:51:31.564000,430.0581500691463,105
2024-09-20 13:51:31.566000,429.99936264750255,96
2024-09-20 13:51:31.569000,430.0227715271418,999
2024-09-20 13:51:31.572000,430.008139346327,999
2024-09-20 13:51:31.688000,430.01188839041566,5
2024-09-20 13:51:31.949000,430.024159795822,12
2024-09-20 13:51:32.028000,430.0351521010224,998
2024-09-20 13:51:32.077000,430.0368026651152,6
2024-09-20 13:51:32.133000,429.9777172563088,97
2024-09-20 13:51:32.226000,430.0374890004656,997
2024-09-20 13:51:32.237000,430.0421755942915,1002
2024-09-20 13:51:32.242000,429.99018509573386,1003
2024-09-20 13:51:32.290000,430.0254141425344,15
2024-09-20 13:51:32.356000,430.0486179186954,6
2024-09-20 13:51:32.417000,429.9709786014967,998
2024-09-20 13:51:32.443000,430.0046351643058,9
2024-09-20 13:51:32.479000,430.0003140287185,97
2024-09-20 13:51:32.530000,430.012989301067,102
2024-09-20 13:51:32.540000,430.0108837838312,1001
2024-09-20 13:51:32.550000,429.9994816941144,10
2024-09-20 13:51:32.554000,430.00302887827553,996
2024-09-20 13:51:32.557000,430.01544531077104,98
2024-09-20 13:51:32.706000,429.9820766397533,1005
2024-09-20 13:51:32.848000,430.0324065507708,1003
2024-09-20 13:51:32.850000,430.0377220438271,11
2024-09-20 13:51:32.898000,430.0123533623972,1003
2024-09-20 13:51:33.020000,430.0238257285997,997
2024-09-20 13:51:33.076000,429.9833328134775,96
2024-09-20 13:51:33.084000,430.01272944875336,10
2024-09-20 13:51:33.127000,430.04570731246827,1005
2024-09-20 13:51:33.176000,429.95278678166426,995
2024-09-20 13:51:33.187000,429.9421265128769,997
2024-09-20 13:51:33.203000,429.90225366167766,98
2024-09-20 13:51:33.213000,430.0685965746951,998
2024-09-20 13:51:33.242000,430.0509214772192,1005
2024-09-20 13:51:33.261000,429.8917062956532,1001
2024-09-20 13:51:33.274000,429.9058571927905,998
2024-09-20 13:51:33.279000,429.9014831653877,98
2024-09-20 13:51:33.341000,429.9304046068648,13
2024-09-20 13:51:33.345000,429.89032822055134,105
2024-09-20 13:51:33.422000,430.0606364524357,998
2024-09-20 13:51:33.423000,429.9449873155515,95
2024-09-20 13:51:33.468000,429.8812670798503,1000
2024-09-20 13:51:33.486000,430.005878554577,95
2024-09-20 13:51:33.493000,429.8926146247503,1000
2024-09-20 13:51:33.589000,430.0474061379751,102
2024-09-20 13:51:33.632000,429.9149161440324,995
2024-09-20 13:51:33.686000,429.9574578937468,96
2024-09-20 13:51:33.719000,430.0472276046812,1004
2024-09-20 13:51:33.746000,430.0022481348271,14
2024-09-20 13:51:33.769000,429.96161792998606,6
2024-09-20 13:51:33.790000,429.907377823394,8
2024-09-20 13:51:33.800000,429.8969640148166,12
2024-09-20 13:51:33.864000,429.8986963475832,96
2024-09-20 13:51:34.018000,429.911161339996,99
2024-09-20 13:51:34.070000,429.9692908233779,1001
2024-09-20 13:51:34.129000,429.974299523085,13
2024-09-20 13:51:34.192000,429.9372811343375,997
2024-09-20 13:51:34.511000,429.9111946008263,13
2024-09-20 13:51:34.584000,429.9112325362635,6
2024-09-20 13:51:34.730000,429.89593032060816,995
2024-09-20 13:51:34.746000,429.9715149122579,995
2024-09-20 13:51:34.777000,429.8818303144925,1003
2024-09-20 13:51:34.820000,429.8885639636167,1005
2024-09-20 13:51:34.875000,429.9422118716694,999
2024-09-20 13:51:34.967000,429.9032091223248,1004
2024-09-20 13:51:35.093000,430.016574979174,12
2024-09-20 13:51:35.237000,429.9778629699358,104
2024-09-20 13:51:35.295000,430.0077494364822,1004
2024-09-20 13:51:35.339000,429.9915693013456,102
2024-09-20 13:51:35.486000,429.9877996133473,1000
2024-09-20 13:51:35.576000,430.021480850173,1003
2024-09-20 13:51:35.685000,430.0083252685941,104
2024-09-20 13:51:35.710000,430.0114346671464,1005
2024-09-20 13:51:36.021000,429.9371247945373,9
2024-09-20 13:51:36.089000,429.92436773620034,996
2024-09-20 13:51:36.138000,429.9866873806628,12
2024-09-20 13:51:36.147000,429.99076281419207,5
2024-09-20 13:51:36.154000,429.95715339515584,1003
2024-09-20 13:51:36.222000,429.9606142818903,15
2024-09-20 13:51:36.228000,429.9704160791698,7
2024-09-20 13:51:36.242000,429.9897883108299,14
2024-09-20 13:51:36.300000,430.0121613625725,104
2024-09-20 13:51:36.305000,429.9495300564488,997
2024-09-20 13:51:36.331000,429.99776278876186,9
2024-09-20 13:51:36.429000,430.0100968512128,6
2024-09-20 13:51:36.542000,429.9736181926617,997
2024-09-20 13:51:36.572000,429.91685031224847,101
2024-09-20 13:51:36.602000,429.9950530546646,998
2024-09-20 13:51:36.638000,429.94435735755815,10
2024-09-20 13:51:36.717000,430.0065936126582,6
2024-09-20 13:51:36.778000,429.9319294814269,101
2024-09-20 13:51:36.790000,429.9922000267388,997
2024-09-20 13:51:36.847000,429.9532427516711,105
2024-09-20 13:51:36.848000,430.0073577903206,5
2024-09-20 13:51:36.869000,429.9578503079761,8
2024-09-20 13:51:36.869000,429.9479094327984,96
2024-09-20 13:51:36.968000,429.9469854438632,102
2024-09-20 13:51:36.974000,429.9849420724536,102
2024-09-20 13:51:36.979000,429.9751769941709,100
2024-09-20 13:51:37.153000,430.0040156116216,95
2024-09-20 13:51:37.632000,429.9919859459689,1003
2024-09-20 13:51:37.775000,429.9789313354233,97
2024-09-20 13:51:37.815000,430.0013452523299,1000
2024-09-20 13:51:38.153000,429.9749320185328,1002
2024-09-20 13:51:38.165000,429.9753268323138,7
2024-09-20 13:51:38.679000,429.9877004565697,5
2024-09-20 13:51:38.732000,430.0137078969675,95
2024-09-20 13:51:39.062000,429.9925907366921,14
2024-09-20 13:51:39.064000,429.9944864792421,98
2024-09-20 13:51:39.081000,430.04407653173234,1003
2024-09-20 13:51:39.109000,429.998544971941,104
2024-09-20 13:51:39.113000,430.0538800365389,10
2024-09-20 13:51:39.141000,429.9796517514378,999
2024-09-20 13:51:39.157000,430.018627851024,1003
2024-09-20 13:51:39.204000,430.0218360825386,1000
2024-09-20 13:51:39.214000,430.03083875688014,999
2024-09-20 13:51:39.295000,430.0305460966735,997
2024-09-20 13:51:39.307000,430.0495182737337,13
2024-09-20 13:51:39.370000,430.0069506991518,1000
2024-09-20 13:51:39.442000,430.0105487091554,95
2024-09-20 13:51:39.450000,430.01294848456666,1005
2024-09-20 13:51:39.470000,430.02159270984606,100
2024-09-20 13:51:39.483000,430.04077158670935,102
2024-09-20 13:51:39.488000,430.03352908430463,100
2024-09-20 13:51:39.534000,430.0026465693568,10
2024-09-20 13:51:39.597000,430.00523609098855,6
2024-09-20 13:51:39.633000,430.0100538647046,101
2024-09-20 13:51:39.657000,429.99501731097126,1001
2024-09-20 13:51:39.694000,429.97916286484497,1001
2024-09-20 13:51:39.744000,430.0147880862024,10
2024-09-20 13:51:39.747000,430.0448947916829,15
2024-09-20 13:51:39.794000,429.9949353259803,95
2024-09-20 13:51:39.906000,429.99028055041646,1002
2024-09-20 13:51:39.949000,430.02877653466857,998
2024-09-20 13:51:39.996000,429.9767032583712,5
2024-09-20 13:51:40.080000,430.0509176891177,101
2024-09-20 13:51:40.186000,430.0672892733991,1003
2024-09-20 13:51:40.348000,430.0070604001805,10
2024-09-20 13:51:40.397000,430.03067859905286,102
2024-09-20 13:51:40.696000,430.0336048688892,7
2024-09-20 13:51:41.292000,430.0768496722593,98
2024-09-20 13:51:41.654000,430.0813343202564,15
2024-09-20 13:51:41.722000,430.0963146206004,95
2024-09-20 13:51:41.808000,430.0675453737916,102
2024-09-20 13:51:41.934000,430.0745962564877,9
2024-09-20 13:51:42.019000,430.0959711186325,996
2024-09-20 13:51:42.081000,430.0928624644585,8
2024-09-20 13:51:42.276000,430.09038861966906,103
2024-09-20 13:51:42.495000,430.0948558219831,14
2024-09-20 13:51:42.574000,430.0906219111451,96
2024-09-20 13:51:42.721000,430.0732600639624,995
2024-09-20 13:51:43.036000,430.1099862873084,1005
2024-09-20 13:51:43.058000,430.11975787008174,96
2024-09-20 13:51:43.130000,430.119690369239,6
2024-09-20 13:51:43.148000,430.1119884775993,996
2024-09-20 13:51:43.327000,430.11435076773097,998
2024-09-20 13:51:43.347000,430.1326599253024,1005
2024-09-20 13:51:43.434000,430.1127946027165,99
2024-09-20 13:51:43.530000,430.1065734310051,105
2024-09-20 13:51:43.564000,430.11255281288527,996
2024-09-20 13:51:43.592000,430.0930339863075,1002
2024-09-20 13:51:43.686000,430.1248436983474,1004
2024-09-20 13:51:43.751000,430.11871899055126,8
2024-09-20 13:51:43.807000,430.11848760762206,98
2024-09-20 13:51:43.924000,430.0962677382473,95
2024-09-20 13:51:43.987000,430.0956009007509,996
2024-09-20 13:51:44.010000,430.1095238337261,1001
2024-09-20 13:51:44.201000,430.1322683691627,1005
2024-09-20 13:51:44.352000,430.107684401856,11
2024-09-20 13:51:44.431000,430.1072861375716,6
2024-09-20 13:51:44.494000,430.1375907282102,996
2024-09-20 13:51:44.501000,430.11667119482695,9
2024-09-20 13:51:44.548000,430.1187526141569,104
2024-09-20 13:51:44.560000,430.1006233645112,95
2024-09-20 13:51:44.649000,430.129536568081,997
2024-09-20 13:51:44.734000,430.11096078670266,7
2024-09-20 13:51:44.826000,430.1208090109866,100
2024-09-20 13:51:44.855000,430.1169999822405,99
2024-09-20 13:51:44.892000,430.0972376653097,1000
2024-09-20 13:51:46.056000,430.1438250587959,1003
2024-09-20 13:51:46.177000,430.1340379265205,5
2024-09-20 13:51:46.212000,430.1348785876195,13
2024-09-20 13:51:46.216000,430.1236956358699,103
2024-09-20 13:51:46.303000,430.15041926251,100
2024-09-20 13:51:46.372000,430.1446786755834,9
2024-09-20 13:51:46.459000,430.1530721651695,15
2024-09-20 13:51:46.517000,430.16532885095,97
2024-09-20 13:51:46.534000,430.1427970580575,11
2024-09-20 13:51:46.629000,430.1476593185688,15
2024-09-20 13:51:46.696000,430.12733704914274,1004
2024-09-20 13:51:46.800000,430.1452566010111,13
2024-09-20 13:51:46.921000,430.1430844435105,1001
2024-09-20 13:51:47.022000,430.1604741708394,5
2024-09-20 13:51:47.153000,430.13670126154005,999
2024-09-20 13:51:47.166000,430.13786676694826,13
2024-09-20 13:51:47.200000,430.1431792847965,11
2024-09-20 13:51:47.233000,430.1332896455849,9
2024-09-20 13:51:47.391000,430.1397018773134,1001
2024-09-20 13:51:47.395000,430.1108325715761,100
2024-09-20 13:51:47.466000,430.1417145129489,11
2024-09-20 13:51:47.513000,430.1272341860819,11
2024-09-20 13:51:47.658000,430.146090686055,8
2024-09-20 13:51:47.845000,430.1483536708441,14
2024-09-20 13:51:47.858000,430.1462275883513,99
2024-09-20 13:51:47.949000,430.1463961358439,12
2024-09-20 13:51:47.951000,430.1513729866468,99
2024-09-20 13:51:48.070000,430.1203064422851,8
2024-09-20 13:51:48.338000,430.1369200242531,11
2024-09-20 13:51:48.678000,430.12000797696703,996
2024-09-20 13:51:48.760000,430.1649771925777,1004
2024-09-20 13:51:49.156000,430.1007282723909,9
2024-09-20 13:51:49.160000,430.1189907509053,105
2024-09-20 13:51:49.171000,430.1151300745678,999
2024-09-20 13:51:49.336000,430.1097258182216,99
2024-09-20 13:51:49.547000,430.1269531150994,99
2024-09-20 13:51:49.624000,430.11316189374713,997
2024-09-20 13:51:49.822000,430.1256876394728,998
2024-09-20 13:51:49.947000,430.0951104157968,997
2024-09-20 13:51:50.021000,430.1591767736536,96
2024-09-20 13:51:50.045000,430.08643562763984,999
2024-09-20 13:51:50.062000,430.15314691712894,996
2024-09-20 13:51:50.081000,430.0841523423647,1004
2024-09-20 13:51:50.106000,430.1319926730884,1004
2024-09-20 13:51:50.271000,430.1406316175625,995
2024-09-20 13:51:50.295000,430.09541377408186,95
2024-09-20 13:51:50.297000,430.10513660102737,103
2024-09-20 13:51:50.343000,430.1350045557958,11
2024-09-20 13:51:50.438000,430.0979528482405,96
2024-09-20 13:51:50.458000,430.1401225973391,95
2024-09-20 13:51:50.484000,430.0882486533875,102
2024-09-20 13:51:50.486000,430.1340788738943,7
2024-09-20 13:51:50.523000,430.0992268903991,7
2024-09-20 13:51:50.527000,430.0799841425669,11
2024-09-20 13:51:50.540000,430.0982674731871,101
2024-09-20 13:51:50.571000,430.089961157626,100
2024-09-20 13:51:50.647000,430.10935014039575,97
2024-09-20 13:51:50.684000,430.1504113425611,8
2024-09-20 13:51:50.693000,430.13102492570886,7
2024-09-20 13:51:50.701000,430.1268757659688,1002
2024-09-20 13:51:50.720000,430.11930814611,95
2024-09-20 13:51:50.797000,430.1485993483941,15
2024-09-20 13:51:50.829000,430.0957135750235,1002
2024-09-20 13:51:50.830000,430.1133348016286,1002
2024-09-20 13:51:50.849000,430.0918332358209,1003
2024-09-20 13:51:50.901000,430.1077403287426,12
2024-09-20 13:51:50.906000,430.1499019862501,95
2024-09-20 13:51:50.923000,430.13558140214536,15
2024-09-20 13:51:51.688000,430.1419149423182,1004
2024-09-20 13:51:51.911000,430.1205266382588,10
2024-09-20 13:51:52.001000,430.0748383633896,9
2024-09-20 13:51:52.062000,430.10744228274285,99
2024-09-20 13:51:52.142000,430.0728336593753,15
2024-09-20 13:51:52.149000,430.0758265668972,105
2024-09-20 13:51:52.150000,430.0468099189521,95
2024-09-20 13:51:52.160000,430.115537664301,1001
2024-09-20 13:51:52.177000,430.0747062488135,998
2024-09-20 13:51:52.180000,430.0560951711848,998
2024-09-20 13:51:52.202000,430.0279229337568,102
2024-09-20 13:51:52.249000,430.0448465519439,997
2024-09-20 13:51:52.257000,430.1436333462766,9
2024-09-20 13:51:52.271000,430.0968946616744,998
2024-09-20 13:51:52.340000,430.1009188797358,102
2024-09-20 13:51:52.419000,430.0332493911688,996
2024-09-20 13:51:52.422000,430.0426282008652,10
2024-09-20 13:51:52.450000,430.05519656493726,98
2024-09-20 13:51:52.543000,430.0528795124141,6
2024-09-20 13:51:52.547000,430.0858471670281,999
2024-09-20 13:51:52.552000,430.13234091024685,5
2024-09-20 13:51:52.598000,430.0685449384471,1000
2024-09-20 13:51:52.600000,430.1280328390101,7
2024-09-20 13:51:52.614000,430.0344377902732,7
2024-09-20 13:51:52.836000,430.1451674094608,1004
2024-09-20 13:51:52.848000,430.07848806278383,996
2024-09-20 13:51:52.860000,430.0865857418827,7
2024-09-20 13:51:52.861000,430.067845653709,101
2024-09-20 13:51:52.962000,430.0239999250478,996
2024-09-20 13:51:52.984000,430.0400291090367,6
2024-09-20 13:51:52.997000,430.0489473822067,105
2024-09-20 13:51:53.007000,430.0309881845989,1002
2024-09-20 13:51:53.062000,430.05123541513626,5
2024-09-20 13:51:53.112000,430.07113395227714,99
2024-09-20 13:51:53.118000,430.05595120170847,9
2024-09-20 13:51:53.156000,430.0411240680743,98
2024-09-20 13:51:53.284000,430.0710822187178,98
2024-09-20 13:51:53.347000,430.02650395901753,10
2024-09-20 13:51:53.397000,430.0612164921035,1005
2024-09-20 13:51:53.401000,430.0544030029962,7
2024-09-20 13:51:53.417000,430.0436798806937,12
2024-09-20 13:51:53.499000,430.064813796686,103
2024-09-20 13:51:53.533000,430.0506590949988,1000
2024-09-20 13:51:53.551000,430.0336175083024,99
2024-09-20 13:51:53.589000,430.04259148442,11
2024-09-20 13:51:53.590000,430.0743726323327,1005
2024-09-20 13:51:53.608000,430.0200902266868,1000
2024-09-20 13:51:53.695000,430.0581432379188,1003
2024-09-20 13:51:53.732000,430.0683039237575,13
2024-09-20 13:51:53.732000,430.0799104340759,996
2024-09-20 13:51:53.790000,430.0603494102305,11
2024-09-20 13:51:53.811000,430.0716867532003,1004
2024-09-20 13:51:53.838000,430.02570299377504,15
2024-09-20 13:51:53.841000,430.03284452612405,96
2024-09-20 13:51:53.938000,430.0355421460653,6
2024-09-20 13:51:53.967000,430.02657028958765,999
2024-09-20 13:51:53.995000,430.04011842060527,1002
2024-09-20 13:51:54.255000,430.0324422726434,99
2024-09-20 13:51:54.290000,430.07952561757673,1001
2024-09-20 13:51:54.377000,430.0817942689988,10
2024-09-20 13:51:54.555000,430.0638633490743,1004
2024-09-20 13:51:54.590000,430.0490004846991,1003
2024-09-20 13:51:54.872000,430.04053008572265,996
2024-09-20 13:51:55.071000,430.0946563035348,14
2024-09-20 13:51:55.167000,430.11703802107127,12
2024-09-20 13:51:55.343000,430.0806580746879,11
2024-09-20 13:51:55.511000,430.1021715477421,11
2024-09-20 13:51:55.892000,430.083068829844,96
2024-09-20 13:51:55.978000,430.13449280689366,8
2024-09-20 13:51:56.078000,430.1757643830366,1000
2024-09-20 13:51:56.171000,430.11292902429415,998
2024-09-20 13:51:56.236000,430.1046346192764,103
2024-09-20 13:51:56.349000,430.1675684536234,104
2024-09-20 13:51:56.374000,430.12382534298536,1003
2024-09-20 13:51:56.472000,430.12152028579135,8
2024-09-20 13:51:56.577000,430.13496584314015,997
2024-09-20 13:51:56.701000,430.1160167611929,9
2024-09-20 13:51:56.711000,430.15033458670894,1002
2024-09-20 13:51:56.739000,430.15322104721247,96
2024-09-20 13:51:56.753000,430.1240672777317,5
2024-09-20 13:51:56.821000,430.1163453471159,15
2024-09-20 13:51:56.823000,430.115647452919,96
2024-09-20 13:51:56.833000,430.13172163949446,1004
2024-09-20 13:51:56.884000,430.1140100861297,97
2024-09-20 13:51:57.078000,430.1854093020559,100
2024-09-20 13:51:57.087000,430.23061451557,8
2024-09-20 13:51:57.171000,430.248499419348,995
2024-09-20 13:51:57.211000,430.21708252836623,5
2024-09-20 13:51:57.218000,430.2170174935887,1002
2024-09-20 13:51:57.225000,430.2505424209304,97
2024-09-20 13:51:57.295000,430.22393154573854,98
2024-09-20 13:51:57.302000,430.2045912551403,104
2024-09-20 13:51:57.313000,430.23474588333386,15
2024-09-20 13:51:57.435000,430.226399248913,100
2024-09-20 13:51:57.438000,430.23753366405606,998
2024-09-20 13:51:57.492000,430.2149930652405,10
2024-09-20 13:51:57.513000,430.2481681244138,99
2024-09-20 13:51:57.545000,430.24055242386936,999
2024-09-20 13:51:57.605000,430.2264055930113,11
2024-09-20 13:51:57.655000,430.22240047576827,999
2024-09-20 13:51:57.676000,430.22278547076814,105
2024-09-20 13:51:57.686000,430.2202989532997,11
2024-09-20 13:51:57.694000,430.23612319021976,104
2024-09-20 13:51:57.711000,430.2231793138431,98
2024-09-20 13:51:57.794000,430.2284625429642,103
2024-09-20 13:51:57.916000,430.22814543908646,105
2024-09-20 13:51:57.919000,430.2150212538263,1000
2024-09-20 13:51:57.969000,430.2184222100833,8
2024-09-20 13:51:57.978000,430.22571058788577,103
2024-09-20 13:51:57.996000,430.21965411943785,15
2024-09-20 13:51:58.039000,430.1911403208001,1001
2024-09-20 13:51:58.057000,430.1959801460508,96
2024-09-20 13:51:58.153000,430.14857019162673,6
2024-09-20 13:51:58.161000,430.1166697107331,997
2024-09-20 13:51:58.176000,430.09050346315087,8
2024-09-20 13:51:58.234000,430.1491384136938,95
2024-09-20 13:51:58.243000,430.0811387443813,102
2024-09-20 13:51:58.260000,430.0869071958125,100
2024-09-20 13:51:58.285000,430.1143643923973,996
2024-09-20 13:51:58.313000,430.2000000288064,996
2024-09-20 13:51:58.354000,430.1130231138604,99
2024-09-20 13:51:58.367000,430.084762409812,999
2024-09-20 13:51:58.372000,430.2140280373253,103
2024-09-20 13:51:58.427000,430.1184731138112,12
2024-09-20 13:51:58.471000,430.2123945855672,98
2024-09-20 13:51:58.485000,430.0893042903292,10
2024-09-20 13:51:58.514000,430.0792012413432,997
2024-09-20 13:51:58.582000,430.1695704324082,104
2024-09-20 13:51:58.607000,430.1946581944601,1002
2024-09-20 13:51:58.727000,430.1907359236349,1005
2024-09-20 13:51:58.739000,430.1271744451079,10
2024-09-20 13:51:58.756000,430.1142626053004,1005
2024-09-20 13:51:58.776000,430.2086644730583,1003
2024-09-20 13:51:58.817000,430.1940893181905,1000
2024-09-20 13:51:58.825000,430.1196178377287,1003
2024-09-20 13:51:58.905000,430.1522198198451,999
2024-09-20 13:51:58.977000,430.0662621795778,1003
2024-09-20 13:51:59.032000,430.1007381400554,97
2024-09-20 13:51:59.096000,430.1195704323875,101
2024-09-20 13:51:59.113000,430.1342179624862,15
2024-09-20 13:51:59.129000,430.1322754428686,102
2024-09-20 13:51:59.153000,430.1281012467858,104
2024-09-20 13:51:59.171000,430.11355616271305,103
2024-09-20 13:51:59.207000,430.0775314957987,96
2024-09-20 13:51:59.260000,430.1210901501076,7
2024-09-20 13:51:59.349000,430.1338238281846,13
2024-09-20 13:51:59.428000,430.0960321942992,96
2024-09-20 13:51:59.464000,430.09847208648887,101
2024-09-20 13:51:59.551000,430.123765054146,14
2024-09-20 13:51:59.599000,430.1269010525797,12
2024-09-20 13:51:59.649000,430.1029365721653,1004
2024-09-20 13:51:59.680000,430.13488600458754,100
2024-09-20 13:51:59.688000,430.0850742206096,1004
2024-09-20 13:51:59.754000,430.088519917688,6
2024-09-20 13:51:59.791000,430.0994429843293,15
2024-09-20 13:51:59.805000,430.12986331438174,998
2024-09-20 13:51:59.856000,430.08226890488726,1003
2024-09-20 13:51:59.857000,430.1126750883953,14
2024-09-20 13:51:59.902000,430.1056256160479,6
2024-09-20 13:51:59.943000,430.07934216666166,104
2024-09-20 13:51:59.969000,430.0920078924504,1000
