Timestamp,Price,Size
2024-09-18 12:34:00.102000,416.125571710982,95
2024-09-18 12:34:00.214000,416.14374440336246,5
2024-09-18 12:34:00.222000,416.1408484886997,98
2024-09-18 12:34:00.259000,416.1675694902722,13
2024-09-18 12:34:00.307000,416.1522749129458,995
2024-09-18 12:34:00.317000,416.1256680914401,10
2024-09-18 12:34:00.414000,416.1403813863157,14
2024-09-18 12:34:00.435000,416.156489203526,97
2024-09-18 12:34:00.505000,416.1451816392697,14
2024-09-18 12:34:00.517000,416.14270687757966,995
2024-09-18 12:34:00.548000,416.1494140567273,102
2024-09-18 12:34:00.565000,416.12481427299446,1002
2024-09-18 12:34:00.627000,416.162005588246,15
2024-09-18 12:34:00.752000,416.1382453877482,998
2024-09-18 12:34:00.768000,416.1739403229262,14
2024-09-18 12:34:00.796000,416.15655415245845,97
2024-09-18 12:34:00.853000,416.1444831090416,105
2024-09-18 12:34:00.939000,416.152124158599,10
2024-09-18 12:34:01.141000,416.1354841180169,14
2024-09-18 12:34:01.201000,416.149668847282,9
2024-09-18 12:34:01.313000,416.1973613023213,96
2024-09-18 12:34:01.404000,416.1516892917453,7
2024-09-18 12:34:01.440000,416.1481752360181,6
2024-09-18 12:34:01.449000,416.1447503500671,6
2024-09-18 12:34:01.537000,416.1377093221273,1001
2024-09-18 12:34:01.637000,416.1657449787278,1003
2024-09-18 12:34:01.673000,416.1734950002848,1003
2024-09-18 12:34:01.721000,416.1664941799782,99
2024-09-18 12:34:01.746000,416.143007499628,1004
2024-09-18 12:34:01.760000,416.15348728219743,100
2024-09-18 12:34:01.825000,416.13387725118366,999
2024-09-18 12:34:01.846000,416.1892619717456,102
2024-09-18 12:34:01.863000,416.1705178821583,100
2024-09-18 12:34:01.982000,416.1507689706661,995
2024-09-18 12:34:02.154000,416.1572375373133,996
2024-09-18 12:34:02.558000,416.12835086082026,7
2024-09-18 12:34:02.659000,416.16102112050186,11
2024-09-18 12:34:02.776000,416.14120650273975,95
2024-09-18 12:34:02.792000,416.1351490494501,11
2024-09-18 12:34:02.823000,416.1258942912568,105
2024-09-18 12:34:03.045000,416.1191832493993,97
2024-09-18 12:34:03.099000,416.1135662925947,10
2024-09-18 12:34:03.215000,416.1199921165,10
2024-09-18 12:34:03.451000,416.0879413606572,6
2024-09-18 12:34:03.748000,416.1425865469915,98
2024-09-18 12:34:04.033000,416.0827727175188,5
2024-09-18 12:34:04.113000,416.0819340192162,96
2024-09-18 12:34:04.128000,416.0748510044351,103
2024-09-18 12:34:04.186000,416.0790990005195,996
2024-09-18 12:34:04.476000,416.07752893830593,995
2024-09-18 12:34:04.530000,416.0768218773544,1002
2024-09-18 12:34:04.790000,416.079367606017,1002
2024-09-18 12:34:05.017000,416.07585138883576,100
2024-09-18 12:34:05.154000,416.0895910845221,102
2024-09-18 12:34:05.232000,416.0805104533664,1000
2024-09-18 12:34:05.258000,416.082131108184,12
2024-09-18 12:34:05.263000,416.0907133475336,100
2024-09-18 12:34:05.288000,416.1454785694456,14
2024-09-18 12:34:05.296000,416.0910184408099,1002
2024-09-18 12:34:05.431000,416.1135190532148,8
2024-09-18 12:34:05.484000,416.1099612562274,97
2024-09-18 12:34:05.518000,416.1025180044234,99
2024-09-18 12:34:05.607000,416.1144586736021,12
2024-09-18 12:34:05.613000,416.0811766900663,102
2024-09-18 12:34:05.681000,416.0823826985472,1004
2024-09-18 12:34:05.758000,416.1132379599874,999
2024-09-18 12:34:05.789000,416.1230658266893,15
2024-09-18 12:34:05.817000,416.1049347605863,12
2024-09-18 12:34:05.820000,416.1256219379888,103
2024-09-18 12:34:05.830000,416.0701918718544,102
2024-09-18 12:34:05.926000,416.1400966031304,104
2024-09-18 12:34:06.021000,416.0853585037408,97
2024-09-18 12:34:06.160000,416.1011146379922,14
2024-09-18 12:34:06.166000,416.1280231275575,6
2024-09-18 12:34:06.191000,416.14602859912463,99
2024-09-18 12:34:06.234000,416.09294977827045,8
2024-09-18 12:34:06.237000,416.1238374195528,11
2024-09-18 12:34:06.238000,416.1448390082335,100
2024-09-18 12:34:06.248000,416.16609855479663,98
2024-09-18 12:34:06.373000,416.12372297178223,12
2024-09-18 12:34:06.548000,416.1052137513696,997
2024-09-18 12:34:06.569000,416.1695106317474,998
2024-09-18 12:34:06.572000,416.10212563193534,12
2024-09-18 12:34:06.657000,416.11557908203554,13
2024-09-18 12:34:06.694000,416.1575140100538,6
2024-09-18 12:34:06.736000,416.15890462325706,14
2024-09-18 12:34:06.842000,416.1428183769651,12
2024-09-18 12:34:06.859000,416.0977063063428,1004
2024-09-18 12:34:06.940000,416.16424044311793,105
2024-09-18 12:34:06.984000,416.1469000182604,1002
2024-09-18 12:34:07.141000,416.14554495354383,13
2024-09-18 12:34:07.480000,416.14407584216417,996
2024-09-18 12:34:07.506000,416.17233699364783,99
2024-09-18 12:34:07.624000,416.1462861594497,1002
2024-09-18 12:34:07.942000,416.1635419472206,1005
2024-09-18 12:34:07.969000,416.15540050230686,9
2024-09-18 12:34:07.998000,416.1354841516468,9
2024-09-18 12:34:08.123000,416.1251099099151,999
2024-09-18 12:34:08.245000,416.1715897450051,996
2024-09-18 12:34:08.315000,416.1645407259158,96
2024-09-18 12:34:08.338000,416.19210353314656,10
2024-09-18 12:34:08.362000,416.19843125477,1005
2024-09-18 12:34:08.469000,416.1685693418144,6
2024-09-18 12:34:08.567000,416.13093500040793,996
2024-09-18 12:34:08.607000,416.1672439731848,9
2024-09-18 12:34:08.715000,416.14479337535306,995
2024-09-18 12:34:08.818000,416.165671007302,14
2024-09-18 12:34:08.818000,416.1812102177044,995
2024-09-18 12:34:08.850000,416.1816236197152,7
2024-09-18 12:34:08.901000,416.1595541354792,10
2024-09-18 12:34:09.002000,416.1255486496179,97
2024-09-18 12:34:09.040000,416.0875654843186,999
2024-09-18 12:34:09.050000,416.1121892495622,97
2024-09-18 12:34:09.085000,416.087418916918,996
2024-09-18 12:34:09.088000,416.1243068237216,101
2024-09-18 12:34:09.107000,416.16233549216736,999
2024-09-18 12:34:09.223000,416.1425297983962,998
2024-09-18 12:34:09.263000,416.1694040213307,1002
2024-09-18 12:34:09.350000,416.11459494106936,104
2024-09-18 12:34:09.358000,416.06610003032125,12
2024-09-18 12:34:09.377000,416.1002830466254,996
2024-09-18 12:34:09.380000,416.12376688297576,5
2024-09-18 12:34:09.426000,416.12658109621685,101
2024-09-18 12:34:09.447000,416.0809880738566,13
2024-09-18 12:34:09.455000,416.10293567374737,14
2024-09-18 12:34:09.503000,416.1059362494178,997
2024-09-18 12:34:09.522000,416.1151962304434,100
2024-09-18 12:34:09.566000,416.0985861197204,101
2024-09-18 12:34:09.587000,416.1178150870528,995
2024-09-18 12:34:09.606000,416.163635308742,14
2024-09-18 12:34:09.669000,416.07773385946257,998
2024-09-18 12:34:09.691000,416.0954818607893,6
2024-09-18 12:34:09.695000,416.0831560784886,11
2024-09-18 12:34:09.794000,416.1671897008201,998
2024-09-18 12:34:09.813000,416.1235430522223,98
2024-09-18 12:34:09.848000,416.157795245144,12
2024-09-18 12:34:09.850000,416.0893632354997,100
2024-09-18 12:34:09.945000,416.1545749849279,998
2024-09-18 12:34:09.973000,416.1664115418572,11
2024-09-18 12:34:10.075000,416.0480744644413,99
2024-09-18 12:34:10.080000,416.04979552831946,100
2024-09-18 12:34:10.130000,416.0527961854348,1004
2024-09-18 12:34:10.178000,416.0628989925884,6
2024-09-18 12:34:10.194000,416.070943247758,100
2024-09-18 12:34:10.294000,416.0595443608033,14
2024-09-18 12:34:10.316000,416.0548800049884,96
2024-09-18 12:34:10.395000,416.0476994360092,10
2024-09-18 12:34:10.466000,416.0381273437876,14
2024-09-18 12:34:10.654000,416.0607866538522,95
2024-09-18 12:34:10.710000,416.0418119143351,1002
2024-09-18 12:34:10.726000,416.03739296740696,11
2024-09-18 12:34:10.755000,416.05499810203713,995
2024-09-18 12:34:10.808000,416.07674805765606,104
2024-09-18 12:34:10.835000,416.0411622376165,104
2024-09-18 12:34:10.896000,416.0544248026805,1000
2024-09-18 12:34:10.969000,416.0352074429198,1001
2024-09-18 12:34:11.885000,416.0465707370162,997
2024-09-18 12:34:11.952000,416.0478120744816,997
2024-09-18 12:34:12.048000,416.0030106994014,101
2024-09-18 12:34:12.136000,416.0307256638173,996
2024-09-18 12:34:12.177000,416.0070821857771,8
2024-09-18 12:34:12.183000,416.013678520188,995
2024-09-18 12:34:12.225000,416.09239798594416,998
2024-09-18 12:34:12.307000,416.09221214612296,8
2024-09-18 12:34:12.341000,416.01010201626417,12
2024-09-18 12:34:12.385000,416.08923913396507,103
2024-09-18 12:34:12.415000,416.07583773839167,103
2024-09-18 12:34:12.457000,416.07911945598426,7
2024-09-18 12:34:12.522000,416.0584648988504,1005
2024-09-18 12:34:12.611000,416.0659762748815,102
2024-09-18 12:34:12.618000,416.0821455253964,8
2024-09-18 12:34:12.651000,416.0676466356946,11
2024-09-18 12:34:12.707000,416.05426710609015,101
2024-09-18 12:34:12.719000,416.05564419568776,98
2024-09-18 12:34:12.740000,416.0166839262892,9
2024-09-18 12:34:12.788000,416.0645943775477,104
2024-09-18 12:34:12.795000,416.0191078046849,996
2024-09-18 12:34:12.814000,416.1031323458083,999
2024-09-18 12:34:12.846000,416.0562313369156,997
2024-09-18 12:34:12.947000,416.0784618881733,97
2024-09-18 12:34:13.107000,416.01669775170046,15
2024-09-18 12:34:13.237000,416.089936998564,99
2024-09-18 12:34:13.263000,416.0931133786017,97
2024-09-18 12:34:13.278000,416.01683427658753,105
2024-09-18 12:34:13.305000,416.05438110858825,996
2024-09-18 12:34:13.309000,416.0313331164024,995
2024-09-18 12:34:13.611000,416.037081895066,1002
2024-09-18 12:34:13.691000,416.0411075642608,999
2024-09-18 12:34:13.826000,416.01931994249264,6
2024-09-18 12:34:13.907000,416.010171485634,1002
2024-09-18 12:34:13.907000,416.0210751753368,97
2024-09-18 12:34:14.045000,416.0595091529046,96
2024-09-18 12:34:14.095000,416.0825016833939,96
2024-09-18 12:34:14.290000,416.0762010896685,15
2024-09-18 12:34:14.424000,416.0666731719467,100
2024-09-18 12:34:14.461000,416.0569648308808,101
2024-09-18 12:34:14.476000,416.0699793306911,95
2024-09-18 12:34:14.510000,416.0716337564158,1005
2024-09-18 12:34:14.525000,416.0634267014091,96
2024-09-18 12:34:14.563000,416.0832515159453,13
2024-09-18 12:34:14.672000,416.07628811865874,1002
2024-09-18 12:34:14.678000,416.06844791050247,10
2024-09-18 12:34:14.771000,416.0786186946544,1000
2024-09-18 12:34:14.792000,416.0508147434852,104
2024-09-18 12:34:14.829000,416.06774729292505,101
2024-09-18 12:34:14.869000,416.0700085270074,98
2024-09-18 12:34:14.956000,416.0652921989955,14
2024-09-18 12:34:14.961000,416.051086468396,97
2024-09-18 12:34:14.973000,416.0441606886598,13
2024-09-18 12:34:15.238000,416.0744918939928,1001
2024-09-18 12:34:15.404000,416.0839167276394,7
2024-09-18 12:34:15.573000,416.0774737311647,15
2024-09-18 12:34:15.603000,416.0621722696608,97
2024-09-18 12:34:15.705000,416.05722589168965,998
2024-09-18 12:34:15.726000,416.0700865183391,997
2024-09-18 12:34:15.884000,416.08072820095873,96
2024-09-18 12:34:15.969000,416.0726695550129,999
2024-09-18 12:34:16.019000,416.11498411024473,96
2024-09-18 12:34:16.023000,416.19030821498967,14
2024-09-18 12:34:16.053000,416.1423101909876,101
2024-09-18 12:34:16.143000,416.1661746221304,105
2024-09-18 12:34:16.300000,416.15253256112464,1001
2024-09-18 12:34:16.317000,416.09544300586856,99
2024-09-18 12:34:16.326000,416.1078203119654,5
2024-09-18 12:34:16.451000,416.1232423799208,10
2024-09-18 12:34:16.470000,416.204046447295,98
2024-09-18 12:34:16.550000,416.103125159737,997
2024-09-18 12:34:16.580000,416.1372122701488,1002
2024-09-18 12:34:16.640000,416.1674315151865,98
2024-09-18 12:34:16.795000,416.1683804819708,12
2024-09-18 12:34:16.926000,416.200788547948,12
2024-09-18 12:34:16.928000,416.1714007851778,5
2024-09-18 12:34:16.937000,416.1767101592099,13
2024-09-18 12:34:16.953000,416.1990432689034,100
2024-09-18 12:34:16.986000,416.12135112978615,995
2024-09-18 12:34:17.007000,416.2264389467576,104
2024-09-18 12:34:17.076000,416.2094160643167,998
2024-09-18 12:34:17.093000,416.2408296123984,5
2024-09-18 12:34:17.097000,416.2146484020422,998
2024-09-18 12:34:17.243000,416.2086024838864,995
2024-09-18 12:34:17.499000,416.2267997935823,98
2024-09-18 12:34:17.649000,416.209609163643,103
2024-09-18 12:34:17.717000,416.2232576715651,99
2024-09-18 12:34:18.003000,416.183417799157,996
2024-09-18 12:34:18.027000,416.1659868269,105
2024-09-18 12:34:18.064000,416.1816885395591,1003
2024-09-18 12:34:18.089000,416.213288534546,99
2024-09-18 12:34:18.181000,416.1800909409912,101
2024-09-18 12:34:18.213000,416.1921241153443,11
2024-09-18 12:34:18.287000,416.22024241823095,104
2024-09-18 12:34:18.291000,416.1928649757791,1004
2024-09-18 12:34:18.310000,416.1838872518189,1001
2024-09-18 12:34:18.429000,416.1949445277469,105
2024-09-18 12:34:18.516000,416.1947979988242,10
2024-09-18 12:34:18.520000,416.1951552538064,98
2024-09-18 12:34:18.564000,416.1972362056739,1000
2024-09-18 12:34:18.574000,416.1926661514143,1004
2024-09-18 12:34:18.776000,416.17877104851607,995
2024-09-18 12:34:18.819000,416.1759720266454,7
2024-09-18 12:34:18.876000,416.1872411592486,9
2024-09-18 12:34:18.946000,416.1634703400544,1003
2024-09-18 12:34:18.950000,416.2148953847985,12
2024-09-18 12:34:18.961000,416.2187808250404,997
2024-09-18 12:34:19.154000,416.2739363559678,15
2024-09-18 12:34:19.167000,416.2082274709917,11
2024-09-18 12:34:19.194000,416.1895388134681,97
2024-09-18 12:34:19.256000,416.24779730044247,12
2024-09-18 12:34:19.267000,416.20399624948345,13
2024-09-18 12:34:19.333000,416.2106100548161,996
2024-09-18 12:34:19.357000,416.2226230950225,1005
2024-09-18 12:34:19.394000,416.21143032964176,13
2024-09-18 12:34:19.417000,416.1877119127957,104
2024-09-18 12:34:19.443000,416.2332094401985,9
2024-09-18 12:34:19.467000,416.2265736052601,13
2024-09-18 12:34:19.501000,416.2019702968108,105
2024-09-18 12:34:19.552000,416.211102567481,995
2024-09-18 12:34:19.594000,416.20272175354944,1005
2024-09-18 12:34:19.634000,416.2274779953543,96
2024-09-18 12:34:19.724000,416.2150231248111,103
2024-09-18 12:34:19.733000,416.21510955395263,9
2024-09-18 12:34:19.889000,416.2196212845224,999
2024-09-18 12:34:19.961000,416.2389467805763,95
2024-09-18 12:34:19.972000,416.2615767852098,1000
2024-09-18 12:34:20.024000,416.2731934909529,1005
2024-09-18 12:34:20.166000,416.25875610817286,12
2024-09-18 12:34:20.219000,416.283259039588,95
2024-09-18 12:34:20.264000,416.29511140402633,95
2024-09-18 12:34:20.289000,416.2697007834873,1001
2024-09-18 12:34:20.397000,416.304946064796,100
2024-09-18 12:34:20.532000,416.3151100524973,104
2024-09-18 12:34:20.588000,416.3157583650155,1003
2024-09-18 12:34:20.608000,416.2877706728011,8
2024-09-18 12:34:20.999000,416.3199600430807,11
2024-09-18 12:34:21.004000,416.2653499138654,13
2024-09-18 12:34:21.167000,416.24375529750455,9
2024-09-18 12:34:21.245000,416.2375542651291,14
2024-09-18 12:34:21.252000,416.2765878994055,10
2024-09-18 12:34:21.271000,416.2092390946899,14
2024-09-18 12:34:21.316000,416.2168574274568,14
2024-09-18 12:34:21.322000,416.2507417429309,995
2024-09-18 12:34:21.435000,416.2690511071616,15
2024-09-18 12:34:21.474000,416.2755977503575,105
2024-09-18 12:34:21.532000,416.2886113136855,1000
2024-09-18 12:34:21.543000,416.267311380931,96
2024-09-18 12:34:21.583000,416.2320242075837,13
2024-09-18 12:34:21.586000,416.22324479464527,15
2024-09-18 12:34:21.587000,416.2217222174102,5
2024-09-18 12:34:21.625000,416.2991381535589,95
2024-09-18 12:34:21.633000,416.27354651071767,998
2024-09-18 12:34:21.638000,416.2764706017484,12
2024-09-18 12:34:21.661000,416.23448575602754,996
2024-09-18 12:34:21.673000,416.2281552734772,6
2024-09-18 12:34:21.676000,416.2930208319498,100
2024-09-18 12:34:21.701000,416.2212228719165,999
2024-09-18 12:34:21.711000,416.2978931255853,101
2024-09-18 12:34:21.712000,416.2329086513151,997
2024-09-18 12:34:21.725000,416.23121288607234,995
2024-09-18 12:34:21.850000,416.2863257640024,998
2024-09-18 12:34:21.863000,416.2288467934268,99
2024-09-18 12:34:21.988000,416.2604526017748,1002
2024-09-18 12:34:22.213000,416.2880159267716,999
2024-09-18 12:34:22.382000,416.3085552728768,100
2024-09-18 12:34:22.496000,416.3108366767004,995
2024-09-18 12:34:22.715000,416.3027835399696,99
2024-09-18 12:34:22.757000,416.30656984598585,1004
2024-09-18 12:34:23.004000,416.2021341209828,102
2024-09-18 12:34:23.007000,416.23861795004746,99
2024-09-18 12:34:23.017000,416.1950414143803,6
2024-09-18 12:34:23.037000,416.1544912289134,1001
2024-09-18 12:34:23.060000,416.1655521319816,1003
2024-09-18 12:34:23.065000,416.22106522496,10
2024-09-18 12:34:23.068000,416.1947284351818,1001
2024-09-18 12:34:23.160000,416.2217920277814,999
2024-09-18 12:34:23.211000,416.2639005510973,95
2024-09-18 12:34:23.314000,416.1737633065724,998
2024-09-18 12:34:23.473000,416.252403064787,8
2024-09-18 12:34:23.512000,416.19815543086594,1000
2024-09-18 12:34:23.585000,416.172087872902,6
2024-09-18 12:34:23.593000,416.2164404038649,13
2024-09-18 12:34:23.597000,416.27369745499374,101
2024-09-18 12:34:23.602000,416.1978246999748,104
2024-09-18 12:34:23.728000,416.255289188599,104
2024-09-18 12:34:23.753000,416.1531394529035,105
2024-09-18 12:34:23.852000,416.1667981221082,10
2024-09-18 12:34:23.858000,416.1354166488583,95
2024-09-18 12:34:23.885000,416.1795071992431,98
2024-09-18 12:34:24.092000,416.1642040963005,995
2024-09-18 12:34:24.238000,416.1724729926332,1002
2024-09-18 12:34:24.358000,416.175573823017,997
2024-09-18 12:34:24.642000,416.1873682394549,8
2024-09-18 12:34:24.658000,416.2062703094385,101
2024-09-18 12:34:24.686000,416.1798425292685,99
2024-09-18 12:34:24.710000,416.18247183097054,1002
2024-09-18 12:34:24.909000,416.16554451749926,101
2024-09-18 12:34:24.949000,416.194669088498,12
2024-09-18 12:34:25.002000,416.14241215832607,1002
2024-09-18 12:34:25.233000,416.1474227207249,1004
2024-09-18 12:34:25.306000,416.1832795902075,12
2024-09-18 12:34:25.334000,416.19015884933407,998
2024-09-18 12:34:25.418000,416.1428688424302,98
2024-09-18 12:34:25.500000,416.1616958364704,999
2024-09-18 12:34:25.516000,416.1261625283567,999
2024-09-18 12:34:25.558000,416.14875335424085,1005
2024-09-18 12:34:25.567000,416.15252770513735,99
2024-09-18 12:34:25.576000,416.1570106995282,95
2024-09-18 12:34:25.592000,416.1826711067728,15
2024-09-18 12:34:25.594000,416.14143162628807,100
2024-09-18 12:34:25.604000,416.1455637899323,1001
2024-09-18 12:34:25.624000,416.14164701645,1005
2024-09-18 12:34:25.636000,416.1156769309457,1004
2024-09-18 12:34:25.667000,416.1776512207469,14
2024-09-18 12:34:25.679000,416.1292370176933,99
2024-09-18 12:34:25.730000,416.1190545619914,6
2024-09-18 12:34:25.756000,416.1720304412793,14
2024-09-18 12:34:25.764000,416.19895436145725,95
2024-09-18 12:34:25.770000,416.1399019446506,98
2024-09-18 12:34:25.770000,416.142423897928,99
2024-09-18 12:34:25.874000,416.1338660491063,9
2024-09-18 12:34:25.942000,416.14418899549,9
2024-09-18 12:34:25.958000,416.1555854234944,103
2024-09-18 12:34:25.972000,416.1608751742589,10
2024-09-18 12:34:26.295000,416.15299837210944,999
2024-09-18 12:34:26.866000,416.1615690799487,96
2024-09-18 12:34:27.168000,416.165790903068,7
2024-09-18 12:34:27.496000,416.1821705241764,95
2024-09-18 12:34:27.819000,416.16296760403975,104
2024-09-18 12:34:28.004000,416.1695579819434,1005
2024-09-18 12:34:28.009000,416.1759587690102,15
2024-09-18 12:34:28.074000,416.1486860323572,98
2024-09-18 12:34:28.129000,416.19672279022126,95
2024-09-18 12:34:28.187000,416.1486341049825,6
2024-09-18 12:34:28.216000,416.1898671911006,7
2024-09-18 12:34:28.222000,416.18951451341786,98
2024-09-18 12:34:28.229000,416.16983270279695,9
2024-09-18 12:34:28.246000,416.1659129554157,10
2024-09-18 12:34:28.253000,416.1998025398693,98
2024-09-18 12:34:28.297000,416.1621528276967,5
2024-09-18 12:34:28.322000,416.1661115169159,997
2024-09-18 12:34:28.522000,416.16599514128177,998
2024-09-18 12:34:28.584000,416.2043256437893,101
2024-09-18 12:34:28.659000,416.2085931997649,1001
2024-09-18 12:34:28.777000,416.1678041659064,997
2024-09-18 12:34:28.779000,416.1802636262002,97
2024-09-18 12:34:28.831000,416.1767165759684,1005
2024-09-18 12:34:28.847000,416.16090894919694,12
2024-09-18 12:34:28.873000,416.18384020277966,15
2024-09-18 12:34:28.875000,416.1946302021842,5
2024-09-18 12:34:28.905000,416.15490561897786,1000
2024-09-18 12:34:28.908000,416.1610780660307,102
2024-09-18 12:34:29.081000,416.2138034170734,998
2024-09-18 12:34:29.103000,416.2221677111903,9
2024-09-18 12:34:29.121000,416.2024801363594,11
2024-09-18 12:34:29.143000,416.2137726335954,102
2024-09-18 12:34:29.179000,416.2389601126237,1004
2024-09-18 12:34:29.196000,416.2329480980929,104
2024-09-18 12:34:29.262000,416.2085326459758,103
2024-09-18 12:34:29.332000,416.2124016347649,995
2024-09-18 12:34:29.333000,416.2814725894589,95
2024-09-18 12:34:29.347000,416.31655495739074,998
2024-09-18 12:34:29.368000,416.28640474557807,103
2024-09-18 12:34:29.376000,416.2552682329815,7
2024-09-18 12:34:29.411000,416.2682365287412,995
2024-09-18 12:34:29.456000,416.2799276835109,15
2024-09-18 12:34:29.519000,416.3405808041674,7
2024-09-18 12:34:29.540000,416.2712916738907,15
2024-09-18 12:34:29.560000,416.3164374400481,100
2024-09-18 12:34:29.586000,416.2295367691258,10
2024-09-18 12:34:29.598000,416.2116607123807,1004
2024-09-18 12:34:29.654000,416.2279342054263,100
2024-09-18 12:34:29.734000,416.2201506647391,1001
2024-09-18 12:34:29.844000,416.2098526622013,99
2024-09-18 12:34:29.847000,416.25127488178936,1004
2024-09-18 12:34:29.938000,416.1907543607592,10
2024-09-18 12:34:29.954000,416.22581717605806,96
2024-09-18 12:34:29.984000,416.1945732804959,96
2024-09-18 12:34:30.033000,416.24971326868257,995
2024-09-18 12:34:30.033000,416.2650363428859,996
2024-09-18 12:34:30.054000,416.2739928440431,12
2024-09-18 12:34:30.064000,416.2950785636981,7
2024-09-18 12:34:30.101000,416.25487339768256,998
2024-09-18 12:34:30.122000,416.262705565384,95
2024-09-18 12:34:30.152000,416.2694404276159,12
2024-09-18 12:34:30.179000,416.28093269353536,13
2024-09-18 12:34:30.182000,416.23921006909353,99
2024-09-18 12:34:30.244000,416.2876531240299,1000
2024-09-18 12:34:30.276000,416.2609125623959,103
2024-09-18 12:34:30.277000,416.2598376183061,14
2024-09-18 12:34:30.340000,416.2809542024576,1001
2024-09-18 12:34:30.349000,416.229468995044,10
2024-09-18 12:34:30.426000,416.2991501936328,998
2024-09-18 12:34:30.435000,416.2588271218671,1005
2024-09-18 12:34:30.458000,416.2602929291025,97
2024-09-18 12:34:30.461000,416.28117461467775,1000
2024-09-18 12:34:30.527000,416.2940407985937,12
2024-09-18 12:34:30.540000,416.25971697655,1004
2024-09-18 12:34:30.562000,416.2498881195384,10
2024-09-18 12:34:30.670000,416.276417965962,11
2024-09-18 12:34:30.788000,416.2441840343,8
2024-09-18 12:34:30.809000,416.296889507624,99
2024-09-18 12:34:30.839000,416.2487573483327,14
2024-09-18 12:34:30.931000,416.2490253041127,102
2024-09-18 12:34:30.955000,416.25756115429016,1003
2024-09-18 12:34:31.011000,416.2719995552511,96
2024-09-18 12:34:31.031000,416.2858254885695,6
2024-09-18 12:34:31.162000,416.2860426340217,1000
2024-09-18 12:34:31.194000,416.2944414568818,6
2024-09-18 12:34:31.229000,416.2719047225132,1002
2024-09-18 12:34:31.232000,416.2875283498133,10
2024-09-18 12:34:31.250000,416.34965505841,97
2024-09-18 12:34:31.333000,416.2801291071307,105
2024-09-18 12:34:31.343000,416.2772690905512,104
2024-09-18 12:34:31.345000,416.2671841212028,995
2024-09-18 12:34:31.405000,416.25904581016334,997
2024-09-18 12:34:31.410000,416.3356839762244,8
2024-09-18 12:34:31.425000,416.3357445682129,7
2024-09-18 12:34:31.539000,416.2701582120776,12
2024-09-18 12:34:31.549000,416.2854395986616,1000
2024-09-18 12:34:31.570000,416.2743950730532,997
2024-09-18 12:34:31.639000,416.36410909920806,1000
2024-09-18 12:34:31.884000,416.2842563664137,13
2024-09-18 12:34:31.902000,416.3147052799462,95
2024-09-18 12:34:31.909000,416.29563707846273,105
2024-09-18 12:34:31.948000,416.2819498244531,11
2024-09-18 12:34:31.949000,416.2892928030952,995
2024-09-18 12:34:32.058000,416.3807045726276,7
2024-09-18 12:34:32.112000,416.356242561458,95
2024-09-18 12:34:32.112000,416.3788788688918,1002
2024-09-18 12:34:32.181000,416.4064144694918,99
2024-09-18 12:34:32.188000,416.37513692263735,102
2024-09-18 12:34:32.263000,416.4279554005507,105
2024-09-18 12:34:32.343000,416.3457931217524,98
2024-09-18 12:34:32.481000,416.370200043926,99
2024-09-18 12:34:32.481000,416.4400527197383,995
2024-09-18 12:34:32.497000,416.4060914418455,995
2024-09-18 12:34:32.501000,416.4105412623567,1003
2024-09-18 12:34:32.506000,416.4447396578681,10
2024-09-18 12:34:32.534000,416.4323856462128,7
2024-09-18 12:34:32.594000,416.3573389463292,997
2024-09-18 12:34:32.678000,416.3979358865765,97
2024-09-18 12:34:32.684000,416.4220460085601,1002
2024-09-18 12:34:32.713000,416.3398789880128,14
2024-09-18 12:34:32.717000,416.365396892779,98
2024-09-18 12:34:32.764000,416.4370167304034,10
2024-09-18 12:34:32.801000,416.4479114656747,96
2024-09-18 12:34:32.816000,416.3680235171823,7
2024-09-18 12:34:32.895000,416.3756370623536,1002
2024-09-18 12:34:32.916000,416.4210918394554,100
2024-09-18 12:34:32.928000,416.4239876976181,999
2024-09-18 12:34:32.958000,416.4403987277727,1005
2024-09-18 12:34:32.972000,416.40994226696,998
2024-09-18 12:34:33.011000,416.4700351905886,1002
2024-09-18 12:34:33.248000,416.43408472044206,1002
2024-09-18 12:34:33.258000,416.4511127762975,100
2024-09-18 12:34:33.260000,416.4168984973799,6
2024-09-18 12:34:33.312000,416.468220763333,5
2024-09-18 12:34:33.324000,416.43509937030063,997
2024-09-18 12:34:33.366000,416.4228915623149,14
2024-09-18 12:34:33.391000,416.44934713171335,13
2024-09-18 12:34:33.409000,416.4468754608031,104
2024-09-18 12:34:33.454000,416.4395138973488,101
2024-09-18 12:34:33.470000,416.4400104068994,102
2024-09-18 12:34:33.477000,416.47868335545576,996
2024-09-18 12:34:33.545000,416.4164847206712,8
2024-09-18 12:34:33.560000,416.4324141216013,8
2024-09-18 12:34:33.564000,416.4206560873593,998
2024-09-18 12:34:33.689000,416.4609283462488,104
2024-09-18 12:34:33.761000,416.45881394148114,997
2024-09-18 12:34:33.778000,416.4718156053158,97
2024-09-18 12:34:33.795000,416.4013041835053,1005
2024-09-18 12:34:33.795000,416.4051794514384,1005
2024-09-18 12:34:33.812000,416.4407560895392,1004
2024-09-18 12:34:33.826000,416.4390664813605,96
2024-09-18 12:34:33.829000,416.41316821547,12
2024-09-18 12:34:33.941000,416.4673349695841,100
2024-09-18 12:34:33.986000,416.4392984810126,7
2024-09-18 12:34:34.041000,416.4143194553559,102
2024-09-18 12:34:34.115000,416.4486172714947,95
2024-09-18 12:34:34.126000,416.44327650152286,13
2024-09-18 12:34:34.162000,416.4464099997264,105
2024-09-18 12:34:34.202000,416.4360818024129,997
2024-09-18 12:34:34.343000,416.4095736797996,98
2024-09-18 12:34:34.407000,416.436303793129,100
2024-09-18 12:34:34.418000,416.420538516205,13
2024-09-18 12:34:34.494000,416.50204492024864,5
2024-09-18 12:34:34.496000,416.4169532492479,100
2024-09-18 12:34:34.521000,416.48357929416665,5
2024-09-18 12:34:34.547000,416.4548967516645,11
2024-09-18 12:34:34.557000,416.4626658842421,998
2024-09-18 12:34:34.639000,416.39776519289154,999
2024-09-18 12:34:34.648000,416.5144619907349,11
2024-09-18 12:34:34.675000,416.4474698702919,96
2024-09-18 12:34:34.730000,416.4450524656224,999
2024-09-18 12:34:34.769000,416.430480111701,997
2024-09-18 12:34:34.884000,416.4631410211508,999
2024-09-18 12:34:34.922000,416.424032772025,7
2024-09-18 12:34:34.978000,416.4595099847244,6
2024-09-18 12:34:35.018000,416.4901640279447,1004
2024-09-18 12:34:35.033000,416.4790727399324,11
2024-09-18 12:34:35.202000,416.48054750343385,102
2024-09-18 12:34:35.257000,416.46183337758777,96
2024-09-18 12:34:35.294000,416.4772880305793,15
2024-09-18 12:34:35.420000,416.4904792788393,1003
2024-09-18 12:34:35.474000,416.4963658927563,1000
2024-09-18 12:34:35.514000,416.4606335972292,101
2024-09-18 12:34:35.534000,416.49129538904594,96
2024-09-18 12:34:35.553000,416.4814967214318,15
2024-09-18 12:34:35.587000,416.5122844086262,997
2024-09-18 12:34:35.604000,416.4671767914878,97
2024-09-18 12:34:35.749000,416.51062709858576,98
2024-09-18 12:34:35.824000,416.4787682865593,998
2024-09-18 12:34:35.841000,416.4931037859044,8
2024-09-18 12:34:35.980000,416.5161578601134,99
2024-09-18 12:34:36.122000,416.4694057053855,12
2024-09-18 12:34:36.334000,416.4726227771874,995
2024-09-18 12:34:36.474000,416.476230761688,13
2024-09-18 12:34:36.691000,416.4574110114417,5
2024-09-18 12:34:36.892000,416.4826272736196,998
2024-09-18 12:34:36.950000,416.4774316329646,995
2024-09-18 12:34:37.108000,416.4420837691012,7
2024-09-18 12:34:37.137000,416.4622324643578,7
2024-09-18 12:34:37.203000,416.477345599755,1003
2024-09-18 12:34:37.932000,416.4467472428683,105
2024-09-18 12:34:37.942000,416.4760105626336,100
2024-09-18 12:34:38.020000,416.3450380852241,995
2024-09-18 12:34:38.055000,416.3522175047505,1001
2024-09-18 12:34:38.072000,416.4016516016434,998
2024-09-18 12:34:38.105000,416.3171869767927,14
2024-09-18 12:34:38.116000,416.3911897517618,1002
2024-09-18 12:34:38.207000,416.3356001140593,102
2024-09-18 12:34:38.283000,416.3396888969343,104
2024-09-18 12:34:38.351000,416.3303270567527,995
2024-09-18 12:34:38.406000,416.3888715436372,1005
2024-09-18 12:34:38.410000,416.4006588699066,1002
2024-09-18 12:34:38.474000,416.36919296213966,996
2024-09-18 12:34:38.488000,416.4011450061024,13
2024-09-18 12:34:38.491000,416.3375138379343,1000
2024-09-18 12:34:38.516000,416.3645856035826,100
2024-09-18 12:34:38.544000,416.4020626826523,104
2024-09-18 12:34:38.593000,416.3361239796234,1000
2024-09-18 12:34:38.627000,416.3090783864768,11
2024-09-18 12:34:38.656000,416.3311098526604,13
2024-09-18 12:34:38.688000,416.348509877527,1004
2024-09-18 12:34:38.718000,416.34552088987874,11
2024-09-18 12:34:38.742000,416.3277943963552,102
2024-09-18 12:34:38.834000,416.4261035261778,1004
2024-09-18 12:34:38.871000,416.3351505290367,10
2024-09-18 12:34:38.877000,416.3564786725359,999
2024-09-18 12:34:38.929000,416.3680363793285,98
2024-09-18 12:34:38.946000,416.3301262110799,13
2024-09-18 12:34:39.004000,416.3692790830571,7
2024-09-18 12:34:39.086000,416.3928390913516,104
2024-09-18 12:34:39.101000,416.38152878493486,996
2024-09-18 12:34:39.147000,416.3049839610912,1001
2024-09-18 12:34:39.180000,416.3849235364836,95
2024-09-18 12:34:39.267000,416.3047399542475,98
2024-09-18 12:34:39.279000,416.3934320070416,95
2024-09-18 12:34:39.303000,416.3617237839907,96
2024-09-18 12:34:39.422000,416.3550815694649,1005
2024-09-18 12:34:39.425000,416.3380282286503,104
2024-09-18 12:34:39.440000,416.2885943629928,104
2024-09-18 12:34:39.441000,416.30420362844274,5
2024-09-18 12:34:39.663000,416.3011824342041,101
2024-09-18 12:34:39.663000,416.38034830038936,98
2024-09-18 12:34:39.719000,416.380085037002,12
2024-09-18 12:34:39.768000,416.37623760284674,5
2024-09-18 12:34:39.777000,416.3068521031127,7
2024-09-18 12:34:39.935000,416.3239539885042,8
2024-09-18 12:34:39.956000,416.3342679712408,6
2024-09-18 12:34:40.058000,416.5019573761695,95
2024-09-18 12:34:40.062000,416.5110161900618,13
2024-09-18 12:34:40.091000,416.4884422842022,95
2024-09-18 12:34:40.110000,416.5026362690092,14
2024-09-18 12:34:40.162000,416.4600179733592,97
2024-09-18 12:34:40.167000,416.4439378478588,10
2024-09-18 12:34:40.183000,416.5289344656649,6
2024-09-18 12:34:40.194000,416.5082904601152,104
2024-09-18 12:34:40.200000,416.4149323697532,13
2024-09-18 12:34:40.259000,416.52862252568247,10
2024-09-18 12:34:40.291000,416.50444326641855,98
2024-09-18 12:34:40.299000,416.5042775367015,997
2024-09-18 12:34:40.432000,416.47330571015686,97
2024-09-18 12:34:40.495000,416.4077123350002,1001
2024-09-18 12:34:40.500000,416.46554861534,101
2024-09-18 12:34:40.528000,416.4428030198641,95
2024-09-18 12:34:40.542000,416.4244748335013,103
2024-09-18 12:34:40.695000,416.44986673318095,999
2024-09-18 12:34:40.710000,416.4983298771425,104
2024-09-18 12:34:40.740000,416.39108300970537,95
2024-09-18 12:34:40.794000,416.4323044774464,1002
2024-09-18 12:34:40.798000,416.51652793449614,997
2024-09-18 12:34:40.832000,416.4351916773178,6
2024-09-18 12:34:40.839000,416.40188142552086,1003
2024-09-18 12:34:40.872000,416.45166307043286,13
2024-09-18 12:34:40.958000,416.4625080381809,998
2024-09-18 12:34:40.961000,416.432224978577,96
2024-09-18 12:34:41.075000,416.55121437429904,1005
2024-09-18 12:34:41.409000,416.5116648457686,6
2024-09-18 12:34:41.464000,416.53444089661855,13
2024-09-18 12:34:41.740000,416.5319702053844,1001
2024-09-18 12:34:41.746000,416.4954435516901,9
2024-09-18 12:34:41.798000,416.5261778929814,1002
2024-09-18 12:34:41.807000,416.52395914925887,14
2024-09-18 12:34:42.230000,416.5611886460815,97
2024-09-18 12:34:42.520000,416.5592114866157,1003
2024-09-18 12:34:42.540000,416.5770642449294,103
2024-09-18 12:34:42.628000,416.5687204643064,13
2024-09-18 12:34:42.743000,416.5675790786094,10
2024-09-18 12:34:42.900000,416.5622335410974,999
2024-09-18 12:34:43.196000,416.6202596669981,6
2024-09-18 12:34:43.485000,416.5916340657905,15
2024-09-18 12:34:43.491000,416.5835289219583,1002
2024-09-18 12:34:43.654000,416.5795383752232,995
2024-09-18 12:34:43.742000,416.59747503266055,997
2024-09-18 12:34:43.751000,416.6130364660068,995
2024-09-18 12:34:43.915000,416.57315628133256,104
2024-09-18 12:34:44.081000,416.5940030789753,100
2024-09-18 12:34:44.254000,416.62878703044566,98
2024-09-18 12:34:44.398000,416.62743247022325,1003
2024-09-18 12:34:44.400000,416.61752202496376,101
2024-09-18 12:34:44.454000,416.6310734896916,95
2024-09-18 12:34:44.596000,416.6102769957108,101
2024-09-18 12:34:44.730000,416.5967328432722,1005
2024-09-18 12:34:44.815000,416.5968881225419,96
2024-09-18 12:34:46.152000,416.6221155317912,1004
2024-09-18 12:34:46.319000,416.61236981963697,1001
2024-09-18 12:34:47.025000,416.605016601278,102
2024-09-18 12:34:47.062000,416.6425149410133,11
2024-09-18 12:34:47.129000,416.6423999011423,10
2024-09-18 12:34:47.273000,416.6378030759477,6
2024-09-18 12:34:47.298000,416.6402583502141,1004
2024-09-18 12:34:47.386000,416.6526901239153,101
2024-09-18 12:34:47.481000,416.6024028292529,105
2024-09-18 12:34:47.483000,416.6145067080593,98
2024-09-18 12:34:47.501000,416.6254578461314,13
2024-09-18 12:34:47.514000,416.6349738062222,1003
2024-09-18 12:34:47.532000,416.6306388163943,9
2024-09-18 12:34:47.568000,416.6548457836907,104
2024-09-18 12:34:47.623000,416.6254017130664,15
2024-09-18 12:34:47.671000,416.6396956438572,11
2024-09-18 12:34:47.735000,416.6541321227146,7
2024-09-18 12:34:47.788000,416.62516273287815,13
2024-09-18 12:34:47.992000,416.64011602596776,104
2024-09-18 12:34:48.032000,416.59565321027617,7
2024-09-18 12:34:48.069000,416.5928063924264,100
2024-09-18 12:34:48.093000,416.6005637490519,998
2024-09-18 12:34:48.175000,416.6119194768783,997
2024-09-18 12:34:48.196000,416.5865375869658,103
2024-09-18 12:34:48.407000,416.60924809372233,97
2024-09-18 12:34:48.468000,416.5911633275637,1001
2024-09-18 12:34:48.611000,416.5906322971312,1003
2024-09-18 12:34:48.671000,416.5976238895629,996
2024-09-18 12:34:48.676000,416.6052226772003,98
2024-09-18 12:34:48.709000,416.61799912548815,105
2024-09-18 12:34:48.726000,416.5757362825339,105
2024-09-18 12:34:48.770000,416.5912893510166,999
2024-09-18 12:34:48.809000,416.6131173889689,998
2024-09-18 12:34:48.821000,416.6035446432911,1000
2024-09-18 12:34:48.912000,416.5789907233189,102
2024-09-18 12:34:48.984000,416.60317259021787,100
2024-09-18 12:34:49.009000,416.629581176546,98
2024-09-18 12:34:49.020000,416.6152229370314,6
2024-09-18 12:34:49.096000,416.6439334958447,1000
2024-09-18 12:34:49.098000,416.6294920561027,95
2024-09-18 12:34:49.130000,416.65377655462646,999
2024-09-18 12:34:49.185000,416.61434686324907,97
2024-09-18 12:34:49.188000,416.6417248201689,104
2024-09-18 12:34:49.206000,416.6223655910321,1004
2024-09-18 12:34:49.286000,416.6550420054769,96
2024-09-18 12:34:49.331000,416.6227954746976,100
2024-09-18 12:34:49.348000,416.6278579521074,5
2024-09-18 12:34:49.353000,416.6456837496303,96
2024-09-18 12:34:49.364000,416.6051301351779,9
2024-09-18 12:34:49.386000,416.6327161965357,999
2024-09-18 12:34:49.414000,416.6127282004942,15
2024-09-18 12:34:49.465000,416.6228874773403,1001
2024-09-18 12:34:49.475000,416.6032048289028,15
2024-09-18 12:34:49.489000,416.62739514991017,95
2024-09-18 12:34:49.593000,416.6463533523599,1005
2024-09-18 12:34:49.640000,416.6539228198819,999
2024-09-18 12:34:49.677000,416.617707282653,13
2024-09-18 12:34:49.728000,416.5988126795989,1000
2024-09-18 12:34:49.865000,416.621315394495,7
2024-09-18 12:34:49.954000,416.615573496048,1005
2024-09-18 12:34:49.979000,416.6402296778292,8
2024-09-18 12:34:49.990000,416.64356863245,999
2024-09-18 12:34:50.029000,416.6318832482135,10
2024-09-18 12:34:50.110000,416.6266219157519,8
2024-09-18 12:34:50.208000,416.5861855564348,101
2024-09-18 12:34:50.396000,416.59541804434406,102
2024-09-18 12:34:50.421000,416.5774112641207,8
2024-09-18 12:34:50.627000,416.6149727733974,101
2024-09-18 12:34:50.634000,416.6211755779346,9
2024-09-18 12:34:50.925000,416.5929433735382,97
2024-09-18 12:34:50.936000,416.5850177501552,1000
2024-09-18 12:34:50.972000,416.6439930305403,12
2024-09-18 12:34:51.023000,416.5925778169094,10
2024-09-18 12:34:51.205000,416.5723441365464,105
2024-09-18 12:34:51.243000,416.5866994889149,1000
2024-09-18 12:34:51.269000,416.5612505870972,998
2024-09-18 12:34:51.376000,416.6011664588716,997
2024-09-18 12:34:51.381000,416.589664591254,8
2024-09-18 12:34:51.484000,416.5785931731584,96
2024-09-18 12:34:51.712000,416.5701559094799,101
2024-09-18 12:34:51.780000,416.56573847883885,998
2024-09-18 12:34:51.817000,416.5688983127659,1003
2024-09-18 12:34:51.825000,416.5759604105487,100
2024-09-18 12:34:51.834000,416.5877976596621,6
2024-09-18 12:34:51.842000,416.57478555753255,999
2024-09-18 12:34:51.843000,416.5881538503224,999
2024-09-18 12:34:51.922000,416.5662134479347,96
2024-09-18 12:34:52.045000,416.5342248825219,99
2024-09-18 12:34:52.203000,416.56299903210464,1000
2024-09-18 12:34:52.273000,416.5720607363252,101
2024-09-18 12:34:52.312000,416.5627268794651,999
2024-09-18 12:34:52.461000,416.5866262354748,999
2024-09-18 12:34:52.464000,416.54494804823184,100
2024-09-18 12:34:52.469000,416.5698162556374,10
2024-09-18 12:34:52.579000,416.5720673684088,14
2024-09-18 12:34:52.602000,416.515485465873,1002
2024-09-18 12:34:52.609000,416.5597193420814,1004
2024-09-18 12:34:52.620000,416.5658940302115,11
2024-09-18 12:34:52.639000,416.5289856997033,996
2024-09-18 12:34:52.755000,416.55985447389656,104
2024-09-18 12:34:52.860000,416.509197988515,1004
2024-09-18 12:34:52.891000,416.5738980308716,99
2024-09-18 12:34:52.912000,416.5964909142817,1001
2024-09-18 12:34:52.935000,416.49829882130007,12
2024-09-18 12:34:53.044000,416.4189755135501,1004
2024-09-18 12:34:53.074000,416.3737122600096,100
2024-09-18 12:34:53.101000,416.38238546289534,5
2024-09-18 12:34:53.234000,416.3786187271723,102
2024-09-18 12:34:53.263000,416.5132029074781,996
2024-09-18 12:34:53.264000,416.4123288604064,1000
2024-09-18 12:34:53.276000,416.35742386714537,5
2024-09-18 12:34:53.282000,416.3673926463582,7
2024-09-18 12:34:53.387000,416.4377683167458,95
2024-09-18 12:34:53.403000,416.4196506068494,1005
2024-09-18 12:34:53.424000,416.4507758983343,12
2024-09-18 12:34:53.447000,416.4987726268027,1000
2024-09-18 12:34:53.486000,416.4765524435309,1003
2024-09-18 12:34:53.541000,416.3351604709977,11
2024-09-18 12:34:53.684000,416.35210712623353,96
2024-09-18 12:34:53.723000,416.520123434729,99
2024-09-18 12:34:53.761000,416.41441850956136,997
2024-09-18 12:34:53.773000,416.5178026933712,99
2024-09-18 12:34:53.786000,416.4133731612547,105
2024-09-18 12:34:53.879000,416.3445801412788,996
2024-09-18 12:34:53.885000,416.37530121885874,9
2024-09-18 12:34:53.890000,416.4516940157573,6
2024-09-18 12:34:53.893000,416.420185782832,100
2024-09-18 12:34:53.932000,416.44554034265366,8
2024-09-18 12:34:53.962000,416.48506767091015,998
2024-09-18 12:34:54.137000,416.3846738696152,1003
2024-09-18 12:34:54.160000,416.3929465248975,6
2024-09-18 12:34:54.858000,416.3562517107789,96
2024-09-18 12:34:54.887000,416.3612319904016,1002
2024-09-18 12:34:54.939000,416.39980306049705,103
2024-09-18 12:34:55.004000,416.4209124694799,12
2024-09-18 12:34:55.118000,416.37820446508334,100
2024-09-18 12:34:55.157000,416.3432245288913,98
2024-09-18 12:34:55.229000,416.431351361386,1004
2024-09-18 12:34:55.253000,416.3601872225486,8
2024-09-18 12:34:55.345000,416.44085680659,102
2024-09-18 12:34:55.392000,416.4236958449405,101
2024-09-18 12:34:55.411000,416.4425876243057,1002
2024-09-18 12:34:55.415000,416.437419377057,99
2024-09-18 12:34:55.452000,416.4357002560337,13
2024-09-18 12:34:55.470000,416.37092634898,998
2024-09-18 12:34:55.484000,416.4347282688445,1002
2024-09-18 12:34:55.627000,416.4371260967811,1002
2024-09-18 12:34:55.708000,416.4500820628666,997
2024-09-18 12:34:55.711000,416.3668216181447,1001
2024-09-18 12:34:55.836000,416.3430017317076,10
2024-09-18 12:34:55.880000,416.39612910687055,101
2024-09-18 12:34:55.925000,416.3897776609197,6
2024-09-18 12:34:55.938000,416.4034707194273,96
2024-09-18 12:34:55.940000,416.4288620611481,6
2024-09-18 12:34:55.949000,416.3390113825511,15
2024-09-18 12:34:56.622000,416.4461922137205,100
2024-09-18 12:34:57.219000,416.4804113976533,100
2024-09-18 12:34:57.547000,416.4836899517922,998
2024-09-18 12:34:57.906000,416.458339108657,997
2024-09-18 12:34:58.146000,416.4631569399936,100
2024-09-18 12:34:58.497000,416.4548164798936,998
2024-09-18 12:34:58.595000,416.4543499769766,99
2024-09-18 12:34:58.679000,416.4590330367682,6
2024-09-18 12:34:59.013000,416.3885495008196,99
2024-09-18 12:34:59.051000,416.430713929525,102
2024-09-18 12:34:59.115000,416.3276764474343,1004
2024-09-18 12:34:59.124000,416.4486037174584,999
2024-09-18 12:34:59.125000,416.4380036590943,100
2024-09-18 12:34:59.167000,416.38227446244366,95
2024-09-18 12:34:59.174000,416.38984793697057,14
2024-09-18 12:34:59.271000,416.3735916983186,7
2024-09-18 12:34:59.274000,416.39094403045937,101
2024-09-18 12:34:59.330000,416.4524770154279,98
2024-09-18 12:34:59.343000,416.4361164272031,998
2024-09-18 12:34:59.364000,416.3608577663287,99
2024-09-18 12:34:59.404000,416.3996619085181,102
2024-09-18 12:34:59.464000,416.4443263571406,97
2024-09-18 12:34:59.493000,416.3450898318303,98
2024-09-18 12:34:59.524000,416.4191003614203,12
2024-09-18 12:34:59.574000,416.3367951061277,105
2024-09-18 12:34:59.771000,416.4443953340277,998
2024-09-18 12:34:59.874000,416.4535876447776,102
2024-09-18 12:34:59.978000,416.36916806530377,6
