Timestamp,Price,Size
2024-09-18 12:23:00.113000,415.96973507550223,15
2024-09-18 12:23:00.153000,415.9868969830413,1005
2024-09-18 12:23:00.177000,415.9418729047205,97
2024-09-18 12:23:00.292000,415.9728180141794,102
2024-09-18 12:23:00.373000,415.9587520077979,1002
2024-09-18 12:23:00.396000,415.9620044328335,12
2024-09-18 12:23:00.465000,415.9386946824108,6
2024-09-18 12:23:00.543000,415.9527248197101,1004
2024-09-18 12:23:00.769000,415.96768988077775,1002
2024-09-18 12:23:00.860000,415.9430834046598,14
2024-09-18 12:23:00.867000,415.9599461696187,11
2024-09-18 12:23:00.868000,415.9772836948256,105
2024-09-18 12:23:00.873000,415.9788021261384,13
2024-09-18 12:23:01.051000,415.957168538076,103
2024-09-18 12:23:01.206000,415.9354417839816,1005
2024-09-18 12:23:01.307000,415.9510550446128,1000
2024-09-18 12:23:01.402000,415.92599328900127,995
2024-09-18 12:23:01.460000,415.9430146263493,12
2024-09-18 12:23:01.474000,415.955330816688,1005
2024-09-18 12:23:01.494000,415.9465410171143,7
2024-09-18 12:23:01.573000,415.92023056255255,1002
2024-09-18 12:23:01.634000,415.93025042635134,8
2024-09-18 12:23:01.681000,415.9502411044385,8
2024-09-18 12:23:01.685000,415.9359702043703,6
2024-09-18 12:23:01.709000,415.9304990230771,1004
2024-09-18 12:23:01.726000,415.92692498357127,1002
2024-09-18 12:23:01.798000,415.9362177746304,1002
2024-09-18 12:23:01.798000,415.9477063123899,97
2024-09-18 12:23:01.874000,415.92790929551455,15
2024-09-18 12:23:01.987000,415.9366253571324,13
2024-09-18 12:23:02.138000,415.91918592858974,96
2024-09-18 12:23:02.152000,415.9202588847117,1000
2024-09-18 12:23:02.357000,415.9178018406041,100
2024-09-18 12:23:02.824000,415.9154092841901,102
2024-09-18 12:23:02.891000,415.9083713994528,996
2024-09-18 12:23:02.917000,415.9108427350105,12
2024-09-18 12:23:03.114000,415.9209738792781,103
2024-09-18 12:23:03.125000,415.92643809709085,97
2024-09-18 12:23:03.200000,415.9420792686017,1004
2024-09-18 12:23:03.213000,415.953505991096,998
2024-09-18 12:23:03.234000,415.8952356242265,5
2024-09-18 12:23:03.264000,415.98141265516335,99
2024-09-18 12:23:03.368000,415.93598925764206,10
2024-09-18 12:23:03.383000,415.8971635061976,7
2024-09-18 12:23:03.412000,415.8941652943602,1001
2024-09-18 12:23:03.426000,415.9409012111505,97
2024-09-18 12:23:03.502000,415.94216439747055,6
2024-09-18 12:23:03.559000,415.9697678058998,1003
2024-09-18 12:23:03.570000,415.9649512245496,12
2024-09-18 12:23:03.573000,415.9639313640204,1005
2024-09-18 12:23:03.634000,415.9315878090488,998
2024-09-18 12:23:03.696000,415.9094801723614,105
2024-09-18 12:23:03.699000,415.89642306629406,995
2024-09-18 12:23:03.804000,415.9079064707079,15
2024-09-18 12:23:03.935000,415.9036281232349,997
2024-09-18 12:23:03.941000,415.9034693103327,7
2024-09-18 12:23:03.947000,415.9298464113247,1002
2024-09-18 12:23:04.024000,415.9422253829836,1003
2024-09-18 12:23:04.031000,415.9301338056698,8
2024-09-18 12:23:04.078000,415.9350035782397,103
2024-09-18 12:23:04.172000,415.95357058956745,8
2024-09-18 12:23:04.177000,415.9681302412155,95
2024-09-18 12:23:04.192000,415.96707748206114,11
2024-09-18 12:23:04.220000,415.9479105880267,7
2024-09-18 12:23:04.222000,415.9577647552256,98
2024-09-18 12:23:04.231000,415.9607617611966,9
2024-09-18 12:23:04.294000,415.9678121640808,98
2024-09-18 12:23:04.305000,415.933211061865,999
2024-09-18 12:23:04.345000,415.93331004312745,15
2024-09-18 12:23:04.451000,415.9541120922794,1001
2024-09-18 12:23:04.473000,415.9626854880737,101
2024-09-18 12:23:04.498000,415.9580927622556,10
2024-09-18 12:23:04.582000,415.94511863741496,1003
2024-09-18 12:23:04.681000,415.922937198574,12
2024-09-18 12:23:04.750000,415.96266291056855,1000
2024-09-18 12:23:04.764000,415.9639194045092,13
2024-09-18 12:23:04.831000,415.9651214842153,95
2024-09-18 12:23:04.857000,415.9700226078178,105
2024-09-18 12:23:04.920000,415.9611163317093,1002
2024-09-18 12:23:04.932000,415.92493875806696,6
2024-09-18 12:23:05.082000,415.9066388928445,15
2024-09-18 12:23:05.116000,415.9036265828814,12
2024-09-18 12:23:05.272000,415.9164145178547,15
2024-09-18 12:23:05.285000,415.9241549553034,6
2024-09-18 12:23:05.358000,415.92299831078793,95
2024-09-18 12:23:05.392000,415.93647501223234,105
2024-09-18 12:23:05.465000,415.9140381208561,999
2024-09-18 12:23:05.743000,415.9071274562683,104
2024-09-18 12:23:05.824000,415.9160561081434,105
2024-09-18 12:23:05.918000,415.9059722689474,13
2024-09-18 12:23:05.930000,415.9052674069792,104
2024-09-18 12:23:05.939000,415.9239015348829,9
2024-09-18 12:23:05.941000,415.9171917465263,99
2024-09-18 12:23:05.948000,415.9122205963168,999
2024-09-18 12:23:06.104000,415.9046604677065,100
2024-09-18 12:23:06.293000,415.8891412574693,997
2024-09-18 12:23:06.434000,415.8858239574056,998
2024-09-18 12:23:06.549000,415.8842416277696,98
2024-09-18 12:23:06.557000,415.8696878481222,13
2024-09-18 12:23:06.559000,415.8920483239346,6
2024-09-18 12:23:06.738000,415.9007021165701,96
2024-09-18 12:23:06.768000,415.8832333847238,1001
2024-09-18 12:23:06.788000,415.9030280886387,1005
2024-09-18 12:23:06.815000,415.8902222280135,1005
2024-09-18 12:23:07.142000,415.88928199047166,97
2024-09-18 12:23:07.283000,415.89440601914487,103
2024-09-18 12:23:07.294000,415.8417709830258,998
2024-09-18 12:23:07.351000,415.8963607756724,996
2024-09-18 12:23:07.381000,415.9116305398167,995
2024-09-18 12:23:07.493000,415.9099519634559,999
2024-09-18 12:23:07.582000,415.9314754023477,6
2024-09-18 12:23:07.606000,415.866115165832,1001
2024-09-18 12:23:07.866000,415.89379649036033,11
2024-09-18 12:23:07.899000,415.8266094989143,1001
2024-09-18 12:23:07.918000,415.8538098478489,997
2024-09-18 12:23:07.963000,415.8417416358468,10
2024-09-18 12:23:07.977000,415.8729714365032,999
2024-09-18 12:23:08,415.827899415472,9
2024-09-18 12:23:08.048000,415.8360534470836,998
2024-09-18 12:23:08.285000,415.8283477405415,101
2024-09-18 12:23:08.313000,415.84735579138135,104
2024-09-18 12:23:08.986000,415.8211431037989,14
2024-09-18 12:23:09.064000,415.7526023134004,99
2024-09-18 12:23:09.112000,415.6923018782397,101
2024-09-18 12:23:09.130000,415.7644152666012,5
2024-09-18 12:23:09.152000,415.7638438532228,8
2024-09-18 12:23:09.161000,415.7456247243045,5
2024-09-18 12:23:09.163000,415.7730704728431,105
2024-09-18 12:23:09.225000,415.7820049497965,1000
2024-09-18 12:23:09.262000,415.775861828388,12
2024-09-18 12:23:09.296000,415.6898564628263,11
2024-09-18 12:23:09.312000,415.8303871183212,101
2024-09-18 12:23:09.324000,415.7711243325184,6
2024-09-18 12:23:09.455000,415.7762327151585,1005
2024-09-18 12:23:09.490000,415.7686812290302,104
2024-09-18 12:23:09.508000,415.7643486324036,1001
2024-09-18 12:23:09.526000,415.8107000236509,1002
2024-09-18 12:23:09.560000,415.7759417559069,7
2024-09-18 12:23:09.570000,415.8128376867504,6
2024-09-18 12:23:09.625000,415.7557871439984,100
2024-09-18 12:23:09.755000,415.7160013844013,6
2024-09-18 12:23:09.779000,415.76636707148185,102
2024-09-18 12:23:09.795000,415.7667815077567,10
2024-09-18 12:23:09.812000,415.7655246093232,7
2024-09-18 12:23:09.824000,415.7766130092095,997
2024-09-18 12:23:09.831000,415.76906744725926,996
2024-09-18 12:23:09.891000,415.7290931883193,7
2024-09-18 12:23:09.918000,415.81200173189137,98
2024-09-18 12:23:10.220000,415.6981781949076,6
2024-09-18 12:23:10.397000,415.6725212147351,6
2024-09-18 12:23:10.572000,415.6688774445467,1003
2024-09-18 12:23:10.619000,415.6813839219989,1000
2024-09-18 12:23:10.651000,415.6939938435496,1001
2024-09-18 12:23:10.671000,415.6702925536042,998
2024-09-18 12:23:10.723000,415.6464970283615,9
2024-09-18 12:23:10.822000,415.6598124532855,997
2024-09-18 12:23:10.965000,415.67530468308746,103
2024-09-18 12:23:11.049000,415.6757023182474,12
2024-09-18 12:23:11.329000,415.6947212952054,1004
2024-09-18 12:23:11.428000,415.62885932485096,9
2024-09-18 12:23:11.617000,415.6347576488591,104
2024-09-18 12:23:11.629000,415.6507022325928,11
2024-09-18 12:23:11.962000,415.6960220146458,97
2024-09-18 12:23:12.108000,415.6330527011452,1003
2024-09-18 12:23:12.301000,415.6183770572137,12
2024-09-18 12:23:12.371000,415.6337746957203,998
2024-09-18 12:23:12.528000,415.6378418251927,14
2024-09-18 12:23:12.646000,415.6243864786535,103
2024-09-18 12:23:12.694000,415.6278643314923,15
2024-09-18 12:23:12.818000,415.61786763292406,10
2024-09-18 12:23:12.925000,415.63594514384937,1005
2024-09-18 12:23:12.955000,415.6290176252913,9
2024-09-18 12:23:13.322000,415.61525593024624,1004
2024-09-18 12:23:13.326000,415.5967497418896,9
2024-09-18 12:23:13.350000,415.5813273832634,12
2024-09-18 12:23:13.484000,415.60154479520736,1005
2024-09-18 12:23:13.523000,415.6322657577886,8
2024-09-18 12:23:13.529000,415.5929681646829,15
2024-09-18 12:23:13.678000,415.6204371632043,101
2024-09-18 12:23:13.685000,415.5765823696074,96
2024-09-18 12:23:13.861000,415.5936284197391,1004
2024-09-18 12:23:13.913000,415.6122055549855,1002
2024-09-18 12:23:13.951000,415.6175650493152,7
2024-09-18 12:23:13.967000,415.5987749153031,7
2024-09-18 12:23:14.024000,415.7602441680071,100
2024-09-18 12:23:14.117000,415.6905333515059,12
2024-09-18 12:23:14.124000,415.6500872564899,14
2024-09-18 12:23:14.195000,415.7212859902706,102
2024-09-18 12:23:14.323000,415.6484358334028,999
2024-09-18 12:23:14.332000,415.7523688669602,995
2024-09-18 12:23:14.428000,415.67978204366426,5
2024-09-18 12:23:14.448000,415.7220234501362,6
2024-09-18 12:23:14.467000,415.6124986664098,98
2024-09-18 12:23:14.526000,415.61776988145,9
2024-09-18 12:23:14.581000,415.6930259587178,1001
2024-09-18 12:23:14.614000,415.7665577244979,5
2024-09-18 12:23:14.621000,415.75367025156334,999
2024-09-18 12:23:14.686000,415.7271606830843,7
2024-09-18 12:23:14.737000,415.6670225456516,96
2024-09-18 12:23:14.793000,415.7039889058705,10
2024-09-18 12:23:14.823000,415.6358452886424,11
2024-09-18 12:23:14.829000,415.75873355522833,14
2024-09-18 12:23:14.861000,415.74520111410845,104
2024-09-18 12:23:14.888000,415.7688021092119,1003
2024-09-18 12:23:14.949000,415.75222117057535,98
2024-09-18 12:23:14.966000,415.678359324752,14
2024-09-18 12:23:15.464000,415.7635997046034,1000
2024-09-18 12:23:15.811000,415.7443150246778,996
2024-09-18 12:23:15.821000,415.7470165346125,13
2024-09-18 12:23:15.884000,415.7635789155853,996
2024-09-18 12:23:16.041000,415.6769821360339,13
2024-09-18 12:23:16.066000,415.6941558823472,96
2024-09-18 12:23:16.101000,415.6996796257108,7
2024-09-18 12:23:16.101000,415.7214982459283,1001
2024-09-18 12:23:16.104000,415.6812025054999,101
2024-09-18 12:23:16.116000,415.6621125753271,15
2024-09-18 12:23:16.122000,415.713534607705,100
2024-09-18 12:23:16.238000,415.6812938935609,95
2024-09-18 12:23:16.251000,415.71613553308566,14
2024-09-18 12:23:16.300000,415.6840854675684,15
2024-09-18 12:23:16.596000,415.6811446759026,15
2024-09-18 12:23:16.605000,415.7103490513602,996
2024-09-18 12:23:16.640000,415.7240254025429,15
2024-09-18 12:23:16.658000,415.6608523590965,104
2024-09-18 12:23:16.689000,415.7002243390497,5
2024-09-18 12:23:16.711000,415.6965482856596,1000
2024-09-18 12:23:16.740000,415.7041321510283,1002
2024-09-18 12:23:16.866000,415.6483359919866,98
2024-09-18 12:23:16.906000,415.6581470403232,99
2024-09-18 12:23:18.010000,415.6768031887772,9
2024-09-18 12:23:18.023000,415.69123685562494,100
2024-09-18 12:23:18.055000,415.6838585995296,14
2024-09-18 12:23:18.096000,415.68919535903217,11
2024-09-18 12:23:18.103000,415.7102850208811,13
2024-09-18 12:23:18.168000,415.64909694375086,15
2024-09-18 12:23:18.187000,415.697191729421,104
2024-09-18 12:23:18.230000,415.66250341942384,1004
2024-09-18 12:23:18.269000,415.6934516454609,105
2024-09-18 12:23:18.314000,415.7075204103876,100
2024-09-18 12:23:18.391000,415.7034435522776,1001
2024-09-18 12:23:18.743000,415.6977590490909,999
2024-09-18 12:23:18.802000,415.6884304540097,96
2024-09-18 12:23:18.812000,415.6664057578464,105
2024-09-18 12:23:18.899000,415.70946307925686,100
2024-09-18 12:23:18.917000,415.6792856536113,12
2024-09-18 12:23:18.962000,415.7056172004526,5
2024-09-18 12:23:18.990000,415.7137465597044,12
2024-09-18 12:23:19.002000,415.7210205234863,999
2024-09-18 12:23:19.066000,415.6889281919025,105
2024-09-18 12:23:19.171000,415.7109198763469,1001
2024-09-18 12:23:19.180000,415.7219863874536,14
2024-09-18 12:23:19.261000,415.7325770271568,13
2024-09-18 12:23:19.270000,415.724818031806,1001
2024-09-18 12:23:19.307000,415.69748874621627,1003
2024-09-18 12:23:19.343000,415.7233531806466,14
2024-09-18 12:23:19.373000,415.7254227045348,996
2024-09-18 12:23:19.420000,415.7251279458319,998
2024-09-18 12:23:19.480000,415.6896993789176,100
2024-09-18 12:23:19.512000,415.67948300054735,1000
2024-09-18 12:23:19.531000,415.7081792971127,996
2024-09-18 12:23:19.533000,415.692032350905,999
2024-09-18 12:23:19.615000,415.6904260515561,99
2024-09-18 12:23:19.615000,415.7019626987353,1005
2024-09-18 12:23:19.641000,415.68821341785593,7
2024-09-18 12:23:19.708000,415.7012613055701,102
2024-09-18 12:23:19.733000,415.7226921033256,6
2024-09-18 12:23:19.739000,415.7079836911549,95
2024-09-18 12:23:19.742000,415.7113587716444,1002
2024-09-18 12:23:19.787000,415.7176183385197,13
2024-09-18 12:23:19.821000,415.7136338797706,102
2024-09-18 12:23:19.933000,415.6999898436467,101
2024-09-18 12:23:19.943000,415.71832659371046,14
2024-09-18 12:23:19.968000,415.70175077432873,7
2024-09-18 12:23:20.063000,415.6881804063296,1004
2024-09-18 12:23:20.098000,415.687532082695,6
2024-09-18 12:23:20.319000,415.6760234002085,6
2024-09-18 12:23:20.571000,415.693127926404,8
2024-09-18 12:23:20.659000,415.67997872677375,96
2024-09-18 12:23:20.806000,415.6891293724699,100
2024-09-18 12:23:20.973000,415.686679464148,11
2024-09-18 12:23:21.020000,415.6076521248739,97
2024-09-18 12:23:21.135000,415.6711629536482,99
2024-09-18 12:23:21.186000,415.6290446435439,105
2024-09-18 12:23:21.228000,415.61741940308127,100
2024-09-18 12:23:21.303000,415.68639327190607,99
2024-09-18 12:23:21.409000,415.6573958101833,9
2024-09-18 12:23:21.417000,415.6529247214728,7
2024-09-18 12:23:21.439000,415.6120634997483,5
2024-09-18 12:23:21.492000,415.6071651989945,999
2024-09-18 12:23:21.543000,415.66053618099176,1001
2024-09-18 12:23:21.616000,415.6207925659756,98
2024-09-18 12:23:21.643000,415.6464149470008,95
2024-09-18 12:23:21.719000,415.6419596499342,5
2024-09-18 12:23:21.736000,415.6916212213426,997
2024-09-18 12:23:21.767000,415.6653180779505,105
2024-09-18 12:23:21.792000,415.6678208557384,1000
2024-09-18 12:23:21.904000,415.6675828551979,1002
2024-09-18 12:23:22.030000,415.4959643939719,14
2024-09-18 12:23:22.036000,415.5132966545439,996
2024-09-18 12:23:22.042000,415.5126137591005,1001
2024-09-18 12:23:22.050000,415.5931587655604,995
2024-09-18 12:23:22.061000,415.5837198180272,1005
2024-09-18 12:23:22.098000,415.543291726998,6
2024-09-18 12:23:22.145000,415.4859738348009,14
2024-09-18 12:23:22.169000,415.600919391868,1003
2024-09-18 12:23:22.204000,415.6135389258163,104
2024-09-18 12:23:22.206000,415.4778376484608,1004
2024-09-18 12:23:22.206000,415.56899463703576,9
2024-09-18 12:23:22.221000,415.5933251559605,1005
2024-09-18 12:23:22.246000,415.59124464584335,1004
2024-09-18 12:23:22.265000,415.5107768827939,105
2024-09-18 12:23:22.281000,415.5913078941724,98
2024-09-18 12:23:22.308000,415.50499220552433,7
2024-09-18 12:23:22.358000,415.5530545472506,103
2024-09-18 12:23:22.362000,415.5776587495265,99
2024-09-18 12:23:22.376000,415.5506620082932,100
2024-09-18 12:23:22.474000,415.5785198062972,100
2024-09-18 12:23:22.531000,415.5405189707432,997
2024-09-18 12:23:22.713000,415.5425166466474,11
2024-09-18 12:23:22.718000,415.5126418709818,102
2024-09-18 12:23:22.785000,415.5546803132109,11
2024-09-18 12:23:22.808000,415.4769148618976,15
2024-09-18 12:23:22.856000,415.4659215714083,995
2024-09-18 12:23:22.887000,415.5997376430132,8
2024-09-18 12:23:22.957000,415.47366718091104,103
2024-09-18 12:23:22.984000,415.5020258891496,995
2024-09-18 12:23:23.116000,415.5198728627363,97
2024-09-18 12:23:23.221000,415.5507842213657,100
2024-09-18 12:23:23.282000,415.544194770006,105
2024-09-18 12:23:23.400000,415.5497354295388,996
2024-09-18 12:23:23.486000,415.5324250176719,11
2024-09-18 12:23:23.708000,415.4927795735211,1001
2024-09-18 12:23:23.725000,415.5705095826167,97
2024-09-18 12:23:23.796000,415.5572165200793,1005
2024-09-18 12:23:23.858000,415.5454594155751,997
2024-09-18 12:23:23.864000,415.5414049118725,997
2024-09-18 12:23:23.882000,415.5214482955897,998
2024-09-18 12:23:23.923000,415.5037714996295,99
2024-09-18 12:23:23.981000,415.5021576873349,6
2024-09-18 12:23:23.989000,415.5057262727868,1002
2024-09-18 12:23:24.004000,415.5851032007854,7
2024-09-18 12:23:24.067000,415.57137888196127,995
2024-09-18 12:23:24.101000,415.5849039261283,6
2024-09-18 12:23:24.111000,415.5604806716559,14
2024-09-18 12:23:24.118000,415.5713868030897,15
2024-09-18 12:23:24.168000,415.5850178733829,5
2024-09-18 12:23:24.183000,415.5686749454725,1003
2024-09-18 12:23:24.208000,415.5748227800797,8
2024-09-18 12:23:24.220000,415.5707829336168,98
2024-09-18 12:23:24.238000,415.57464178863086,104
2024-09-18 12:23:24.239000,415.5655577458784,1003
2024-09-18 12:23:24.291000,415.565857325198,104
2024-09-18 12:23:24.468000,415.57011312458695,103
2024-09-18 12:23:24.558000,415.54239874589126,95
2024-09-18 12:23:24.688000,415.54388525049154,100
2024-09-18 12:23:24.697000,415.536186774902,1001
2024-09-18 12:23:24.840000,415.548149150088,98
2024-09-18 12:23:24.980000,415.575602234688,1003
2024-09-18 12:23:25.004000,415.58247985192855,96
2024-09-18 12:23:25.082000,415.58577563397273,1003
2024-09-18 12:23:25.094000,415.5967559310874,103
2024-09-18 12:23:25.104000,415.6052120185663,11
2024-09-18 12:23:25.221000,415.6032455136272,95
2024-09-18 12:23:25.266000,415.6449337034367,105
2024-09-18 12:23:25.269000,415.590030918562,6
2024-09-18 12:23:25.285000,415.5901173749189,996
2024-09-18 12:23:25.346000,415.5706203140703,6
2024-09-18 12:23:25.352000,415.5849041918386,11
2024-09-18 12:23:25.362000,415.57028412106223,6
2024-09-18 12:23:25.362000,415.58605120031234,11
2024-09-18 12:23:25.378000,415.5842547852287,99
2024-09-18 12:23:25.388000,415.61914656103846,997
2024-09-18 12:23:25.482000,415.6167431799072,995
2024-09-18 12:23:25.512000,415.5872188277572,13
2024-09-18 12:23:25.572000,415.64356193761046,997
2024-09-18 12:23:25.606000,415.6231504916745,100
2024-09-18 12:23:25.664000,415.5897317045686,96
2024-09-18 12:23:25.727000,415.6082082187002,10
2024-09-18 12:23:25.846000,415.5774433618908,100
2024-09-18 12:23:25.866000,415.5772078052461,100
2024-09-18 12:23:25.885000,415.604801148005,96
2024-09-18 12:23:25.941000,415.630294692728,10
2024-09-18 12:23:25.987000,415.5949194864358,101
2024-09-18 12:23:26.148000,415.5558305761992,1003
2024-09-18 12:23:26.149000,415.5812631946888,7
2024-09-18 12:23:26.214000,415.5484883262082,104
2024-09-18 12:23:26.302000,415.5520132287284,14
2024-09-18 12:23:26.355000,415.54449457133626,104
2024-09-18 12:23:26.402000,415.5781129171384,14
2024-09-18 12:23:26.492000,415.57247837180967,1005
2024-09-18 12:23:26.532000,415.5446939851521,100
2024-09-18 12:23:26.551000,415.5319046345291,1002
2024-09-18 12:23:26.586000,415.5493597601048,1001
2024-09-18 12:23:26.609000,415.54640936053175,7
2024-09-18 12:23:26.719000,415.5446657455921,1002
2024-09-18 12:23:26.858000,415.5897553248605,103
2024-09-18 12:23:26.969000,415.60481730189787,1003
2024-09-18 12:23:26.970000,415.5587831516823,13
2024-09-18 12:23:27.020000,415.5344433191216,99
2024-09-18 12:23:27.983000,415.51047805067145,14
2024-09-18 12:23:28.345000,415.51473353281904,100
2024-09-18 12:23:28.414000,415.5241723749503,96
2024-09-18 12:23:28.421000,415.4997366323934,1005
2024-09-18 12:23:28.486000,415.496631489938,97
2024-09-18 12:23:28.594000,415.5049016938273,1003
2024-09-18 12:23:28.689000,415.5121087203457,997
2024-09-18 12:23:28.842000,415.5041846487804,14
2024-09-18 12:23:29.045000,415.4538762705101,999
2024-09-18 12:23:29.085000,415.4436189148325,15
2024-09-18 12:23:29.174000,415.4505833691086,7
2024-09-18 12:23:29.223000,415.4022493660508,104
2024-09-18 12:23:29.237000,415.4344715000272,13
2024-09-18 12:23:29.318000,415.4486730583481,9
2024-09-18 12:23:29.361000,415.4581397298744,995
2024-09-18 12:23:29.434000,415.46839846839663,9
2024-09-18 12:23:29.534000,415.50238260130914,10
2024-09-18 12:23:29.594000,415.4567502020704,103
2024-09-18 12:23:29.605000,415.46512628805976,996
2024-09-18 12:23:29.636000,415.4637513669116,14
2024-09-18 12:23:29.640000,415.43631793641833,7
2024-09-18 12:23:29.652000,415.47024487807465,95
2024-09-18 12:23:29.697000,415.4502904229817,98
2024-09-18 12:23:29.717000,415.46491568515984,1003
2024-09-18 12:23:29.741000,415.4308741501095,1003
2024-09-18 12:23:29.744000,415.48171121454,10
2024-09-18 12:23:29.748000,415.44212839760087,103
2024-09-18 12:23:29.781000,415.4384178735261,98
2024-09-18 12:23:29.833000,415.4628245455546,100
2024-09-18 12:23:29.864000,415.4346528357978,1003
2024-09-18 12:23:29.894000,415.4357821772193,14
2024-09-18 12:23:30.378000,415.3929846542496,997
2024-09-18 12:23:30.400000,415.3955975811321,7
2024-09-18 12:23:30.801000,415.3991054543283,11
2024-09-18 12:23:31.067000,415.3702420563857,99
2024-09-18 12:23:31.073000,415.36558733560986,102
2024-09-18 12:23:31.248000,415.3807354507271,98
2024-09-18 12:23:31.341000,415.38116958434665,1004
2024-09-18 12:23:31.345000,415.3737142299635,1002
2024-09-18 12:23:31.351000,415.3626417689764,102
2024-09-18 12:23:31.504000,415.3784789415649,98
2024-09-18 12:23:31.601000,415.3770968654381,5
2024-09-18 12:23:31.603000,415.3900852224642,13
2024-09-18 12:23:31.604000,415.3905320480338,1002
2024-09-18 12:23:31.794000,415.35721180823407,102
2024-09-18 12:23:31.977000,415.38028012405033,103
2024-09-18 12:23:32.018000,415.3842503487287,7
2024-09-18 12:23:32.046000,415.4101072223027,1003
2024-09-18 12:23:32.065000,415.4046756903408,1004
2024-09-18 12:23:32.124000,415.398144028264,13
2024-09-18 12:23:32.199000,415.3961447167451,998
2024-09-18 12:23:32.217000,415.38202451635385,995
2024-09-18 12:23:32.251000,415.4121134934212,998
2024-09-18 12:23:32.257000,415.4018479178207,1005
2024-09-18 12:23:32.307000,415.3954829513124,15
2024-09-18 12:23:32.325000,415.40006060705485,96
2024-09-18 12:23:32.327000,415.3954754514226,6
2024-09-18 12:23:32.374000,415.41248566291495,1003
2024-09-18 12:23:32.438000,415.40644870175953,1004
2024-09-18 12:23:32.462000,415.377554850428,8
2024-09-18 12:23:32.526000,415.41864370157606,1003
2024-09-18 12:23:32.537000,415.4052795389008,999
2024-09-18 12:23:32.553000,415.3903512109915,103
2024-09-18 12:23:32.669000,415.3768835826025,1000
2024-09-18 12:23:32.682000,415.4165785865837,98
2024-09-18 12:23:32.692000,415.4063551246312,14
2024-09-18 12:23:32.714000,415.4070355638944,999
2024-09-18 12:23:32.719000,415.39126964721487,998
2024-09-18 12:23:32.852000,415.4170407734296,10
2024-09-18 12:23:32.882000,415.3949121041613,1002
2024-09-18 12:23:32.949000,415.4019029436626,997
2024-09-18 12:23:32.951000,415.409589023958,5
2024-09-18 12:23:33.094000,415.36343886416216,1004
2024-09-18 12:23:33.359000,415.3889351353941,12
2024-09-18 12:23:33.431000,415.4021831901498,1000
2024-09-18 12:23:33.546000,415.4041392689602,99
2024-09-18 12:23:33.578000,415.4130027680889,101
2024-09-18 12:23:33.605000,415.3516459631149,13
2024-09-18 12:23:35.118000,415.3194408397946,997
2024-09-18 12:23:35.136000,415.3330156246445,997
2024-09-18 12:23:35.375000,415.3475204513549,8
2024-09-18 12:23:35.436000,415.3360308288681,1001
2024-09-18 12:23:35.459000,415.34137249204014,97
2024-09-18 12:23:35.520000,415.2937149244629,1004
2024-09-18 12:23:35.650000,415.3195656098119,98
2024-09-18 12:23:35.681000,415.317475050741,1003
2024-09-18 12:23:36.034000,415.3524965231136,99
2024-09-18 12:23:36.036000,415.39754750445,15
2024-09-18 12:23:36.042000,415.33410753734216,8
2024-09-18 12:23:36.074000,415.3808728061283,105
2024-09-18 12:23:36.111000,415.37613922703616,6
2024-09-18 12:23:36.128000,415.3178402766877,8
2024-09-18 12:23:36.177000,415.3802417629527,97
2024-09-18 12:23:36.255000,415.3060433612382,998
2024-09-18 12:23:36.341000,415.3691363706515,997
2024-09-18 12:23:36.418000,415.3482551420456,10
2024-09-18 12:23:36.426000,415.3475480321261,13
2024-09-18 12:23:36.435000,415.3161425675327,99
2024-09-18 12:23:36.543000,415.3745615906295,10
2024-09-18 12:23:36.582000,415.3816001487037,1002
2024-09-18 12:23:36.592000,415.3471495811056,999
2024-09-18 12:23:36.660000,415.3738021274453,99
2024-09-18 12:23:36.669000,415.3574297510656,8
2024-09-18 12:23:36.720000,415.3751317333157,1001
2024-09-18 12:23:36.722000,415.38106126646,102
2024-09-18 12:23:36.794000,415.3771567004052,1002
2024-09-18 12:23:36.863000,415.38664557411136,995
2024-09-18 12:23:36.871000,415.3696499269326,13
2024-09-18 12:23:36.917000,415.38354240995176,95
2024-09-18 12:23:36.997000,415.36672151381936,13
2024-09-18 12:23:37.065000,415.38955942055605,6
2024-09-18 12:23:37.101000,415.33488291348255,96
2024-09-18 12:23:37.163000,415.3921463133314,13
2024-09-18 12:23:37.184000,415.3359757258514,10
2024-09-18 12:23:37.205000,415.31003060641234,998
2024-09-18 12:23:37.251000,415.3443626789211,11
2024-09-18 12:23:37.317000,415.3674900049781,14
2024-09-18 12:23:37.334000,415.3544756948532,99
2024-09-18 12:23:37.348000,415.3835033794504,1000
2024-09-18 12:23:37.357000,415.3547819534447,995
2024-09-18 12:23:37.370000,415.36192178827815,5
2024-09-18 12:23:37.430000,415.35650931872,104
2024-09-18 12:23:37.498000,415.3733692954028,1002
2024-09-18 12:23:37.507000,415.37507387309273,101
2024-09-18 12:23:37.517000,415.3605574602644,999
2024-09-18 12:23:37.573000,415.3391884273028,998
2024-09-18 12:23:37.672000,415.3409330202094,1003
2024-09-18 12:23:37.777000,415.3941089423265,15
2024-09-18 12:23:37.862000,415.3567877302051,97
2024-09-18 12:23:37.873000,415.3758381377125,998
2024-09-18 12:23:37.876000,415.35093341417866,99
2024-09-18 12:23:37.931000,415.37366151154265,95
2024-09-18 12:23:37.943000,415.3342469855703,97
2024-09-18 12:23:38.326000,415.3490145707969,98
2024-09-18 12:23:38.443000,415.372915447952,1000
2024-09-18 12:23:38.528000,415.3726701843681,103
2024-09-18 12:23:39.091000,415.3114594227234,12
2024-09-18 12:23:39.153000,415.3327834146679,97
2024-09-18 12:23:39.189000,415.3381697609197,995
2024-09-18 12:23:39.394000,415.3321474793616,101
2024-09-18 12:23:39.552000,415.3311429636592,96
2024-09-18 12:23:39.583000,415.35186526854767,999
2024-09-18 12:23:39.598000,415.3364049019478,996
2024-09-18 12:23:39.777000,415.3327883359814,14
2024-09-18 12:23:39.813000,415.3263607290205,1001
2024-09-18 12:23:39.834000,415.32305870374745,1004
2024-09-18 12:23:39.918000,415.3241352498685,104
2024-09-18 12:23:39.925000,415.3195016762662,104
2024-09-18 12:23:40.033000,415.34427776275305,1004
2024-09-18 12:23:40.043000,415.3668909454759,999
2024-09-18 12:23:40.045000,415.3172655437137,104
2024-09-18 12:23:40.097000,415.3008380704079,11
2024-09-18 12:23:40.117000,415.3383842957232,13
2024-09-18 12:23:40.154000,415.34768101317,10
2024-09-18 12:23:40.164000,415.3192091056488,95
2024-09-18 12:23:40.187000,415.3081897010671,12
2024-09-18 12:23:40.227000,415.33548802410064,101
2024-09-18 12:23:40.278000,415.33831957107896,997
2024-09-18 12:23:40.298000,415.3385795626263,7
2024-09-18 12:23:40.366000,415.3021114045175,14
2024-09-18 12:23:40.435000,415.3187868467839,11
2024-09-18 12:23:40.481000,415.33722420517694,103
2024-09-18 12:23:40.492000,415.3634326608666,100
2024-09-18 12:23:40.509000,415.3701762448635,1004
2024-09-18 12:23:40.541000,415.3482177777448,995
2024-09-18 12:23:40.545000,415.3300068145949,105
2024-09-18 12:23:40.558000,415.3121315304022,1000
2024-09-18 12:23:40.575000,415.3346055741944,6
2024-09-18 12:23:40.609000,415.3013266593267,102
2024-09-18 12:23:40.625000,415.3516128465033,1004
2024-09-18 12:23:40.813000,415.3460232786827,1004
2024-09-18 12:23:40.825000,415.3333487590584,101
2024-09-18 12:23:40.833000,415.2972561527034,105
2024-09-18 12:23:40.923000,415.32948717570025,996
2024-09-18 12:23:40.940000,415.34055517145833,104
2024-09-18 12:23:40.954000,415.338170663019,105
2024-09-18 12:23:40.988000,415.3232338990573,96
2024-09-18 12:23:41.341000,415.2473823541533,1001
2024-09-18 12:23:41.413000,415.275735384146,10
2024-09-18 12:23:41.678000,415.29096596833926,101
2024-09-18 12:23:41.727000,415.2706606122573,1001
2024-09-18 12:23:41.750000,415.2871320463611,102
2024-09-18 12:23:41.754000,415.3184043973413,10
2024-09-18 12:23:41.820000,415.3209179954983,13
2024-09-18 12:23:41.847000,415.3157800066513,997
2024-09-18 12:23:42.023000,415.239557732084,102
2024-09-18 12:23:42.035000,415.2490055383344,5
2024-09-18 12:23:42.035000,415.2345671227814,100
2024-09-18 12:23:42.065000,415.24773852993326,100
2024-09-18 12:23:42.094000,415.2810094305503,5
2024-09-18 12:23:42.116000,415.273347348619,103
2024-09-18 12:23:42.118000,415.2162800771317,997
2024-09-18 12:23:42.182000,415.2197113551938,100
2024-09-18 12:23:42.210000,415.2845598770803,1000
2024-09-18 12:23:42.217000,415.2147234861602,97
2024-09-18 12:23:42.281000,415.2944989780776,997
2024-09-18 12:23:42.328000,415.2883474851837,1003
2024-09-18 12:23:42.350000,415.2415530120005,998
2024-09-18 12:23:42.361000,415.2746412617446,15
2024-09-18 12:23:42.390000,415.2818091747176,11
2024-09-18 12:23:42.393000,415.2170722355696,8
2024-09-18 12:23:42.432000,415.31990097719296,95
2024-09-18 12:23:42.458000,415.2712475268614,15
2024-09-18 12:23:42.490000,415.2680361189471,98
2024-09-18 12:23:42.631000,415.2323515337336,13
2024-09-18 12:23:42.653000,415.2406816917599,996
2024-09-18 12:23:42.655000,415.2272642705168,14
2024-09-18 12:23:42.794000,415.207435132732,998
2024-09-18 12:23:42.845000,415.2150403405632,7
2024-09-18 12:23:42.848000,415.2780003710655,97
2024-09-18 12:23:42.863000,415.3155295696676,95
2024-09-18 12:23:42.903000,415.2458146915845,9
2024-09-18 12:23:42.954000,415.24547409757247,6
2024-09-18 12:23:42.970000,415.2649666790281,998
2024-09-18 12:23:43.465000,415.353276814996,10
2024-09-18 12:23:43.809000,415.3191045582371,997
2024-09-18 12:23:44.047000,415.3287799232139,10
2024-09-18 12:23:44.091000,415.3261425292746,1004
2024-09-18 12:23:44.099000,415.3234026250996,12
2024-09-18 12:23:44.147000,415.3228301548289,995
2024-09-18 12:23:44.221000,415.3224330852679,13
2024-09-18 12:23:44.252000,415.3296383805499,105
2024-09-18 12:23:44.347000,415.3297949109933,8
2024-09-18 12:23:44.395000,415.3264036803525,1004
2024-09-18 12:23:44.433000,415.3359951779061,13
2024-09-18 12:23:44.547000,415.3386634925534,1001
2024-09-18 12:23:44.842000,415.3254579436973,12
2024-09-18 12:23:44.856000,415.3293276855655,997
2024-09-18 12:23:44.941000,415.3288023181358,1001
2024-09-18 12:23:45.004000,415.2940363865096,995
2024-09-18 12:23:45.056000,415.2606035368962,103
2024-09-18 12:23:45.060000,415.2661010289912,95
2024-09-18 12:23:45.199000,415.3304666342576,104
2024-09-18 12:23:45.222000,415.32343356104025,96
2024-09-18 12:23:45.246000,415.3110714991959,105
2024-09-18 12:23:45.302000,415.2811168746672,996
2024-09-18 12:23:45.360000,415.2762008860955,1001
2024-09-18 12:23:45.505000,415.2746129837413,9
2024-09-18 12:23:45.522000,415.32553636077415,98
2024-09-18 12:23:45.550000,415.2750953185937,100
2024-09-18 12:23:45.598000,415.2664524402166,103
2024-09-18 12:23:45.606000,415.3037697905303,104
2024-09-18 12:23:45.634000,415.26030233368186,6
2024-09-18 12:23:45.684000,415.2816883670552,9
2024-09-18 12:23:45.689000,415.27307773871433,998
2024-09-18 12:23:45.698000,415.30735292677696,15
2024-09-18 12:23:45.756000,415.3121152380194,1002
2024-09-18 12:23:45.868000,415.2462143705895,997
2024-09-18 12:23:45.879000,415.30652259195193,104
2024-09-18 12:23:45.910000,415.2703772062251,13
2024-09-18 12:23:45.942000,415.2651691964766,5
2024-09-18 12:23:45.981000,415.3178662868023,13
2024-09-18 12:23:45.997000,415.2816386390268,95
2024-09-18 12:23:46.008000,415.2969720313173,996
2024-09-18 12:23:46.054000,415.2534360903968,8
2024-09-18 12:23:46.213000,415.3135791853272,998
2024-09-18 12:23:46.251000,415.2675999395549,98
2024-09-18 12:23:46.266000,415.2766767631037,103
2024-09-18 12:23:46.279000,415.2796952814826,9
2024-09-18 12:23:46.371000,415.3080456937422,1001
2024-09-18 12:23:46.382000,415.2864010900502,100
2024-09-18 12:23:46.391000,415.2996630548282,1004
2024-09-18 12:23:46.398000,415.31052311921104,7
2024-09-18 12:23:46.409000,415.3008762839429,15
2024-09-18 12:23:46.457000,415.2875138752323,1005
2024-09-18 12:23:46.472000,415.3477507709085,98
2024-09-18 12:23:46.532000,415.3003755410806,97
2024-09-18 12:23:46.537000,415.3226591623532,14
2024-09-18 12:23:46.571000,415.29217122172594,104
2024-09-18 12:23:46.599000,415.3102991710961,8
2024-09-18 12:23:46.629000,415.3391998275318,11
2024-09-18 12:23:46.680000,415.2909344340117,1004
2024-09-18 12:23:46.710000,415.3678420313515,100
2024-09-18 12:23:46.730000,415.2966189825115,98
2024-09-18 12:23:46.827000,415.3330048697066,998
2024-09-18 12:23:46.835000,415.2939576097141,5
2024-09-18 12:23:46.849000,415.2597154378071,15
2024-09-18 12:23:46.864000,415.3131661262251,14
2024-09-18 12:23:46.876000,415.3648147949288,999
2024-09-18 12:23:46.921000,415.2883378473516,15
2024-09-18 12:23:47,415.3708650932416,105
2024-09-18 12:23:47.035000,415.2232163879953,97
2024-09-18 12:23:47.042000,415.3008792611572,8
2024-09-18 12:23:47.057000,415.2744500576922,9
2024-09-18 12:23:47.102000,415.322466323044,103
2024-09-18 12:23:47.149000,415.33256718274106,999
2024-09-18 12:23:47.163000,415.3032115343022,100
2024-09-18 12:23:47.259000,415.197819502101,6
2024-09-18 12:23:47.274000,415.3301260939888,999
2024-09-18 12:23:47.343000,415.3322426065105,96
2024-09-18 12:23:47.431000,415.2929527858037,105
2024-09-18 12:23:47.436000,415.3394814835227,5
2024-09-18 12:23:47.446000,415.2142571704253,995
2024-09-18 12:23:47.488000,415.2930589843925,11
2024-09-18 12:23:47.521000,415.3087876231904,102
2024-09-18 12:23:47.591000,415.2053893029878,9
2024-09-18 12:23:47.597000,415.207521072836,104
2024-09-18 12:23:47.601000,415.2862944281517,1002
2024-09-18 12:23:47.620000,415.237719292388,101
2024-09-18 12:23:47.629000,415.32859790574406,11
2024-09-18 12:23:47.631000,415.262132395599,104
2024-09-18 12:23:47.632000,415.200944756468,996
2024-09-18 12:23:47.674000,415.29820704735033,6
2024-09-18 12:23:47.676000,415.3500209278394,9
2024-09-18 12:23:47.855000,415.35289069509344,104
2024-09-18 12:23:47.870000,415.3330104897735,97
2024-09-18 12:23:47.914000,415.2469626203051,99
2024-09-18 12:23:47.933000,415.2977547390719,102
2024-09-18 12:23:48.274000,415.1874372381502,14
2024-09-18 12:23:48.524000,415.1930071717672,15
2024-09-18 12:23:48.537000,415.1832362615506,105
2024-09-18 12:23:48.588000,415.18655408894745,997
2024-09-18 12:23:50.041000,415.20359182316224,15
2024-09-18 12:23:50.071000,415.1890820920938,1002
2024-09-18 12:23:50.313000,415.2513324530607,1003
2024-09-18 12:23:50.367000,415.2796481763288,14
2024-09-18 12:23:50.523000,415.28369384853335,5
2024-09-18 12:23:50.579000,415.1981671208278,10
2024-09-18 12:23:50.599000,415.28334894814327,105
2024-09-18 12:23:50.816000,415.1975074582558,9
2024-09-18 12:23:50.847000,415.2010802586897,100
2024-09-18 12:23:50.952000,415.2328173399303,10
2024-09-18 12:23:51.054000,415.3295188105631,96
2024-09-18 12:23:51.066000,415.3019941363253,998
2024-09-18 12:23:51.169000,415.3466872597535,1002
2024-09-18 12:23:51.192000,415.3616821817084,99
2024-09-18 12:23:51.309000,415.306583279833,1002
2024-09-18 12:23:51.315000,415.3667414016465,1003
2024-09-18 12:23:51.328000,415.3054804815377,1001
2024-09-18 12:23:51.345000,415.3270650680929,10
2024-09-18 12:23:51.386000,415.3390597351936,5
2024-09-18 12:23:51.394000,415.32510577451256,101
2024-09-18 12:23:51.436000,415.3518886761854,6
2024-09-18 12:23:51.510000,415.341635986056,102
2024-09-18 12:23:51.517000,415.3373309543607,1002
2024-09-18 12:23:51.737000,415.35204195881937,100
2024-09-18 12:23:51.805000,415.3358491122908,6
2024-09-18 12:23:51.848000,415.35491522135135,1002
2024-09-18 12:23:51.974000,415.3071460957276,13
2024-09-18 12:23:52.222000,415.3776771783871,14
2024-09-18 12:23:52.290000,415.34159528897817,1005
2024-09-18 12:23:52.592000,415.3398573183874,104
2024-09-18 12:23:52.726000,415.355577893294,1000
2024-09-18 12:23:53.088000,415.3516164085133,13
2024-09-18 12:23:53.170000,415.3304092054109,11
2024-09-18 12:23:53.188000,415.32936734159273,9
2024-09-18 12:23:53.188000,415.3336725493739,995
2024-09-18 12:23:53.203000,415.2983844247809,7
2024-09-18 12:23:53.250000,415.3102295502846,1000
2024-09-18 12:23:53.342000,415.34843890531135,999
2024-09-18 12:23:53.358000,415.3580775706942,104
2024-09-18 12:23:53.405000,415.3349586062033,1000
2024-09-18 12:23:53.425000,415.3403386059562,6
2024-09-18 12:23:53.442000,415.3524301845089,99
2024-09-18 12:23:53.473000,415.3619096399067,103
2024-09-18 12:23:53.479000,415.2817025855479,15
2024-09-18 12:23:53.498000,415.3190817771401,99
2024-09-18 12:23:53.502000,415.3451400516048,97
2024-09-18 12:23:53.512000,415.318379651881,15
2024-09-18 12:23:53.520000,415.3127689798381,95
2024-09-18 12:23:53.561000,415.3398331863434,13
2024-09-18 12:23:53.578000,415.28269675446666,1003
2024-09-18 12:23:53.592000,415.32871900561753,101
2024-09-18 12:23:53.604000,415.34883391913314,14
2024-09-18 12:23:53.649000,415.3419581442288,98
2024-09-18 12:23:53.714000,415.3367798719406,999
2024-09-18 12:23:53.738000,415.36982305311005,997
2024-09-18 12:23:53.762000,415.3656551550671,104
2024-09-18 12:23:53.851000,415.3346508837962,1005
2024-09-18 12:23:53.920000,415.35491516738153,102
2024-09-18 12:23:53.974000,415.3084475965166,996
2024-09-18 12:23:53.976000,415.29454799200647,9
2024-09-18 12:23:53.993000,415.3425739069919,10
2024-09-18 12:23:54.003000,415.3988811962079,99
2024-09-18 12:23:54.127000,415.3921883225039,100
2024-09-18 12:23:54.183000,415.3863865206527,103
2024-09-18 12:23:54.196000,415.39074875781296,5
2024-09-18 12:23:54.204000,415.3868879636936,998
2024-09-18 12:23:54.205000,415.3675610923309,101
2024-09-18 12:23:54.313000,415.3612986101618,1005
2024-09-18 12:23:54.314000,415.3542166581069,9
2024-09-18 12:23:54.407000,415.3575341478565,12
2024-09-18 12:23:54.477000,415.3632985794549,1003
2024-09-18 12:23:54.534000,415.3780268860695,101
2024-09-18 12:23:54.652000,415.3589201396273,99
2024-09-18 12:23:54.656000,415.3776527303213,99
2024-09-18 12:23:54.706000,415.3882653914252,13
2024-09-18 12:23:54.723000,415.3962469876685,15
2024-09-18 12:23:54.734000,415.3858094202375,98
2024-09-18 12:23:54.776000,415.3849782153405,98
2024-09-18 12:23:54.877000,415.3726785413597,998
2024-09-18 12:23:54.894000,415.37412626037445,101
2024-09-18 12:23:55.042000,415.3073682174299,995
2024-09-18 12:23:55.051000,415.3163283501109,6
2024-09-18 12:23:55.095000,415.31373932834185,1000
2024-09-18 12:23:55.125000,415.3044583592504,995
2024-09-18 12:23:55.149000,415.32544106589705,98
2024-09-18 12:23:55.154000,415.3093636632146,5
2024-09-18 12:23:55.205000,415.32194806580776,11
2024-09-18 12:23:55.222000,415.3566085207525,1005
2024-09-18 12:23:55.243000,415.2830643816816,102
2024-09-18 12:23:55.288000,415.3693619768166,10
2024-09-18 12:23:55.305000,415.3218166866283,995
2024-09-18 12:23:55.307000,415.3393911969828,97
2024-09-18 12:23:55.339000,415.3536914700539,105
2024-09-18 12:23:55.418000,415.3028986122836,6
2024-09-18 12:23:55.430000,415.3686126006713,101
2024-09-18 12:23:55.456000,415.3167995005173,5
2024-09-18 12:23:55.589000,415.3185093199044,5
2024-09-18 12:23:55.631000,415.2974391500824,104
2024-09-18 12:23:55.636000,415.2935640560908,996
2024-09-18 12:23:55.827000,415.3572764995876,12
2024-09-18 12:23:55.835000,415.3257487746852,102
2024-09-18 12:23:55.869000,415.2803739719925,7
2024-09-18 12:23:55.880000,415.355918803578,1005
2024-09-18 12:23:55.886000,415.2999642357536,97
2024-09-18 12:23:55.908000,415.292061693969,105
2024-09-18 12:23:55.952000,415.3064810959186,9
2024-09-18 12:23:56.019000,415.2918812117762,997
2024-09-18 12:23:56.050000,415.2815227188581,7
2024-09-18 12:23:56.057000,415.316243158365,998
2024-09-18 12:23:56.149000,415.3147797446903,997
2024-09-18 12:23:56.182000,415.3129581602568,1005
2024-09-18 12:23:56.215000,415.327177449731,96
2024-09-18 12:23:56.234000,415.2773750175826,7
2024-09-18 12:23:56.248000,415.3196619135923,12
2024-09-18 12:23:56.249000,415.2871682209156,9
2024-09-18 12:23:56.257000,415.3033726975618,9
2024-09-18 12:23:56.441000,415.2701698404726,12
2024-09-18 12:23:56.575000,415.33651607450776,13
2024-09-18 12:23:56.603000,415.3139961393988,5
2024-09-18 12:23:56.612000,415.2843249860418,1000
2024-09-18 12:23:56.703000,415.3398156495612,15
2024-09-18 12:23:56.794000,415.2894711928243,105
2024-09-18 12:23:56.820000,415.3104798123826,97
2024-09-18 12:23:56.824000,415.26746381808846,997
2024-09-18 12:23:56.873000,415.33883471846326,99
2024-09-18 12:23:56.877000,415.3272486146465,995
2024-09-18 12:23:56.901000,415.28519926333456,100
2024-09-18 12:23:56.961000,415.27095148545936,10
2024-09-18 12:23:56.990000,415.3185716417842,1001
2024-09-18 12:23:57.090000,415.2776433392146,998
2024-09-18 12:23:57.126000,415.2615623415544,1000
2024-09-18 12:23:57.148000,415.2819618651835,99
2024-09-18 12:23:57.149000,415.30579321581575,11
2024-09-18 12:23:57.171000,415.2761674716307,100
2024-09-18 12:23:57.181000,415.3141206001822,996
2024-09-18 12:23:57.313000,415.3139489694199,7
2024-09-18 12:23:57.358000,415.28141205083415,5
2024-09-18 12:23:57.370000,415.2925334419775,15
2024-09-18 12:23:57.418000,415.2946247979848,14
2024-09-18 12:23:57.447000,415.3115354578106,998
2024-09-18 12:23:57.707000,415.2814915882221,14
2024-09-18 12:23:57.762000,415.3120176374045,5
2024-09-18 12:23:57.799000,415.286657637287,1000
2024-09-18 12:23:57.851000,415.2920219044081,10
2024-09-18 12:23:58.055000,415.3483403703551,8
2024-09-18 12:23:58.060000,415.2581792899554,103
2024-09-18 12:23:58.063000,415.3160074887704,102
2024-09-18 12:23:58.105000,415.35115614781006,1001
2024-09-18 12:23:58.106000,415.3140179513848,15
2024-09-18 12:23:58.135000,415.3031357449189,1000
2024-09-18 12:23:58.136000,415.34809442074857,1001
2024-09-18 12:23:58.226000,415.2779112397508,1000
2024-09-18 12:23:58.244000,415.3393041417109,99
2024-09-18 12:23:58.314000,415.31857052133984,7
2024-09-18 12:23:58.330000,415.3060300935573,998
2024-09-18 12:23:58.349000,415.2921129987778,5
2024-09-18 12:23:58.372000,415.3026122652389,101
2024-09-18 12:23:58.396000,415.3169784687376,12
2024-09-18 12:23:58.409000,415.2886789758026,98
2024-09-18 12:23:58.440000,415.2562099558591,5
2024-09-18 12:23:58.541000,415.275000381446,10
2024-09-18 12:23:58.664000,415.3057546881215,1001
2024-09-18 12:23:58.687000,415.3114446868448,998
2024-09-18 12:23:58.694000,415.2889567201273,1005
2024-09-18 12:23:58.696000,415.2841859296447,100
2024-09-18 12:23:58.707000,415.32541144864047,997
2024-09-18 12:23:58.797000,415.3443913086976,15
2024-09-18 12:23:58.809000,415.3158479659135,9
2024-09-18 12:23:58.817000,415.3347610508578,98
2024-09-18 12:23:58.843000,415.2789482998064,13
2024-09-18 12:23:58.879000,415.33693724976007,9
2024-09-18 12:23:58.894000,415.2938949187476,996
2024-09-18 12:23:58.925000,415.3490593675821,96
2024-09-18 12:23:58.963000,415.28037100915816,10
2024-09-18 12:23:59.009000,415.2603696836363,11
2024-09-18 12:23:59.112000,415.2800044109016,1000
2024-09-18 12:23:59.136000,415.2792303843538,100
2024-09-18 12:23:59.164000,415.2394934695024,996
2024-09-18 12:23:59.195000,415.2410742640821,1001
2024-09-18 12:23:59.302000,415.2604867725834,1001
2024-09-18 12:23:59.383000,415.18938092858224,10
2024-09-18 12:23:59.410000,415.3011919484095,101
2024-09-18 12:23:59.455000,415.22410709454016,997
2024-09-18 12:23:59.537000,415.2117633279756,1000
2024-09-18 12:23:59.551000,415.2471956461519,102
2024-09-18 12:23:59.578000,415.2394194940509,100
2024-09-18 12:23:59.693000,415.23522816430113,10
2024-09-18 12:23:59.723000,415.3066542811727,1005
2024-09-18 12:23:59.847000,415.2303236763242,95
2024-09-18 12:23:59.892000,415.2802430457344,105
2024-09-18 12:23:59.923000,415.2289307190187,995
2024-09-18 12:23:59.972000,415.2834343510261,9
