Timestamp,Price,Size
2024-09-18 14:29:00.003000,412.8411343731185,7
2024-09-18 14:29:00.102000,412.8398002800306,9
2024-09-18 14:29:00.151000,412.8566624695024,95
2024-09-18 14:29:00.248000,412.8383036190716,5
2024-09-18 14:29:00.422000,412.84314495146623,14
2024-09-18 14:29:00.449000,412.84193049103015,1001
2024-09-18 14:29:00.482000,412.84544026402153,100
2024-09-18 14:29:00.556000,412.8164720909286,101
2024-09-18 14:29:00.561000,412.8354561562514,11
2024-09-18 14:29:00.573000,412.8217201967223,996
2024-09-18 14:29:00.722000,412.8424793822052,996
2024-09-18 14:29:00.745000,412.8510140887565,97
2024-09-18 14:29:00.797000,412.80167323353,101
2024-09-18 14:29:00.818000,412.8247550916564,11
2024-09-18 14:29:00.914000,412.8246499796957,104
2024-09-18 14:29:00.986000,412.8240519663008,97
2024-09-18 14:29:01.020000,412.7845943511153,103
2024-09-18 14:29:01.088000,412.7582002470075,9
2024-09-18 14:29:01.270000,412.7470807972679,9
2024-09-18 14:29:01.324000,412.74724030483054,1005
2024-09-18 14:29:01.405000,412.7861202294924,9
2024-09-18 14:29:01.433000,412.7369980297164,100
2024-09-18 14:29:01.446000,412.7532211136513,12
2024-09-18 14:29:01.519000,412.75984603488,104
2024-09-18 14:29:01.525000,412.7772686339824,998
2024-09-18 14:29:01.571000,412.7695177809729,8
2024-09-18 14:29:01.829000,412.7850501479053,1005
2024-09-18 14:29:01.848000,412.7649113635628,1003
2024-09-18 14:29:01.905000,412.7524072087861,105
2024-09-18 14:29:01.948000,412.7509074107156,9
2024-09-18 14:29:01.997000,412.7549377604246,95
2024-09-18 14:29:02.119000,412.8411105825433,7
2024-09-18 14:29:02.146000,412.8248567170248,98
2024-09-18 14:29:02.159000,412.8442577036955,104
2024-09-18 14:29:02.305000,412.8310035539234,15
2024-09-18 14:29:02.356000,412.8126577828143,8
2024-09-18 14:29:02.356000,412.8426004872771,6
2024-09-18 14:29:02.416000,412.7996899122288,995
2024-09-18 14:29:02.550000,412.8049035988635,98
2024-09-18 14:29:02.617000,412.8147270342499,1000
2024-09-18 14:29:02.656000,412.78804210572446,1004
2024-09-18 14:29:02.737000,412.8073948501688,999
2024-09-18 14:29:02.759000,412.84783700453073,1005
2024-09-18 14:29:02.776000,412.8274472641041,99
2024-09-18 14:29:02.838000,412.7931473858474,105
2024-09-18 14:29:02.842000,412.8349309156642,7
2024-09-18 14:29:02.867000,412.83869725118274,95
2024-09-18 14:29:02.873000,412.8395025713848,999
2024-09-18 14:29:02.964000,412.80179804410426,104
2024-09-18 14:29:03.068000,412.78252865052383,1004
2024-09-18 14:29:03.083000,412.7872391319432,15
2024-09-18 14:29:03.105000,412.7972043058992,7
2024-09-18 14:29:03.124000,412.8010190499806,8
2024-09-18 14:29:03.189000,412.8043717481111,1000
2024-09-18 14:29:03.196000,412.7809988035016,13
2024-09-18 14:29:03.288000,412.78637444196215,996
2024-09-18 14:29:03.360000,412.7736941806608,10
2024-09-18 14:29:03.362000,412.76519166292496,102
2024-09-18 14:29:03.383000,412.81222040896944,101
2024-09-18 14:29:03.392000,412.7686353884194,1003
2024-09-18 14:29:03.503000,412.7918429527073,96
2024-09-18 14:29:03.532000,412.7801502274745,99
2024-09-18 14:29:03.620000,412.8117890639172,14
2024-09-18 14:29:03.644000,412.77813311648,102
2024-09-18 14:29:03.693000,412.7663046942472,1001
2024-09-18 14:29:03.753000,412.7675729082623,996
2024-09-18 14:29:03.758000,412.7805792253747,6
2024-09-18 14:29:03.758000,412.80222777896654,13
2024-09-18 14:29:03.826000,412.7916941363598,97
2024-09-18 14:29:03.929000,412.8063602254363,996
2024-09-18 14:29:04.054000,412.7857046444575,97
2024-09-18 14:29:04.117000,412.8379381100502,101
2024-09-18 14:29:04.151000,412.8249263263983,103
2024-09-18 14:29:04.166000,412.81749081797307,998
2024-09-18 14:29:04.233000,412.79999408086417,15
2024-09-18 14:29:04.256000,412.8071969612575,995
2024-09-18 14:29:04.270000,412.81404169331785,1005
2024-09-18 14:29:04.368000,412.8067888443959,7
2024-09-18 14:29:04.459000,412.7786829961159,1004
2024-09-18 14:29:04.678000,412.8147942996299,996
2024-09-18 14:29:04.837000,412.8476564300461,999
2024-09-18 14:29:04.856000,412.8275759545593,10
2024-09-18 14:29:04.894000,412.8104914350884,1000
2024-09-18 14:29:04.965000,412.7936628921913,5
2024-09-18 14:29:05.195000,412.8464587103299,101
2024-09-18 14:29:05.256000,412.8333380167315,104
2024-09-18 14:29:05.348000,412.8407710430857,1005
2024-09-18 14:29:05.395000,412.816791777881,101
2024-09-18 14:29:05.418000,412.8596922242039,13
2024-09-18 14:29:05.477000,412.8687421658677,12
2024-09-18 14:29:05.505000,412.8201927845101,12
2024-09-18 14:29:06.041000,412.7989984651775,1004
2024-09-18 14:29:06.107000,412.7924338789529,104
2024-09-18 14:29:06.154000,412.8105473673723,101
2024-09-18 14:29:06.222000,412.8036516921037,104
2024-09-18 14:29:06.230000,412.8250172856603,1003
2024-09-18 14:29:06.284000,412.8195422866803,98
2024-09-18 14:29:06.318000,412.81329400877087,97
2024-09-18 14:29:06.534000,412.7961591462225,97
2024-09-18 14:29:06.580000,412.8063134342628,1003
2024-09-18 14:29:06.635000,412.7831087786543,9
2024-09-18 14:29:06.648000,412.7868154148946,97
2024-09-18 14:29:06.743000,412.787488581026,999
2024-09-18 14:29:06.749000,412.7922153836417,95
2024-09-18 14:29:06.773000,412.8092500520125,13
2024-09-18 14:29:06.784000,412.7874295167885,95
2024-09-18 14:29:06.825000,412.7982695105343,1003
2024-09-18 14:29:06.834000,412.795001785153,7
2024-09-18 14:29:06.838000,412.79249838415774,1002
2024-09-18 14:29:06.920000,412.7929698165148,14
2024-09-18 14:29:06.923000,412.81811473251867,10
2024-09-18 14:29:06.949000,412.8054952072527,5
2024-09-18 14:29:06.951000,412.7870683310191,997
2024-09-18 14:29:07.102000,412.77507484711,999
2024-09-18 14:29:07.166000,412.7841670152417,96
2024-09-18 14:29:07.228000,412.79834021834745,12
2024-09-18 14:29:07.415000,412.79876826829377,997
2024-09-18 14:29:07.580000,412.7887143034162,100
2024-09-18 14:29:07.809000,412.7787482669305,98
2024-09-18 14:29:07.812000,412.7825558329864,97
2024-09-18 14:29:07.923000,412.7999811885948,1001
2024-09-18 14:29:08.088000,412.897121769734,1005
2024-09-18 14:29:08.100000,412.84589726308496,9
2024-09-18 14:29:08.169000,412.7966728019071,1002
2024-09-18 14:29:08.197000,412.887040556441,15
2024-09-18 14:29:08.199000,412.89430769063154,10
2024-09-18 14:29:08.207000,412.9127425007104,105
2024-09-18 14:29:08.224000,412.8753837318213,996
2024-09-18 14:29:08.237000,412.8363375429728,996
2024-09-18 14:29:08.240000,412.9026060310629,1002
2024-09-18 14:29:08.244000,412.7910482307056,1001
2024-09-18 14:29:08.294000,412.7911212601837,98
2024-09-18 14:29:08.333000,412.87565524551337,11
2024-09-18 14:29:08.335000,412.7958646257997,14
2024-09-18 14:29:08.369000,412.8716426608748,998
2024-09-18 14:29:08.375000,412.9002923710597,997
2024-09-18 14:29:08.404000,412.8553154028152,13
2024-09-18 14:29:08.406000,412.8466795289475,6
2024-09-18 14:29:08.449000,412.8030569487885,102
2024-09-18 14:29:08.467000,412.88049717021966,995
2024-09-18 14:29:08.512000,412.90854594935513,102
2024-09-18 14:29:08.587000,412.8891394110407,10
2024-09-18 14:29:08.649000,412.8939430274171,11
2024-09-18 14:29:08.685000,412.90819097464464,5
2024-09-18 14:29:08.693000,412.8971444114731,1005
2024-09-18 14:29:08.714000,412.898908999337,1005
2024-09-18 14:29:08.755000,412.8396544013901,15
2024-09-18 14:29:08.789000,412.9203180581494,103
2024-09-18 14:29:08.874000,412.8185738025161,13
2024-09-18 14:29:08.929000,412.7920108232225,14
2024-09-18 14:29:08.989000,412.900570418003,99
2024-09-18 14:29:09.137000,412.8696517542422,11
2024-09-18 14:29:09.206000,412.8565904167591,998
2024-09-18 14:29:09.250000,412.8719683393748,13
2024-09-18 14:29:09.255000,412.8944139776135,95
2024-09-18 14:29:09.430000,412.8944915928558,996
2024-09-18 14:29:09.677000,412.8773202692098,13
2024-09-18 14:29:09.919000,412.8692510299426,102
2024-09-18 14:29:10.062000,412.8741910790205,104
2024-09-18 14:29:10.363000,412.87086762374247,998
2024-09-18 14:29:10.384000,412.88148776229497,105
2024-09-18 14:29:10.643000,412.89880410960507,997
2024-09-18 14:29:10.680000,412.881438221909,1002
2024-09-18 14:29:10.846000,412.87466652540274,14
2024-09-18 14:29:10.853000,412.8816299230342,15
2024-09-18 14:29:11.044000,412.8839137985694,1001
2024-09-18 14:29:11.088000,412.9143355759136,14
2024-09-18 14:29:11.345000,412.9397622722869,99
2024-09-18 14:29:11.369000,412.8890325807739,103
2024-09-18 14:29:11.468000,412.93169137353016,998
2024-09-18 14:29:11.566000,412.89363025918016,102
2024-09-18 14:29:11.617000,412.8707038499932,12
2024-09-18 14:29:11.770000,412.8766258235058,101
2024-09-18 14:29:11.800000,412.93210397921007,13
2024-09-18 14:29:11.863000,412.88129059516143,103
2024-09-18 14:29:12.013000,412.8763277874312,998
2024-09-18 14:29:12.079000,412.89816663992144,13
2024-09-18 14:29:12.146000,412.92851395047217,6
2024-09-18 14:29:12.161000,412.8671610566325,1002
2024-09-18 14:29:12.236000,412.8525718381423,1002
2024-09-18 14:29:12.247000,412.8612088303523,105
2024-09-18 14:29:12.256000,412.8782778344717,996
2024-09-18 14:29:12.331000,412.85012110937447,8
2024-09-18 14:29:12.488000,412.8935087591434,14
2024-09-18 14:29:12.602000,412.8380164778857,98
2024-09-18 14:29:12.651000,412.8789986947056,101
2024-09-18 14:29:12.746000,412.8756664955303,999
2024-09-18 14:29:12.907000,412.9115831682445,999
2024-09-18 14:29:12.914000,412.83553662962026,1005
2024-09-18 14:29:12.957000,412.8459573226087,11
2024-09-18 14:29:12.962000,412.888397962812,12
2024-09-18 14:29:13.105000,412.82834702452135,97
2024-09-18 14:29:13.157000,412.8123472088731,999
2024-09-18 14:29:13.288000,412.86046083989385,103
2024-09-18 14:29:13.361000,412.84796655532375,11
2024-09-18 14:29:13.381000,412.8507437127498,96
2024-09-18 14:29:13.417000,412.82051999323306,95
2024-09-18 14:29:13.425000,412.81928397405824,96
2024-09-18 14:29:13.491000,412.8145458350349,95
2024-09-18 14:29:13.515000,412.82836845418166,10
2024-09-18 14:29:13.698000,412.8536640096476,96
2024-09-18 14:29:13.759000,412.8088795449032,96
2024-09-18 14:29:13.839000,412.8157677982365,102
2024-09-18 14:29:13.916000,412.8160325163632,15
2024-09-18 14:29:13.936000,412.8047838656928,105
2024-09-18 14:29:13.952000,412.8120439460661,998
2024-09-18 14:29:14.017000,412.8334559034743,9
2024-09-18 14:29:14.028000,412.8330014113455,1003
2024-09-18 14:29:14.063000,412.8583385453498,998
2024-09-18 14:29:14.136000,412.8568586801272,104
2024-09-18 14:29:14.149000,412.83620725286494,5
2024-09-18 14:29:14.157000,412.8174716970456,96
2024-09-18 14:29:14.188000,412.84246363709445,100
2024-09-18 14:29:14.224000,412.82227106942815,97
2024-09-18 14:29:14.272000,412.833607686235,1001
2024-09-18 14:29:14.276000,412.82938692329816,1005
2024-09-18 14:29:14.388000,412.8487739409216,7
2024-09-18 14:29:14.443000,412.8268254191266,1002
2024-09-18 14:29:14.483000,412.8336314597007,14
2024-09-18 14:29:14.752000,412.8227586054064,96
2024-09-18 14:29:14.761000,412.85648635633385,10
2024-09-18 14:29:14.817000,412.7959588175044,8
2024-09-18 14:29:14.836000,412.8512351287048,96
2024-09-18 14:29:14.873000,412.86187679246905,8
2024-09-18 14:29:14.891000,412.8193493405963,11
2024-09-18 14:29:14.914000,412.8013309487691,105
2024-09-18 14:29:14.982000,412.8417221160166,8
2024-09-18 14:29:15.043000,412.8814057163027,101
2024-09-18 14:29:15.049000,412.8423811464824,1004
2024-09-18 14:29:15.058000,412.85246006750265,101
2024-09-18 14:29:15.078000,412.8649288590224,98
2024-09-18 14:29:15.244000,412.8828623102082,102
2024-09-18 14:29:15.247000,412.860648539646,104
2024-09-18 14:29:15.325000,412.8846343378982,12
2024-09-18 14:29:15.350000,412.8560090987047,15
2024-09-18 14:29:15.383000,412.85068039870976,99
2024-09-18 14:29:15.436000,412.8769880151552,102
2024-09-18 14:29:15.497000,412.8708743535698,8
2024-09-18 14:29:15.541000,412.8891711305859,1003
2024-09-18 14:29:15.549000,412.8720771493468,105
2024-09-18 14:29:15.567000,412.8403997382105,1001
2024-09-18 14:29:15.629000,412.87000507663447,101
2024-09-18 14:29:15.657000,412.8790079094435,101
2024-09-18 14:29:15.863000,412.883208422591,13
2024-09-18 14:29:15.896000,412.8667398157032,105
2024-09-18 14:29:15.915000,412.8515528539963,995
2024-09-18 14:29:15.946000,412.87615187876514,13
2024-09-18 14:29:15.951000,412.8598246999728,995
2024-09-18 14:29:16.011000,412.8723106857383,5
2024-09-18 14:29:16.085000,412.8735055120917,97
2024-09-18 14:29:16.618000,412.85843946208416,99
2024-09-18 14:29:16.841000,412.8597286973626,9
2024-09-18 14:29:16.848000,412.8523690220901,1004
2024-09-18 14:29:17.048000,412.8261337563519,995
2024-09-18 14:29:17.069000,412.76341603659273,997
2024-09-18 14:29:17.087000,412.889585088458,104
2024-09-18 14:29:17.134000,412.8200713064161,99
2024-09-18 14:29:17.208000,412.89043197395546,13
2024-09-18 14:29:17.257000,412.881341090002,9
2024-09-18 14:29:17.265000,412.76522517247633,14
2024-09-18 14:29:17.323000,412.8176517389451,998
2024-09-18 14:29:17.394000,412.846324448906,9
2024-09-18 14:29:17.489000,412.7916083522136,102
2024-09-18 14:29:17.513000,412.871031078448,101
2024-09-18 14:29:17.557000,412.7884878010185,6
2024-09-18 14:29:17.578000,412.7932313617118,101
2024-09-18 14:29:17.602000,412.8271187804837,6
2024-09-18 14:29:17.603000,412.7567697904528,1000
2024-09-18 14:29:17.716000,412.8459186217881,1003
2024-09-18 14:29:17.730000,412.802192670135,12
2024-09-18 14:29:17.792000,412.8184844818337,100
2024-09-18 14:29:17.830000,412.7808013564028,998
2024-09-18 14:29:17.842000,412.8274577542476,9
2024-09-18 14:29:17.880000,412.82190777932993,9
2024-09-18 14:29:17.940000,412.821466825054,104
2024-09-18 14:29:18.174000,412.7666963652418,96
2024-09-18 14:29:18.174000,412.7644839434727,995
2024-09-18 14:29:18.244000,412.7468642636139,8
2024-09-18 14:29:18.357000,412.7200899923259,11
2024-09-18 14:29:18.375000,412.7531003448669,1003
2024-09-18 14:29:18.460000,412.7651185623501,5
2024-09-18 14:29:18.495000,412.7191825808639,8
2024-09-18 14:29:18.501000,412.7775198363047,6
2024-09-18 14:29:18.554000,412.7666917099671,98
2024-09-18 14:29:18.577000,412.7517157267477,15
2024-09-18 14:29:18.577000,412.7352682248717,100
2024-09-18 14:29:18.589000,412.754806359791,1003
2024-09-18 14:29:18.635000,412.7528345022652,998
2024-09-18 14:29:18.652000,412.7628547518993,996
2024-09-18 14:29:18.659000,412.72851690372926,5
2024-09-18 14:29:18.723000,412.7739845294898,11
2024-09-18 14:29:18.740000,412.7622590731648,7
2024-09-18 14:29:18.747000,412.7720134867269,8
2024-09-18 14:29:18.755000,412.7626458001981,8
2024-09-18 14:29:18.832000,412.75489159524886,1001
2024-09-18 14:29:18.834000,412.74133492328406,13
2024-09-18 14:29:18.908000,412.7812635871396,14
2024-09-18 14:29:18.910000,412.7598143370784,999
2024-09-18 14:29:19.415000,412.7450173878137,996
2024-09-18 14:29:21.315000,412.7482244223244,996
2024-09-18 14:29:21.441000,412.8157609258423,996
2024-09-18 14:29:21.452000,412.8092939451605,12
2024-09-18 14:29:21.453000,412.7376647250206,101
2024-09-18 14:29:21.496000,412.7770018074309,103
2024-09-18 14:29:21.729000,412.7956512538577,15
2024-09-18 14:29:21.847000,412.7507813226326,11
2024-09-18 14:29:22.093000,412.8330771983294,6
2024-09-18 14:29:22.192000,412.822732187428,99
2024-09-18 14:29:22.247000,412.8194473625313,1001
2024-09-18 14:29:22.387000,412.825941706732,15
2024-09-18 14:29:22.497000,412.8229225330524,1002
2024-09-18 14:29:22.864000,412.82449654000055,1003
2024-09-18 14:29:22.975000,412.8233920290529,101
2024-09-18 14:29:23.015000,412.8324233008138,1002
2024-09-18 14:29:23.025000,412.8107573863205,11
2024-09-18 14:29:23.041000,412.8207575550928,99
2024-09-18 14:29:23.060000,412.81933361352407,1003
2024-09-18 14:29:23.144000,412.8004609819012,1003
2024-09-18 14:29:23.215000,412.8667444318977,105
2024-09-18 14:29:23.240000,412.82798127508994,1005
2024-09-18 14:29:23.313000,412.8159533230727,10
2024-09-18 14:29:23.402000,412.8707520019463,100
2024-09-18 14:29:23.484000,412.7929249400332,99
2024-09-18 14:29:23.556000,412.8329007165942,996
2024-09-18 14:29:23.599000,412.8019127608648,97
2024-09-18 14:29:23.748000,412.8592273646423,995
2024-09-18 14:29:23.785000,412.8814630425808,12
2024-09-18 14:29:23.846000,412.8571613326396,1001
2024-09-18 14:29:24.027000,413.0282853522272,7
2024-09-18 14:29:24.029000,412.9172243491072,6
2024-09-18 14:29:24.066000,412.8928334865452,8
2024-09-18 14:29:24.082000,412.9058699174017,7
2024-09-18 14:29:24.109000,413.040008133271,11
2024-09-18 14:29:24.149000,412.9667140945813,103
2024-09-18 14:29:24.226000,412.9115645498703,102
2024-09-18 14:29:24.264000,412.9139565430347,98
2024-09-18 14:29:24.324000,412.92216806252605,13
2024-09-18 14:29:24.394000,412.9174165893117,10
2024-09-18 14:29:24.422000,412.9972462134162,10
2024-09-18 14:29:24.432000,412.9117306948976,11
2024-09-18 14:29:24.531000,412.9032803303488,98
2024-09-18 14:29:24.574000,412.8900193528611,98
2024-09-18 14:29:24.648000,412.9400530198815,6
2024-09-18 14:29:24.732000,412.95086524542046,1002
2024-09-18 14:29:24.772000,413.0060633419475,95
2024-09-18 14:29:24.844000,412.9089999731737,98
2024-09-18 14:29:24.872000,412.9216001674331,100
2024-09-18 14:29:24.883000,412.900135877396,9
2024-09-18 14:29:24.909000,412.92027215818655,15
2024-09-18 14:29:24.971000,412.933159980005,105
2024-09-18 14:29:25.004000,412.9992756614932,7
2024-09-18 14:29:25.031000,413.0337986499056,6
2024-09-18 14:29:25.059000,413.0148920504528,101
2024-09-18 14:29:25.060000,413.01285972798695,995
2024-09-18 14:29:25.080000,413.0438413342424,14
2024-09-18 14:29:25.166000,412.98805347889686,13
2024-09-18 14:29:25.619000,413.0239702719567,8
2024-09-18 14:29:25.745000,413.03432439639374,5
2024-09-18 14:29:25.758000,413.0397394589303,12
2024-09-18 14:29:25.860000,413.0091105762402,1005
2024-09-18 14:29:25.902000,413.0175502150433,999
2024-09-18 14:29:25.956000,413.03341778477005,98
2024-09-18 14:29:26.079000,413.0226340577672,100
2024-09-18 14:29:26.114000,413.0272049483221,96
2024-09-18 14:29:26.124000,412.9948655626377,14
2024-09-18 14:29:26.128000,413.0150965837626,997
2024-09-18 14:29:26.134000,413.0017287693868,98
2024-09-18 14:29:26.134000,413.0197646062306,5
2024-09-18 14:29:26.151000,413.0162254037206,5
2024-09-18 14:29:26.176000,413.0116284267857,1005
2024-09-18 14:29:26.211000,413.01781293666977,103
2024-09-18 14:29:26.220000,413.0351418134204,9
2024-09-18 14:29:26.299000,413.0163544500485,998
2024-09-18 14:29:26.308000,413.0100370902987,1003
2024-09-18 14:29:26.519000,413.00707616694353,101
2024-09-18 14:29:26.557000,413.032509749492,995
2024-09-18 14:29:26.624000,413.02328416070543,1005
2024-09-18 14:29:26.682000,413.00766681459913,8
2024-09-18 14:29:26.693000,413.0114369856515,102
2024-09-18 14:29:26.698000,413.0185874114876,1002
2024-09-18 14:29:26.711000,413.0139435560744,14
2024-09-18 14:29:26.759000,412.9964646907183,104
2024-09-18 14:29:26.872000,413.0262211370821,999
2024-09-18 14:29:26.905000,413.0035284912006,1002
2024-09-18 14:29:27,412.9651595636138,999
2024-09-18 14:29:27.182000,413.02442632083535,998
2024-09-18 14:29:27.251000,412.9662216128687,104
2024-09-18 14:29:27.403000,412.9853873856408,995
2024-09-18 14:29:27.544000,412.99709593696986,11
2024-09-18 14:29:27.545000,412.9774606566592,10
2024-09-18 14:29:27.596000,412.985071669921,1000
2024-09-18 14:29:27.604000,412.9732768589628,97
2024-09-18 14:29:27.676000,413.0139256972536,98
2024-09-18 14:29:27.735000,412.9259388068492,9
2024-09-18 14:29:27.768000,413.0070750688065,98
2024-09-18 14:29:27.873000,412.9807248623822,95
2024-09-18 14:29:27.901000,412.9489266599509,9
2024-09-18 14:29:27.913000,412.98022703587634,5
2024-09-18 14:29:27.955000,412.9721341217625,1004
2024-09-18 14:29:28.086000,412.830854303749,12
2024-09-18 14:29:28.204000,412.8596841349422,998
2024-09-18 14:29:28.249000,412.8688759052203,100
2024-09-18 14:29:28.253000,412.8741842732843,99
2024-09-18 14:29:28.279000,412.87901380748747,995
2024-09-18 14:29:28.360000,412.8513025300224,7
2024-09-18 14:29:28.388000,412.8738127501029,96
2024-09-18 14:29:28.469000,412.8485893449068,103
2024-09-18 14:29:28.474000,412.8766745917263,1000
2024-09-18 14:29:28.513000,412.9080140787301,96
2024-09-18 14:29:28.645000,412.89748671964367,15
2024-09-18 14:29:28.660000,412.8873403429169,996
2024-09-18 14:29:28.962000,412.853492336928,15
2024-09-18 14:29:29.016000,412.8275567790507,15
2024-09-18 14:29:29.033000,412.84272966283095,14
2024-09-18 14:29:29.185000,412.84150180847513,14
2024-09-18 14:29:29.214000,412.8107483347225,105
2024-09-18 14:29:29.236000,412.8611916182751,102
2024-09-18 14:29:29.243000,412.84550828151305,1001
2024-09-18 14:29:29.250000,412.8487083974781,12
2024-09-18 14:29:29.289000,412.8469628352419,15
2024-09-18 14:29:29.295000,412.836082538898,1004
2024-09-18 14:29:29.315000,412.8174641821665,102
2024-09-18 14:29:29.363000,412.82913396825074,1002
2024-09-18 14:29:29.390000,412.8464361205158,998
2024-09-18 14:29:29.460000,412.8524667163168,1002
2024-09-18 14:29:29.538000,412.8392705245169,998
2024-09-18 14:29:29.550000,412.83018860978206,104
2024-09-18 14:29:29.738000,412.8330739614534,5
2024-09-18 14:29:29.752000,412.8339959083634,103
2024-09-18 14:29:29.807000,412.8479887276671,995
2024-09-18 14:29:29.810000,412.8242017564537,102
2024-09-18 14:29:29.857000,412.8601235747878,1000
2024-09-18 14:29:29.862000,412.8405104634382,999
2024-09-18 14:29:29.903000,412.8586038569693,998
2024-09-18 14:29:29.931000,412.8482649831609,102
2024-09-18 14:29:29.937000,412.83685335450514,97
2024-09-18 14:29:30.149000,412.8257425253145,1002
2024-09-18 14:29:30.188000,412.8286177860508,1002
2024-09-18 14:29:30.446000,412.8335496593111,1004
2024-09-18 14:29:30.477000,412.8063642091845,104
2024-09-18 14:29:30.843000,412.835784432552,1002
2024-09-18 14:29:30.920000,412.8265367544402,14
2024-09-18 14:29:31.002000,412.8174244460924,105
2024-09-18 14:29:31.007000,412.7845294356837,1000
2024-09-18 14:29:31.133000,412.8350168001151,1000
2024-09-18 14:29:31.154000,412.7982939462423,1003
2024-09-18 14:29:31.205000,412.8132062770148,1004
2024-09-18 14:29:31.210000,412.7910677589531,100
2024-09-18 14:29:31.335000,412.77464095428286,1003
2024-09-18 14:29:31.350000,412.8183850642965,15
2024-09-18 14:29:31.535000,412.8043720840693,998
2024-09-18 14:29:31.567000,412.8191884143541,102
2024-09-18 14:29:31.608000,412.8175650968524,104
2024-09-18 14:29:31.628000,412.8239654968667,1005
2024-09-18 14:29:31.649000,412.8109683180717,105
2024-09-18 14:29:31.701000,412.8187359968819,101
2024-09-18 14:29:31.778000,412.805129397912,8
2024-09-18 14:29:31.819000,412.8166596670497,5
2024-09-18 14:29:31.902000,412.7649806632015,102
2024-09-18 14:29:32.058000,412.7648847485421,13
2024-09-18 14:29:32.151000,412.79291217490976,995
2024-09-18 14:29:32.335000,412.7667972757444,1002
2024-09-18 14:29:32.336000,412.79469483767525,95
2024-09-18 14:29:32.356000,412.78062106541006,10
2024-09-18 14:29:32.393000,412.78010551964354,996
2024-09-18 14:29:32.410000,412.8179815979344,7
2024-09-18 14:29:32.504000,412.7775092925376,15
2024-09-18 14:29:32.520000,412.7590105216191,95
2024-09-18 14:29:32.562000,412.7798156606715,8
2024-09-18 14:29:32.757000,412.7869656223679,95
2024-09-18 14:29:32.764000,412.7820282288251,997
2024-09-18 14:29:32.784000,412.78774075288936,5
2024-09-18 14:29:32.871000,412.7783863293612,95
2024-09-18 14:29:32.906000,412.7939449254992,1002
2024-09-18 14:29:32.919000,412.7773464640438,996
2024-09-18 14:29:32.922000,412.76694974840143,6
2024-09-18 14:29:32.923000,412.7649419332639,5
2024-09-18 14:29:32.936000,412.7873086477553,97
2024-09-18 14:29:33.241000,412.78147327093984,99
2024-09-18 14:29:33.359000,412.7651498064714,104
2024-09-18 14:29:33.609000,412.7993155243131,997
2024-09-18 14:29:33.654000,412.785412351754,101
2024-09-18 14:29:33.758000,412.7830660185235,15
2024-09-18 14:29:33.927000,412.7692197085786,97
2024-09-18 14:29:34.033000,412.78819308836273,8
2024-09-18 14:29:34.211000,412.7934270067684,101
2024-09-18 14:29:34.224000,412.8067969259035,96
2024-09-18 14:29:34.285000,412.7652941804059,98
2024-09-18 14:29:34.304000,412.7934790974704,8
2024-09-18 14:29:34.306000,412.81417380843646,14
2024-09-18 14:29:34.336000,412.7789691141504,11
2024-09-18 14:29:34.411000,412.75957885442193,13
2024-09-18 14:29:34.449000,412.7968797077941,995
2024-09-18 14:29:34.545000,412.8001309938618,1003
2024-09-18 14:29:34.638000,412.8177705652636,102
2024-09-18 14:29:34.688000,412.80134270062985,15
2024-09-18 14:29:34.703000,412.76965523522745,14
2024-09-18 14:29:34.704000,412.7669007310048,997
2024-09-18 14:29:34.715000,412.7809130893029,1002
2024-09-18 14:29:34.782000,412.7964886937421,1003
2024-09-18 14:29:34.841000,412.7945751975996,102
2024-09-18 14:29:34.904000,412.7954794753106,8
2024-09-18 14:29:34.929000,412.7892521488643,9
2024-09-18 14:29:34.959000,412.7634833440949,1001
2024-09-18 14:29:34.966000,412.788094713306,98
2024-09-18 14:29:34.979000,412.79392018271113,14
2024-09-18 14:29:34.996000,412.7849239055474,1003
2024-09-18 14:29:35.349000,412.7534904836284,1003
2024-09-18 14:29:35.571000,412.7964458290176,104
2024-09-18 14:29:35.852000,412.7818793023462,1003
2024-09-18 14:29:36.030000,412.73758385252256,96
2024-09-18 14:29:36.072000,412.7568411149163,997
2024-09-18 14:29:36.115000,412.7481477778003,999
2024-09-18 14:29:36.121000,412.77039066924624,100
2024-09-18 14:29:36.171000,412.7024792859258,14
2024-09-18 14:29:36.223000,412.7849200506589,1000
2024-09-18 14:29:36.250000,412.7584841227106,15
2024-09-18 14:29:36.278000,412.7333994557801,96
2024-09-18 14:29:36.314000,412.7622108463219,10
2024-09-18 14:29:36.330000,412.7103476138509,9
2024-09-18 14:29:36.333000,412.7736228201444,9
2024-09-18 14:29:36.440000,412.7039956426882,12
2024-09-18 14:29:36.499000,412.7269792743007,101
2024-09-18 14:29:36.548000,412.7079139182678,1005
2024-09-18 14:29:36.615000,412.7057651945104,1003
2024-09-18 14:29:36.616000,412.7541980354112,999
2024-09-18 14:29:36.642000,412.7325685368194,99
2024-09-18 14:29:36.684000,412.7391431893577,101
2024-09-18 14:29:36.796000,412.7206415434754,95
2024-09-18 14:29:36.916000,412.7406929776803,100
2024-09-18 14:29:36.943000,412.7226070037113,98
2024-09-18 14:29:36.952000,412.773738406932,1003
2024-09-18 14:29:36.975000,412.7565324842601,1002
2024-09-18 14:29:37.157000,412.7109762849614,995
2024-09-18 14:29:37.211000,412.66835684387706,1005
2024-09-18 14:29:37.226000,412.6633696851267,104
2024-09-18 14:29:37.278000,412.6926068717696,998
2024-09-18 14:29:37.283000,412.6908226094282,1003
2024-09-18 14:29:37.287000,412.657139672628,6
2024-09-18 14:29:37.292000,412.68696080658026,1000
2024-09-18 14:29:37.297000,412.70088392012224,995
2024-09-18 14:29:37.382000,412.7160523177305,15
2024-09-18 14:29:37.457000,412.6861059555131,96
2024-09-18 14:29:37.476000,412.6944284890969,12
2024-09-18 14:29:37.498000,412.7198541007028,6
2024-09-18 14:29:37.534000,412.6713028301144,5
2024-09-18 14:29:37.573000,412.7047052989323,995
2024-09-18 14:29:37.623000,412.6739567969335,11
2024-09-18 14:29:37.671000,412.7158989803796,99
2024-09-18 14:29:37.751000,412.7179192526039,105
2024-09-18 14:29:37.753000,412.72646089649015,1005
2024-09-18 14:29:37.821000,412.682974789426,15
2024-09-18 14:29:37.830000,412.6691439822287,15
2024-09-18 14:29:37.895000,412.6893199972227,10
2024-09-18 14:29:37.932000,412.71370431303217,1000
2024-09-18 14:29:37.938000,412.72284819668505,12
2024-09-18 14:29:37.984000,412.6847676125124,10
2024-09-18 14:29:38.023000,412.6520575107567,12
2024-09-18 14:29:38.051000,412.6879944046357,998
2024-09-18 14:29:38.145000,412.6565726264748,103
2024-09-18 14:29:38.163000,412.6511310456992,1005
2024-09-18 14:29:38.170000,412.63907427309977,999
2024-09-18 14:29:38.301000,412.6548975478461,96
2024-09-18 14:29:38.317000,412.6332641463344,97
2024-09-18 14:29:38.325000,412.6425918486436,14
2024-09-18 14:29:38.331000,412.6396539516178,996
2024-09-18 14:29:38.353000,412.64107912407815,996
2024-09-18 14:29:38.399000,412.6446716997734,105
2024-09-18 14:29:38.446000,412.636282672008,12
2024-09-18 14:29:38.454000,412.6587365287898,1004
2024-09-18 14:29:38.470000,412.7042372115338,9
2024-09-18 14:29:38.533000,412.6322287278908,95
2024-09-18 14:29:38.563000,412.6308435531215,15
2024-09-18 14:29:38.598000,412.63607766666536,12
2024-09-18 14:29:38.633000,412.65384751168153,95
2024-09-18 14:29:38.635000,412.6873265606023,1001
2024-09-18 14:29:38.713000,412.6334279439157,15
2024-09-18 14:29:38.849000,412.6444589833629,96
2024-09-18 14:29:38.862000,412.6898353906558,1001
2024-09-18 14:29:38.895000,412.6450899378784,99
2024-09-18 14:29:38.895000,412.68695638089474,9
2024-09-18 14:29:38.931000,412.67391840344095,98
2024-09-18 14:29:38.944000,412.6331388628447,104
2024-09-18 14:29:38.977000,412.64128291066953,995
2024-09-18 14:29:38.991000,412.6696542618198,1003
2024-09-18 14:29:39.088000,412.6263777725463,101
2024-09-18 14:29:39.089000,412.6585336580028,998
2024-09-18 14:29:39.150000,412.6747075001902,13
2024-09-18 14:29:39.170000,412.62536051662,100
2024-09-18 14:29:39.190000,412.6211927135761,105
2024-09-18 14:29:39.245000,412.63063550312745,13
2024-09-18 14:29:39.393000,412.6462992047837,102
2024-09-18 14:29:39.609000,412.6613171263055,99
2024-09-18 14:29:39.626000,412.6290750124769,105
2024-09-18 14:29:39.681000,412.6780140078644,105
2024-09-18 14:29:39.847000,412.68054493464814,102
2024-09-18 14:29:39.888000,412.6131979435824,12
2024-09-18 14:29:39.940000,412.6894388187714,102
2024-09-18 14:29:39.985000,412.6873940679122,999
2024-09-18 14:29:40.024000,412.67227846884913,97
2024-09-18 14:29:40.098000,412.6648647563796,105
2024-09-18 14:29:40.149000,412.6718890278801,998
2024-09-18 14:29:40.191000,412.6571063835849,102
2024-09-18 14:29:40.208000,412.6606020946289,1001
2024-09-18 14:29:40.214000,412.6588438755301,999
2024-09-18 14:29:40.504000,412.6710543122474,99
2024-09-18 14:29:40.535000,412.6826201103211,105
2024-09-18 14:29:40.573000,412.6530193927346,97
2024-09-18 14:29:40.631000,412.6755923598439,15
2024-09-18 14:29:40.658000,412.6563237208823,105
2024-09-18 14:29:40.665000,412.658450391304,100
2024-09-18 14:29:40.683000,412.698840441384,98
2024-09-18 14:29:40.748000,412.6413343649859,12
2024-09-18 14:29:40.755000,412.7068951242659,13
2024-09-18 14:29:40.786000,412.6471798962213,1003
2024-09-18 14:29:40.816000,412.639334856149,1004
2024-09-18 14:29:40.862000,412.65127368844935,995
2024-09-18 14:29:40.866000,412.6917125141084,97
2024-09-18 14:29:40.913000,412.7110808254533,995
2024-09-18 14:29:40.923000,412.6489253833969,6
2024-09-18 14:29:41.132000,412.734930225313,9
2024-09-18 14:29:41.205000,412.74861787242713,9
2024-09-18 14:29:41.359000,412.7167162260264,100
2024-09-18 14:29:41.507000,412.6838231462461,1001
2024-09-18 14:29:41.538000,412.6932990386805,997
2024-09-18 14:29:41.628000,412.6954563889918,1005
2024-09-18 14:29:41.685000,412.74508171278,95
2024-09-18 14:29:41.788000,412.6983325772444,105
2024-09-18 14:29:41.873000,412.7263100302114,96
2024-09-18 14:29:41.965000,412.70429031781424,100
2024-09-18 14:29:42.218000,412.7517926444605,998
2024-09-18 14:29:42.428000,412.7496137399356,1001
2024-09-18 14:29:42.485000,412.7849309251837,996
2024-09-18 14:29:42.619000,412.7602179709077,15
2024-09-18 14:29:42.781000,412.7663325242883,998
2024-09-18 14:29:42.800000,412.77712327671554,998
2024-09-18 14:29:42.921000,412.7911569131204,997
2024-09-18 14:29:42.930000,412.7834659087235,13
2024-09-18 14:29:43.118000,412.8230183947463,13
2024-09-18 14:29:43.235000,412.8225571421999,1005
2024-09-18 14:29:43.241000,412.7962141442549,999
2024-09-18 14:29:43.467000,412.7840065147896,105
2024-09-18 14:29:43.511000,412.7832465159346,7
2024-09-18 14:29:43.518000,412.8267728053488,1002
2024-09-18 14:29:43.541000,412.7899165520781,997
2024-09-18 14:29:43.565000,412.8134160843136,8
2024-09-18 14:29:43.635000,412.81183320966784,15
2024-09-18 14:29:43.700000,412.7988129406661,99
2024-09-18 14:29:43.727000,412.7876724350474,998
2024-09-18 14:29:43.768000,412.80081742395606,105
2024-09-18 14:29:43.803000,412.8197072716432,101
2024-09-18 14:29:43.832000,412.8132947378867,998
2024-09-18 14:29:43.934000,412.777609182313,996
2024-09-18 14:29:44.057000,412.81835568043385,999
2024-09-18 14:29:44.097000,412.79505319368366,95
2024-09-18 14:29:44.131000,412.82196699543937,98
2024-09-18 14:29:44.207000,412.8362319174366,10
2024-09-18 14:29:44.267000,412.8158026834034,105
2024-09-18 14:29:44.268000,412.8230317414132,996
2024-09-18 14:29:44.386000,412.78646643922457,101
2024-09-18 14:29:44.389000,412.7987200790508,999
2024-09-18 14:29:44.517000,412.81939190910106,7
2024-09-18 14:29:44.529000,412.80076517367456,11
2024-09-18 14:29:44.571000,412.81837653764615,996
2024-09-18 14:29:44.605000,412.8089429518632,15
2024-09-18 14:29:44.616000,412.8234410276953,1003
2024-09-18 14:29:44.664000,412.82670372067815,8
2024-09-18 14:29:44.748000,412.7956262937208,1004
2024-09-18 14:29:44.756000,412.8225328823481,9
2024-09-18 14:29:44.862000,412.7949869460214,14
2024-09-18 14:29:44.909000,412.8203974739485,98
2024-09-18 14:29:44.913000,412.8377306551319,7
2024-09-18 14:29:44.942000,412.813682531683,5
2024-09-18 14:29:44.953000,412.79639008456815,102
2024-09-18 14:29:45.070000,412.8303918531525,103
2024-09-18 14:29:45.384000,412.85871440940906,97
2024-09-18 14:29:45.570000,412.841098251591,1005
2024-09-18 14:29:45.578000,412.8128214671719,13
2024-09-18 14:29:45.792000,412.8080524090156,11
2024-09-18 14:29:45.814000,412.7742741938187,998
2024-09-18 14:29:45.833000,412.7979476934186,9
2024-09-18 14:29:45.835000,412.7807700971264,105
2024-09-18 14:29:45.900000,412.8685149496438,101
2024-09-18 14:29:46.049000,412.9242424462144,6
2024-09-18 14:29:46.087000,412.95225129812025,14
2024-09-18 14:29:46.139000,412.97957874080544,1005
2024-09-18 14:29:46.275000,412.9450765158776,97
2024-09-18 14:29:46.304000,412.9613068500554,95
2024-09-18 14:29:46.367000,412.88862501458567,1002
2024-09-18 14:29:46.369000,412.9571247949348,95
2024-09-18 14:29:46.377000,412.94171167700654,100
2024-09-18 14:29:46.480000,412.9437059437335,105
2024-09-18 14:29:46.492000,412.9299926572437,1003
2024-09-18 14:29:46.553000,412.9500315833905,996
2024-09-18 14:29:46.595000,412.97291988257,97
2024-09-18 14:29:46.625000,412.9356972125218,99
2024-09-18 14:29:46.635000,412.9384631299501,11
2024-09-18 14:29:46.636000,412.9663907786612,7
2024-09-18 14:29:46.902000,412.9580149892551,998
2024-09-18 14:29:46.921000,412.93163503023135,1001
2024-09-18 14:29:46.993000,412.9589646971907,7
2024-09-18 14:29:47.204000,412.935514431616,97
2024-09-18 14:29:47.431000,412.93565288876994,104
2024-09-18 14:29:48.016000,412.8683802648981,1002
2024-09-18 14:29:48.026000,412.8789755348238,1002
2024-09-18 14:29:48.029000,412.861705331201,14
2024-09-18 14:29:48.038000,412.9166303086289,1002
2024-09-18 14:29:48.163000,412.94374955544856,9
2024-09-18 14:29:48.196000,412.90183535992713,104
2024-09-18 14:29:48.215000,412.8562948249831,11
2024-09-18 14:29:48.252000,412.9434441575575,6
2024-09-18 14:29:48.264000,412.9072078408986,98
2024-09-18 14:29:48.332000,412.9293748404472,15
2024-09-18 14:29:48.387000,412.9378141619883,996
2024-09-18 14:29:48.393000,412.9205985856484,14
2024-09-18 14:29:48.514000,412.9425165206816,998
2024-09-18 14:29:48.533000,412.885780621632,12
2024-09-18 14:29:48.598000,412.9530128042744,15
2024-09-18 14:29:48.652000,412.8564971991988,997
2024-09-18 14:29:48.688000,412.9378892577982,103
2024-09-18 14:29:48.740000,412.945666829564,98
2024-09-18 14:29:48.744000,412.84625156744056,103
2024-09-18 14:29:48.998000,412.9110920306246,104
2024-09-18 14:29:49.002000,412.8505671158418,996
2024-09-18 14:29:49.016000,412.866334886856,995
2024-09-18 14:29:49.046000,412.8410212897784,100
2024-09-18 14:29:49.084000,412.8176501308732,996
2024-09-18 14:29:49.102000,412.82737008529614,95
2024-09-18 14:29:49.104000,412.8148890994726,97
2024-09-18 14:29:49.142000,412.8403148413937,9
2024-09-18 14:29:49.175000,412.8407666386192,96
2024-09-18 14:29:49.184000,412.85219729457225,1005
2024-09-18 14:29:49.204000,412.84306620462775,998
2024-09-18 14:29:49.213000,412.81012018070254,98
2024-09-18 14:29:49.372000,412.8582509905195,14
2024-09-18 14:29:49.395000,412.82507252135207,97
2024-09-18 14:29:49.521000,412.79438407097575,105
2024-09-18 14:29:49.549000,412.8236289640122,1000
2024-09-18 14:29:49.567000,412.8167065449266,98
2024-09-18 14:29:49.579000,412.8275497925878,7
2024-09-18 14:29:49.597000,412.8347119476416,99
2024-09-18 14:29:49.611000,412.7961447619143,98
2024-09-18 14:29:49.636000,412.8482173825833,11
2024-09-18 14:29:49.637000,412.82950867792994,6
2024-09-18 14:29:49.652000,412.81592510664353,97
2024-09-18 14:29:49.938000,412.80822405894025,5
2024-09-18 14:29:49.965000,412.82026021648375,9
2024-09-18 14:29:49.966000,412.8181836352974,99
2024-09-18 14:29:50.050000,412.843929263258,6
2024-09-18 14:29:50.078000,412.8507721992524,8
2024-09-18 14:29:50.241000,412.849238480712,104
2024-09-18 14:29:50.315000,412.8636217470968,1003
2024-09-18 14:29:50.438000,412.8646195426572,7
2024-09-18 14:29:50.466000,412.8567114932037,105
2024-09-18 14:29:50.549000,412.8670290129291,995
2024-09-18 14:29:50.664000,412.8562826085426,12
2024-09-18 14:29:50.751000,412.8644790998747,5
2024-09-18 14:29:50.800000,412.879369808865,5
2024-09-18 14:29:51.214000,412.8419675964402,1005
2024-09-18 14:29:51.402000,412.8275796240289,99
2024-09-18 14:29:51.413000,412.8382248761688,995
2024-09-18 14:29:51.509000,412.8239823208404,7
2024-09-18 14:29:51.535000,412.830838228437,102
2024-09-18 14:29:51.792000,412.82930993453954,11
2024-09-18 14:29:51.815000,412.8326628450291,95
2024-09-18 14:29:52.004000,412.8502190742708,102
2024-09-18 14:29:52.035000,412.7346076600651,1002
2024-09-18 14:29:52.075000,412.72312298823886,101
2024-09-18 14:29:52.082000,412.8297600792307,11
2024-09-18 14:29:52.174000,412.77924377736537,7
2024-09-18 14:29:52.225000,412.7874553748524,96
2024-09-18 14:29:52.242000,412.7525121676127,997
2024-09-18 14:29:52.357000,412.8291314430989,998
2024-09-18 14:29:52.361000,412.8276380330025,15
2024-09-18 14:29:52.431000,412.8124612937719,96
2024-09-18 14:29:52.454000,412.7322845076074,105
2024-09-18 14:29:52.466000,412.8155334562532,14
2024-09-18 14:29:52.572000,412.74031839531824,11
2024-09-18 14:29:52.587000,412.7642105311586,101
2024-09-18 14:29:52.598000,412.78913983815175,1005
2024-09-18 14:29:52.604000,412.82627135449366,98
2024-09-18 14:29:52.641000,412.76259512961366,14
2024-09-18 14:29:52.644000,412.8140479293179,7
2024-09-18 14:29:52.647000,412.8250030252142,12
2024-09-18 14:29:52.689000,412.739804691045,103
2024-09-18 14:29:52.690000,412.8244830672614,97
2024-09-18 14:29:52.692000,412.79125992339226,100
2024-09-18 14:29:52.735000,412.8140498948698,97
2024-09-18 14:29:52.757000,412.8321239190825,104
2024-09-18 14:29:52.778000,412.8031041630514,997
2024-09-18 14:29:52.841000,412.768216943264,97
2024-09-18 14:29:52.886000,412.7757384291184,1001
2024-09-18 14:29:52.899000,412.8017446725595,6
2024-09-18 14:29:52.928000,412.8387858439207,12
2024-09-18 14:29:52.977000,412.7797826970777,105
2024-09-18 14:29:53.094000,412.85503927748846,1005
2024-09-18 14:29:53.118000,412.8591992013082,995
2024-09-18 14:29:53.138000,412.7729243458397,102
2024-09-18 14:29:53.159000,412.8774988051637,95
2024-09-18 14:29:53.200000,412.8443429622881,15
2024-09-18 14:29:53.360000,412.848465445006,1003
2024-09-18 14:29:53.375000,412.8409059164284,998
2024-09-18 14:29:53.375000,412.8789583000595,95
2024-09-18 14:29:53.446000,412.8469620722818,7
2024-09-18 14:29:53.447000,412.8627147853171,1000
2024-09-18 14:29:53.457000,412.8338582476948,101
2024-09-18 14:29:53.459000,412.8279386767991,95
2024-09-18 14:29:53.498000,412.8417183845462,995
2024-09-18 14:29:53.515000,412.86018447958594,999
2024-09-18 14:29:53.521000,412.8406831872477,1004
2024-09-18 14:29:53.526000,412.7837130165685,1004
2024-09-18 14:29:53.575000,412.8389875157106,14
2024-09-18 14:29:53.644000,412.8076033297357,9
2024-09-18 14:29:53.669000,412.8635232714591,95
2024-09-18 14:29:53.687000,412.8242987812656,103
2024-09-18 14:29:53.700000,412.751064932684,13
2024-09-18 14:29:53.714000,412.84840462947886,996
2024-09-18 14:29:53.736000,412.8764645310528,998
2024-09-18 14:29:53.842000,412.8181855054919,102
2024-09-18 14:29:53.878000,412.7596927336568,999
2024-09-18 14:29:54.085000,412.8508160038911,998
2024-09-18 14:29:54.132000,412.8422558529063,996
2024-09-18 14:29:54.320000,412.8412725342974,1004
2024-09-18 14:29:54.466000,412.8464387269465,1005
2024-09-18 14:29:54.485000,412.8532275190361,12
2024-09-18 14:29:54.569000,412.8526143874728,999
2024-09-18 14:29:54.670000,412.851078296624,13
2024-09-18 14:29:54.872000,412.8255541668394,1001
2024-09-18 14:29:55.047000,412.833665581209,9
2024-09-18 14:29:55.105000,412.84602134119336,1004
2024-09-18 14:29:55.222000,412.8529318739708,11
2024-09-18 14:29:55.313000,412.83867776791,100
2024-09-18 14:29:55.558000,412.8639966268746,105
2024-09-18 14:29:56.057000,412.7419187488042,15
2024-09-18 14:29:56.075000,412.7798529809849,8
2024-09-18 14:29:56.102000,412.8126117741384,1000
2024-09-18 14:29:56.127000,412.7917383127223,12
2024-09-18 14:29:56.148000,412.8460261893064,103
2024-09-18 14:29:56.225000,412.7727440429481,7
2024-09-18 14:29:56.246000,412.8343534115056,99
2024-09-18 14:29:56.327000,412.7648068403756,99
2024-09-18 14:29:56.340000,412.8066495245577,5
2024-09-18 14:29:56.461000,412.7354747042802,97
2024-09-18 14:29:56.507000,412.729031877642,14
2024-09-18 14:29:56.650000,412.7964578506125,97
2024-09-18 14:29:56.761000,412.7708017666018,11
2024-09-18 14:29:56.788000,412.8093624412209,102
2024-09-18 14:29:56.928000,412.73331546443166,1005
2024-09-18 14:29:56.932000,412.79507247819583,1003
2024-09-18 14:29:57.039000,412.73685828053385,996
2024-09-18 14:29:57.051000,412.7342764729117,104
2024-09-18 14:29:57.181000,412.71787033580745,15
2024-09-18 14:29:57.417000,412.7364452838409,995
2024-09-18 14:29:57.523000,412.7364023940093,96
2024-09-18 14:29:58.325000,412.7451840368298,1000
2024-09-18 14:29:58.331000,412.7538415452184,997
2024-09-18 14:29:58.352000,412.70842896152345,1000
2024-09-18 14:29:58.715000,412.7353020228388,1004
2024-09-18 14:29:58.804000,412.73166696877206,1001
2024-09-18 14:29:58.917000,412.70923301586566,1001
2024-09-18 14:29:59.043000,412.7835725112537,95
2024-09-18 14:29:59.269000,412.74050595649794,1000
2024-09-18 14:29:59.307000,412.7700916144426,996
2024-09-18 14:29:59.325000,412.75563593320777,14
2024-09-18 14:29:59.361000,412.7823411645023,1004
2024-09-18 14:29:59.368000,412.7848725357962,105
2024-09-18 14:29:59.387000,412.8054113839112,995
2024-09-18 14:29:59.428000,412.737330366102,1002
2024-09-18 14:29:59.601000,412.801121166958,1004
2024-09-18 14:29:59.865000,412.7717452063664,999
2024-09-18 14:29:59.916000,412.7474940626327,1005
2024-09-18 14:29:59.978000,412.7979838849994,1000
