Timestamp,Price,Size
2024-09-18 15:07:00.059000,415.5108756507986,9
2024-09-18 15:07:00.061000,415.50770859032485,15
2024-09-18 15:07:00.119000,415.51349562093,97
2024-09-18 15:07:00.140000,415.46319057708286,95
2024-09-18 15:07:00.198000,415.52323948275966,96
2024-09-18 15:07:00.226000,415.4567484919691,1002
2024-09-18 15:07:00.279000,415.4832268436276,103
2024-09-18 15:07:00.281000,415.5032459648392,98
2024-09-18 15:07:00.357000,415.4530304429644,13
2024-09-18 15:07:00.426000,415.481862325129,14
2024-09-18 15:07:00.441000,415.4639911977249,95
2024-09-18 15:07:00.449000,415.4763033643572,1003
2024-09-18 15:07:00.459000,415.4471513723695,97
2024-09-18 15:07:00.526000,415.49034350406527,105
2024-09-18 15:07:00.621000,415.4454880413507,103
2024-09-18 15:07:00.719000,415.4877095291335,99
2024-09-18 15:07:00.730000,415.50107013595954,13
2024-09-18 15:07:00.733000,415.4675369882907,998
2024-09-18 15:07:00.738000,415.4505312413276,13
2024-09-18 15:07:00.757000,415.4925617315535,1004
2024-09-18 15:07:00.764000,415.5144960661012,100
2024-09-18 15:07:00.775000,415.4754936876245,1001
2024-09-18 15:07:00.799000,415.456303677333,996
2024-09-18 15:07:00.813000,415.5179043243488,995
2024-09-18 15:07:00.824000,415.5160953289545,1004
2024-09-18 15:07:01,415.4366231271038,1001
2024-09-18 15:07:01.125000,415.4733195412797,102
2024-09-18 15:07:01.183000,415.4636661119838,8
2024-09-18 15:07:01.237000,415.4979111635727,103
2024-09-18 15:07:01.401000,415.4313769943688,1001
2024-09-18 15:07:01.479000,415.4417896542285,104
2024-09-18 15:07:01.483000,415.43607756004127,1002
2024-09-18 15:07:01.538000,415.4180838101487,998
2024-09-18 15:07:01.545000,415.421448025307,1003
2024-09-18 15:07:01.578000,415.52731703812,14
2024-09-18 15:07:01.594000,415.4269131938715,97
2024-09-18 15:07:01.600000,415.4330293739474,999
2024-09-18 15:07:01.667000,415.4376606710338,1001
2024-09-18 15:07:01.672000,415.48580847165766,1003
2024-09-18 15:07:01.717000,415.4415253044167,9
2024-09-18 15:07:01.737000,415.4649272122575,1004
2024-09-18 15:07:01.881000,415.4619346485857,12
2024-09-18 15:07:01.895000,415.48265216128976,105
2024-09-18 15:07:01.898000,415.4782181997128,5
2024-09-18 15:07:02.037000,415.39577759872975,1003
2024-09-18 15:07:02.055000,415.42043058596767,8
2024-09-18 15:07:02.660000,415.4316056486744,1002
2024-09-18 15:07:02.751000,415.4322601099102,11
2024-09-18 15:07:02.797000,415.4143126418463,998
2024-09-18 15:07:03.063000,415.45937966344513,1001
2024-09-18 15:07:03.106000,415.4429117455399,8
2024-09-18 15:07:03.107000,415.4539710888664,13
2024-09-18 15:07:03.376000,415.4382772348442,97
2024-09-18 15:07:03.440000,415.4591882319814,96
2024-09-18 15:07:03.670000,415.4370410754725,103
2024-09-18 15:07:03.686000,415.42222391129417,10
2024-09-18 15:07:03.904000,415.4474815998839,98
2024-09-18 15:07:03.929000,408.3978545425728,11
2024-09-18 15:07:04.272000,415.4800735675464,95
2024-09-18 15:07:04.401000,415.490235382769,13
2024-09-18 15:07:04.684000,415.4719595061892,11
2024-09-18 15:07:05.277000,415.48786317452766,14
2024-09-18 15:07:05.605000,415.502631414153,10
2024-09-18 15:07:05.654000,415.4851362545272,10
2024-09-18 15:07:05.680000,415.5021837177573,6
2024-09-18 15:07:05.805000,415.5003214887132,96
2024-09-18 15:07:05.906000,415.4998569393582,999
2024-09-18 15:07:06.005000,415.4870504772475,1002
2024-09-18 15:07:06.028000,415.4994669928766,100
2024-09-18 15:07:06.053000,415.4985529549,105
2024-09-18 15:07:06.100000,415.5010404297511,102
2024-09-18 15:07:06.106000,415.4758663763636,98
2024-09-18 15:07:06.256000,415.5030352196594,1001
2024-09-18 15:07:06.439000,415.4827255819615,13
2024-09-18 15:07:06.604000,415.5144655244905,99
2024-09-18 15:07:06.610000,415.4814261792443,15
2024-09-18 15:07:06.615000,415.4642324069031,105
2024-09-18 15:07:06.650000,415.483550704328,996
2024-09-18 15:07:06.701000,415.4803815562564,996
2024-09-18 15:07:06.743000,415.4892386035319,7
2024-09-18 15:07:06.810000,415.51307019522073,95
2024-09-18 15:07:06.816000,415.4968688978556,1000
2024-09-18 15:07:06.850000,415.495980485968,996
2024-09-18 15:07:06.852000,415.498315494174,13
2024-09-18 15:07:06.857000,415.4722405985127,96
2024-09-18 15:07:06.906000,415.495208340436,100
2024-09-18 15:07:06.989000,415.4843340906152,1002
2024-09-18 15:07:07.018000,415.48522684677823,12
2024-09-18 15:07:07.037000,415.5136376967969,13
2024-09-18 15:07:07.146000,415.4808649872509,997
2024-09-18 15:07:07.227000,415.4968606440471,997
2024-09-18 15:07:07.236000,415.43171770012793,1005
2024-09-18 15:07:07.307000,415.43560932619954,104
2024-09-18 15:07:07.390000,415.4224985361648,1004
2024-09-18 15:07:07.467000,415.4565407025475,12
2024-09-18 15:07:07.502000,415.460907329341,99
2024-09-18 15:07:07.520000,408.296469361732,1002
2024-09-18 15:07:07.526000,415.4731939823242,997
2024-09-18 15:07:07.546000,415.5135153680437,103
2024-09-18 15:07:07.547000,415.454092988337,12
2024-09-18 15:07:07.560000,415.4900772846617,100
2024-09-18 15:07:07.563000,415.4916904893809,15
2024-09-18 15:07:07.600000,415.4438111119108,7
2024-09-18 15:07:07.631000,415.47664887780905,1000
2024-09-18 15:07:07.635000,415.43452135039234,99
2024-09-18 15:07:07.734000,415.4675418176709,101
2024-09-18 15:07:07.794000,415.5036999812545,104
2024-09-18 15:07:07.842000,415.4263776574792,1004
2024-09-18 15:07:07.865000,415.45647343828495,96
2024-09-18 15:07:07.880000,415.45941652095576,6
2024-09-18 15:07:07.898000,415.44428336529177,997
2024-09-18 15:07:07.919000,415.4315859574742,101
2024-09-18 15:07:07.929000,415.5096038702685,13
2024-09-18 15:07:07.971000,415.4418718047715,15
2024-09-18 15:07:07.988000,415.4971411942571,997
2024-09-18 15:07:08.019000,415.5257234388709,6
2024-09-18 15:07:08.034000,415.5229275333641,99
2024-09-18 15:07:08.044000,415.4832259518408,96
2024-09-18 15:07:08.059000,415.458762627496,95
2024-09-18 15:07:08.083000,415.50509521154856,996
2024-09-18 15:07:08.092000,415.4775044131377,997
2024-09-18 15:07:08.093000,415.5048270667969,10
2024-09-18 15:07:08.098000,415.4725139715785,1004
2024-09-18 15:07:08.158000,415.4988020763921,14
2024-09-18 15:07:08.167000,415.48986989900783,5
2024-09-18 15:07:08.273000,415.47140068888166,96
2024-09-18 15:07:08.294000,415.52192170329545,98
2024-09-18 15:07:08.342000,415.52889774556616,5
2024-09-18 15:07:08.391000,415.5565458546264,100
2024-09-18 15:07:08.406000,415.56241641557847,6
2024-09-18 15:07:08.420000,415.500562161982,5
2024-09-18 15:07:08.494000,415.4787650985485,1004
2024-09-18 15:07:08.504000,415.48440578595375,8
2024-09-18 15:07:08.538000,415.500280494005,97
2024-09-18 15:07:08.595000,415.4984996790908,997
2024-09-18 15:07:08.633000,415.4873607928521,1005
2024-09-18 15:07:08.703000,415.47438461954766,7
2024-09-18 15:07:08.743000,415.4960596068031,1004
2024-09-18 15:07:08.789000,415.50924791060015,12
2024-09-18 15:07:08.790000,415.5411104948115,13
2024-09-18 15:07:08.822000,415.4949275568739,998
2024-09-18 15:07:08.895000,415.4952469260512,997
2024-09-18 15:07:09.019000,415.55097058664745,11
2024-09-18 15:07:09.132000,415.55951936760925,8
2024-09-18 15:07:09.184000,415.5099334037478,99
2024-09-18 15:07:09.213000,415.5411940126138,10
2024-09-18 15:07:09.355000,415.5446742426022,96
2024-09-18 15:07:09.376000,415.5937850431172,8
2024-09-18 15:07:09.413000,415.51313035874927,100
2024-09-18 15:07:09.437000,415.5289749875125,6
2024-09-18 15:07:09.439000,415.5837946956774,999
2024-09-18 15:07:09.535000,415.57929956897743,1001
2024-09-18 15:07:09.578000,415.5308483122163,99
2024-09-18 15:07:09.579000,415.5614764196876,12
2024-09-18 15:07:09.591000,415.569315446961,995
2024-09-18 15:07:09.687000,415.5626091303536,96
2024-09-18 15:07:09.688000,415.576204188576,1002
2024-09-18 15:07:09.733000,415.535516959796,11
2024-09-18 15:07:09.763000,415.5367829953179,8
2024-09-18 15:07:09.789000,415.5247451252097,104
2024-09-18 15:07:09.794000,415.5205100101515,1004
2024-09-18 15:07:09.817000,415.5230956068354,104
2024-09-18 15:07:09.845000,415.5218844847356,105
2024-09-18 15:07:10.007000,415.5234012484968,102
2024-09-18 15:07:10.061000,415.5093732002696,103
2024-09-18 15:07:10.063000,415.46758816110975,102
2024-09-18 15:07:10.071000,415.4568361452322,96
2024-09-18 15:07:10.098000,415.4569239392917,10
2024-09-18 15:07:10.141000,415.52472772999664,1003
2024-09-18 15:07:10.203000,415.4740687914317,98
2024-09-18 15:07:10.258000,415.4839638730208,102
2024-09-18 15:07:10.277000,415.5411941077232,98
2024-09-18 15:07:10.314000,415.5055766726514,1004
2024-09-18 15:07:10.390000,415.5217258395492,1004
2024-09-18 15:07:10.476000,415.5218203299659,104
2024-09-18 15:07:10.487000,415.5472861638492,1002
2024-09-18 15:07:10.581000,415.4932122454374,101
2024-09-18 15:07:10.608000,415.4925883447597,1004
2024-09-18 15:07:10.627000,415.52206694267466,1000
2024-09-18 15:07:10.655000,415.52972888106615,1004
2024-09-18 15:07:10.694000,415.50751323430745,995
2024-09-18 15:07:10.737000,415.4784661049177,8
2024-09-18 15:07:10.846000,415.5012503299454,7
2024-09-18 15:07:10.885000,415.5225001808867,1004
2024-09-18 15:07:10.901000,415.4678706935845,1001
2024-09-18 15:07:10.947000,415.4810916288817,95
2024-09-18 15:07:10.991000,415.4684600714528,998
2024-09-18 15:07:11.191000,415.4347274286748,8
2024-09-18 15:07:11.212000,415.3742763463565,1002
2024-09-18 15:07:11.393000,415.4324331737269,101
2024-09-18 15:07:11.433000,415.44460724266594,96
2024-09-18 15:07:11.446000,415.4142100452245,100
2024-09-18 15:07:11.636000,415.38632633097205,99
2024-09-18 15:07:11.836000,415.3987594831175,99
2024-09-18 15:07:11.916000,415.4421380916073,96
2024-09-18 15:07:11.981000,415.4541714922402,101
2024-09-18 15:07:11.990000,415.4276560875829,9
2024-09-18 15:07:12.029000,415.459455805282,10
2024-09-18 15:07:12.055000,415.457011375061,5
2024-09-18 15:07:12.076000,415.4656988261232,1002
2024-09-18 15:07:12.085000,415.412017746385,102
2024-09-18 15:07:12.108000,415.4345991226392,96
2024-09-18 15:07:12.154000,415.4764115127832,13
2024-09-18 15:07:12.227000,415.4034001486124,103
2024-09-18 15:07:12.280000,415.4543261113634,99
2024-09-18 15:07:12.302000,415.4116902925767,95
2024-09-18 15:07:12.334000,415.4264810470051,98
2024-09-18 15:07:12.384000,415.4125957205074,9
2024-09-18 15:07:12.484000,415.4628018631416,101
2024-09-18 15:07:12.494000,415.41146407195095,97
2024-09-18 15:07:12.521000,415.4277714813495,996
2024-09-18 15:07:12.552000,415.4745599351112,9
2024-09-18 15:07:12.576000,415.4588987251769,13
2024-09-18 15:07:12.591000,415.43523705520704,99
2024-09-18 15:07:12.737000,415.4712832777499,103
2024-09-18 15:07:12.789000,415.42236196106,1000
2024-09-18 15:07:12.792000,415.41927959925073,105
2024-09-18 15:07:12.794000,415.4242649069866,12
2024-09-18 15:07:12.830000,415.4832940806585,100
2024-09-18 15:07:12.837000,415.4441281921336,97
2024-09-18 15:07:12.840000,415.46079726842027,100
2024-09-18 15:07:12.890000,415.4544186203936,99
2024-09-18 15:07:13.002000,415.4534042811599,11
2024-09-18 15:07:13.005000,415.4406693933373,11
2024-09-18 15:07:13.009000,415.40860978548005,1002
2024-09-18 15:07:13.038000,415.4493644340053,999
2024-09-18 15:07:13.106000,415.4473809492922,1001
2024-09-18 15:07:13.135000,415.405063656938,998
2024-09-18 15:07:13.146000,415.4488680812071,103
2024-09-18 15:07:13.220000,415.4083376844033,998
2024-09-18 15:07:13.225000,415.422348207857,997
2024-09-18 15:07:13.230000,415.42789327367655,11
2024-09-18 15:07:13.274000,415.4470610997026,100
2024-09-18 15:07:13.567000,415.422579955124,7
2024-09-18 15:07:13.580000,415.42838546740137,8
2024-09-18 15:07:13.615000,415.39796661100496,96
2024-09-18 15:07:13.681000,415.4333953623955,99
2024-09-18 15:07:13.681000,415.43845647602535,999
2024-09-18 15:07:13.721000,415.4333279720129,10
2024-09-18 15:07:13.849000,415.4288625633963,96
2024-09-18 15:07:13.896000,415.41031847124697,102
2024-09-18 15:07:13.989000,415.458341437734,104
2024-09-18 15:07:14.394000,415.43784572346647,103
2024-09-18 15:07:14.938000,415.43527627075895,998
2024-09-18 15:07:15.035000,415.3497522295966,104
2024-09-18 15:07:15.065000,415.3148747749297,12
2024-09-18 15:07:15.106000,415.3562763332242,102
2024-09-18 15:07:15.263000,415.4121074950832,96
2024-09-18 15:07:15.384000,415.398244495091,95
2024-09-18 15:07:15.438000,415.3147882745912,995
2024-09-18 15:07:15.458000,415.3897773400613,7
2024-09-18 15:07:15.547000,415.3051900425818,11
2024-09-18 15:07:15.697000,415.2946371670064,996
2024-09-18 15:07:15.714000,415.3312566735573,15
2024-09-18 15:07:15.794000,415.3967441777953,96
2024-09-18 15:07:15.816000,415.33365762977024,104
2024-09-18 15:07:15.837000,415.3817240739676,7
2024-09-18 15:07:15.893000,415.3050996950088,1005
2024-09-18 15:07:15.992000,415.3651782999532,101
2024-09-18 15:07:16.052000,415.30890212237136,999
2024-09-18 15:07:16.474000,415.31479043676137,995
2024-09-18 15:07:16.627000,415.2943915843503,999
2024-09-18 15:07:16.905000,415.3047144594895,6
2024-09-18 15:07:16.910000,415.310114378441,1005
2024-09-18 15:07:17.021000,415.2963331224076,12
2024-09-18 15:07:17.136000,415.3143095250455,104
2024-09-18 15:07:17.188000,415.3383583229063,14
2024-09-18 15:07:17.199000,415.2851583534495,99
2024-09-18 15:07:17.303000,415.3061303448145,6
2024-09-18 15:07:17.752000,415.3264682965468,103
2024-09-18 15:07:18.147000,415.30862003065,11
2024-09-18 15:07:18.203000,415.3357202255866,13
2024-09-18 15:07:18.244000,415.2931822544571,6
2024-09-18 15:07:18.317000,415.295088766134,995
2024-09-18 15:07:18.393000,415.3193903702812,999
2024-09-18 15:07:18.471000,415.3368374254801,1000
2024-09-18 15:07:18.593000,415.321817548686,15
2024-09-18 15:07:18.626000,415.2892872930865,1004
2024-09-18 15:07:18.733000,415.3235183704895,1003
2024-09-18 15:07:18.802000,415.3396873798582,998
2024-09-18 15:07:18.967000,415.3204665625489,997
2024-09-18 15:07:19.359000,415.3962500481038,103
2024-09-18 15:07:19.407000,415.40098526810897,104
2024-09-18 15:07:19.535000,415.3902238849742,9
2024-09-18 15:07:19.567000,415.3990132951608,97
2024-09-18 15:07:20.004000,415.38174172383367,6
2024-09-18 15:07:20.027000,415.37403759003786,1003
2024-09-18 15:07:20.030000,415.3920792604555,8
2024-09-18 15:07:20.050000,415.3950714438709,15
2024-09-18 15:07:20.062000,415.3625383158593,15
2024-09-18 15:07:20.127000,415.3780794735012,996
2024-09-18 15:07:20.216000,415.3806608447051,97
2024-09-18 15:07:20.231000,415.3925479115888,102
2024-09-18 15:07:20.318000,415.35007713824905,97
2024-09-18 15:07:20.372000,415.4010981241022,100
2024-09-18 15:07:20.381000,415.4006893965512,104
2024-09-18 15:07:20.431000,415.3934810047993,997
2024-09-18 15:07:20.443000,415.34615674644414,1004
2024-09-18 15:07:20.451000,415.4042846489273,100
2024-09-18 15:07:20.521000,415.4053095710398,10
2024-09-18 15:07:20.536000,415.4123500375521,995
2024-09-18 15:07:20.611000,415.3812576559671,1003
2024-09-18 15:07:20.686000,415.3749959625097,100
2024-09-18 15:07:20.727000,415.353240316672,996
2024-09-18 15:07:20.739000,415.4022894308423,7
2024-09-18 15:07:20.766000,415.397010095391,1004
2024-09-18 15:07:20.776000,415.3533412426818,96
2024-09-18 15:07:20.805000,415.3469154828639,11
2024-09-18 15:07:20.872000,415.3928882636409,105
2024-09-18 15:07:20.873000,415.3649477632829,1004
2024-09-18 15:07:20.889000,415.36069630564367,997
2024-09-18 15:07:20.915000,415.3944491287592,105
2024-09-18 15:07:20.928000,415.3980212898832,101
2024-09-18 15:07:21.099000,415.4014656414748,101
2024-09-18 15:07:21.124000,415.3964195490016,14
2024-09-18 15:07:21.169000,415.3943317163088,9
2024-09-18 15:07:21.238000,415.4190268517117,1002
2024-09-18 15:07:21.293000,415.402654288834,999
2024-09-18 15:07:21.324000,415.4166712188321,99
2024-09-18 15:07:21.361000,415.4309527442613,13
2024-09-18 15:07:21.404000,415.405204531525,97
2024-09-18 15:07:21.438000,415.418282906416,10
2024-09-18 15:07:21.516000,415.4012375237142,12
2024-09-18 15:07:21.520000,415.4054339780973,10
2024-09-18 15:07:21.624000,415.4220532939708,1002
2024-09-18 15:07:21.630000,415.3907941381311,100
2024-09-18 15:07:21.664000,415.403097976965,98
2024-09-18 15:07:21.668000,415.3876989089743,1005
2024-09-18 15:07:21.715000,415.3986457016264,14
2024-09-18 15:07:21.810000,415.4291839059228,995
2024-09-18 15:07:21.860000,415.40171551832,1002
2024-09-18 15:07:21.923000,415.4284321019522,15
2024-09-18 15:07:21.928000,415.3936823765436,6
2024-09-18 15:07:21.993000,415.41166456259504,12
2024-09-18 15:07:22.058000,415.4665461800832,97
2024-09-18 15:07:22.062000,415.45921670015554,6
2024-09-18 15:07:22.074000,415.51765295028207,1005
2024-09-18 15:07:22.090000,415.5107055552633,8
2024-09-18 15:07:22.134000,415.52119869504514,996
2024-09-18 15:07:22.163000,415.5130938808076,95
2024-09-18 15:07:22.243000,415.4148270282212,998
2024-09-18 15:07:22.286000,415.49661543905125,14
2024-09-18 15:07:22.334000,415.40965282511775,1000
2024-09-18 15:07:22.459000,415.4360742235645,996
2024-09-18 15:07:22.529000,415.4827081131457,105
2024-09-18 15:07:22.543000,415.4212332646858,1001
2024-09-18 15:07:22.559000,415.5097657959936,104
2024-09-18 15:07:22.601000,415.4982959369517,15
2024-09-18 15:07:22.692000,415.4453661417921,997
2024-09-18 15:07:22.773000,415.4387511129584,98
2024-09-18 15:07:22.815000,415.4446845602656,98
2024-09-18 15:07:22.908000,415.523467116608,98
2024-09-18 15:07:23.020000,415.4462265393396,11
2024-09-18 15:07:23.026000,415.4522543658896,11
2024-09-18 15:07:23.043000,415.4220899774269,995
2024-09-18 15:07:23.091000,415.44107345518273,10
2024-09-18 15:07:23.163000,415.4433929940531,97
2024-09-18 15:07:23.180000,415.4474192649727,95
2024-09-18 15:07:23.214000,415.43743842559473,6
2024-09-18 15:07:23.253000,415.4215599124659,103
2024-09-18 15:07:23.330000,415.42742878540673,98
2024-09-18 15:07:23.339000,415.4135514245559,101
2024-09-18 15:07:23.341000,415.4837576906081,96
2024-09-18 15:07:23.479000,415.438126581846,97
2024-09-18 15:07:23.592000,415.4235883149058,13
2024-09-18 15:07:23.740000,415.4104497861633,9
2024-09-18 15:07:23.822000,415.4271886903257,100
2024-09-18 15:07:23.865000,415.41973999248495,97
2024-09-18 15:07:23.872000,415.5082525809632,97
2024-09-18 15:07:23.918000,415.504398564646,9
2024-09-18 15:07:23.944000,415.44865986041776,96
2024-09-18 15:07:23.969000,415.4359469549444,15
2024-09-18 15:07:24.011000,415.448317183648,999
2024-09-18 15:07:24.124000,415.4913267250906,6
2024-09-18 15:07:24.147000,415.4788706542271,11
2024-09-18 15:07:24.273000,415.4516756749538,98
2024-09-18 15:07:24.509000,415.467356785812,1003
2024-09-18 15:07:24.527000,415.4918729771796,15
2024-09-18 15:07:24.642000,415.45274443414655,9
2024-09-18 15:07:24.664000,415.4831893237116,105
2024-09-18 15:07:24.688000,415.47447698076246,98
2024-09-18 15:07:24.691000,415.48731981821805,1002
2024-09-18 15:07:24.721000,415.4838343531599,100
2024-09-18 15:07:24.772000,415.4660211179682,103
2024-09-18 15:07:24.772000,415.47405307740667,999
2024-09-18 15:07:24.789000,415.4758373444747,103
2024-09-18 15:07:24.851000,415.4406994381145,15
2024-09-18 15:07:25.028000,415.5253412971384,996
2024-09-18 15:07:25.046000,415.63587439055095,95
2024-09-18 15:07:25.108000,415.49894667147225,997
2024-09-18 15:07:25.320000,415.6359014956489,6
2024-09-18 15:07:25.371000,415.6076359133138,997
2024-09-18 15:07:25.402000,415.5457303562175,998
2024-09-18 15:07:25.443000,415.5973903380564,10
2024-09-18 15:07:25.460000,415.5223752885573,995
2024-09-18 15:07:25.514000,415.5768420994597,1004
2024-09-18 15:07:25.525000,415.53201916485705,996
2024-09-18 15:07:25.561000,415.60994587012135,1000
2024-09-18 15:07:25.648000,415.5958825897405,999
2024-09-18 15:07:25.707000,415.5446625579803,104
2024-09-18 15:07:25.749000,408.1636341195216,996
2024-09-18 15:07:25.761000,415.5950824429064,100
2024-09-18 15:07:25.802000,415.4993374118639,15
2024-09-18 15:07:25.827000,415.4914952941772,998
2024-09-18 15:07:25.910000,415.494640160695,1004
2024-09-18 15:07:26.008000,415.5643410140512,1000
2024-09-18 15:07:26.032000,415.5537708165834,5
2024-09-18 15:07:26.045000,415.577611820954,997
2024-09-18 15:07:26.056000,415.59245618281886,96
2024-09-18 15:07:26.132000,415.55185367821895,96
2024-09-18 15:07:26.292000,415.60122687286025,996
2024-09-18 15:07:26.300000,415.5861348829119,101
2024-09-18 15:07:26.462000,415.5810278898024,14
2024-09-18 15:07:26.469000,415.55570548392296,7
2024-09-18 15:07:26.504000,415.5582577881135,997
2024-09-18 15:07:26.506000,415.5790451667682,1003
2024-09-18 15:07:26.511000,415.60761134018446,997
2024-09-18 15:07:26.596000,415.6103307803973,98
2024-09-18 15:07:26.677000,415.6278961486924,997
2024-09-18 15:07:26.709000,415.5647120040927,1003
2024-09-18 15:07:26.718000,415.5913896608702,1005
2024-09-18 15:07:26.722000,415.6342771636537,1004
2024-09-18 15:07:26.743000,415.5788256097831,1005
2024-09-18 15:07:26.752000,415.56282642688296,96
2024-09-18 15:07:26.846000,415.5788919891282,10
2024-09-18 15:07:26.851000,415.5487031781345,9
2024-09-18 15:07:26.852000,415.5580900240564,998
2024-09-18 15:07:26.880000,415.62575934688016,100
2024-09-18 15:07:26.887000,415.5816793844082,104
2024-09-18 15:07:26.911000,415.5880964673902,99
2024-09-18 15:07:26.916000,415.55329710185777,1003
2024-09-18 15:07:26.931000,415.5473900116036,97
2024-09-18 15:07:26.956000,415.5982969265673,997
2024-09-18 15:07:26.970000,415.5951939384453,997
2024-09-18 15:07:27.243000,415.6061884661508,10
2024-09-18 15:07:27.417000,415.5818636301266,1003
2024-09-18 15:07:27.430000,415.5491472845604,1001
2024-09-18 15:07:27.652000,415.596415158724,12
2024-09-18 15:07:27.767000,415.57110533425913,10
2024-09-18 15:07:27.801000,415.56762286619073,999
2024-09-18 15:07:27.822000,415.6071605543921,1003
2024-09-18 15:07:27.957000,415.6011923897296,103
2024-09-18 15:07:28.006000,415.5763419538084,9
2024-09-18 15:07:28.023000,415.5986648167311,105
2024-09-18 15:07:28.069000,415.6088435772761,6
2024-09-18 15:07:28.099000,415.6529488247964,1005
2024-09-18 15:07:28.151000,415.6038730970806,95
2024-09-18 15:07:28.152000,415.6601469250737,995
2024-09-18 15:07:28.174000,415.5937096765245,999
2024-09-18 15:07:28.245000,415.60911868785706,6
2024-09-18 15:07:28.321000,415.6256534027337,995
2024-09-18 15:07:28.369000,415.5904283796481,998
2024-09-18 15:07:28.392000,415.575069681332,996
2024-09-18 15:07:28.434000,415.5912864545394,1000
2024-09-18 15:07:28.459000,415.6040949155371,15
2024-09-18 15:07:28.519000,415.6454595338856,100
2024-09-18 15:07:28.527000,415.6654321947904,102
2024-09-18 15:07:28.560000,415.5922297156678,1001
2024-09-18 15:07:28.583000,415.6007395097453,95
2024-09-18 15:07:28.591000,415.6141794838018,98
2024-09-18 15:07:28.638000,415.5983673041349,104
2024-09-18 15:07:28.639000,415.6247358392396,11
2024-09-18 15:07:28.654000,415.6334205890034,998
2024-09-18 15:07:28.680000,415.6017407348722,9
2024-09-18 15:07:28.756000,415.61793414294766,10
2024-09-18 15:07:28.884000,415.5964661767516,105
2024-09-18 15:07:28.890000,415.6349111091543,13
2024-09-18 15:07:28.910000,415.6599835537705,104
2024-09-18 15:07:30.098000,415.5812617054038,1003
2024-09-18 15:07:30.110000,415.5895675493108,6
2024-09-18 15:07:30.114000,415.60449134189855,11
2024-09-18 15:07:30.313000,415.58638946394905,1005
2024-09-18 15:07:30.699000,415.6088793722673,96
2024-09-18 15:07:30.933000,415.57666104871385,6
2024-09-18 15:07:30.992000,415.6129089625387,100
2024-09-18 15:07:31.385000,415.5757658017834,10
2024-09-18 15:07:31.650000,415.5731430130478,11
2024-09-18 15:07:32.006000,415.50214920320354,10
2024-09-18 15:07:32.006000,415.4871097700169,1004
2024-09-18 15:07:32.118000,415.5076798187786,998
2024-09-18 15:07:32.139000,415.5230667314098,1003
2024-09-18 15:07:32.149000,415.467091511235,1001
2024-09-18 15:07:32.269000,415.4931634495187,9
2024-09-18 15:07:32.367000,415.5322544704785,1000
2024-09-18 15:07:32.400000,415.4891971008736,97
2024-09-18 15:07:32.412000,415.4885926613798,998
2024-09-18 15:07:32.531000,415.52579957644826,7
2024-09-18 15:07:32.547000,415.478453394256,7
2024-09-18 15:07:32.566000,415.4882188359318,15
2024-09-18 15:07:32.588000,415.555385208814,5
2024-09-18 15:07:32.591000,415.5535911416913,1000
2024-09-18 15:07:32.601000,415.4806646078172,5
2024-09-18 15:07:32.615000,415.4888545144567,998
2024-09-18 15:07:32.642000,415.4884971694913,104
2024-09-18 15:07:32.719000,415.48126480435593,104
2024-09-18 15:07:32.725000,415.4980624275029,104
2024-09-18 15:07:32.726000,415.5641710613221,95
2024-09-18 15:07:32.728000,415.49570849794566,8
2024-09-18 15:07:32.806000,415.4587207042038,96
2024-09-18 15:07:32.839000,415.5520673625612,9
2024-09-18 15:07:32.875000,415.48439610512486,13
2024-09-18 15:07:32.934000,415.5109120764972,96
2024-09-18 15:07:32.942000,415.5608905273848,104
2024-09-18 15:07:32.952000,415.5025630068979,996
2024-09-18 15:07:32.988000,415.4929682086261,5
2024-09-18 15:07:33.056000,415.4054991544926,1000
2024-09-18 15:07:33.129000,415.4269844760073,996
2024-09-18 15:07:33.194000,415.40584690784056,11
2024-09-18 15:07:33.212000,415.4323807354915,11
2024-09-18 15:07:33.399000,415.4452560247303,1005
2024-09-18 15:07:33.412000,415.4256129657111,1004
2024-09-18 15:07:33.417000,415.4159014015013,1001
2024-09-18 15:07:33.433000,415.4494634707434,1001
2024-09-18 15:07:33.450000,415.41381913999584,99
2024-09-18 15:07:33.484000,415.4457462414993,1002
2024-09-18 15:07:33.704000,415.4279651927189,7
2024-09-18 15:07:33.713000,415.41172652652943,14
2024-09-18 15:07:33.771000,415.4767125235625,13
2024-09-18 15:07:33.797000,415.430010403862,9
2024-09-18 15:07:33.893000,415.4156920655559,95
2024-09-18 15:07:34.015000,415.4245774311181,5
2024-09-18 15:07:34.172000,415.42236001062975,1004
2024-09-18 15:07:34.196000,415.4288292375536,100
2024-09-18 15:07:34.228000,415.4400509639048,1004
2024-09-18 15:07:34.231000,415.407483232834,15
2024-09-18 15:07:34.236000,415.39489350060006,1004
2024-09-18 15:07:34.265000,415.4323473294587,99
2024-09-18 15:07:34.329000,415.3919078119028,1003
2024-09-18 15:07:34.354000,415.4394258153915,1004
2024-09-18 15:07:34.444000,415.4002809531627,97
2024-09-18 15:07:34.501000,415.40322344913386,102
2024-09-18 15:07:34.512000,415.38486584149376,5
2024-09-18 15:07:34.637000,415.4182289528536,100
2024-09-18 15:07:34.651000,415.4305889298578,99
2024-09-18 15:07:34.676000,415.4492249305377,10
2024-09-18 15:07:34.677000,415.3988983570232,101
2024-09-18 15:07:34.689000,415.39501339437487,7
2024-09-18 15:07:34.689000,415.422322325652,9
2024-09-18 15:07:34.696000,415.4358634114029,14
2024-09-18 15:07:34.787000,415.4049973507473,9
2024-09-18 15:07:34.794000,415.38108524890833,998
2024-09-18 15:07:34.942000,415.4035264805659,5
2024-09-18 15:07:35.462000,415.39513476034045,10
2024-09-18 15:07:35.608000,415.40106866856576,14
2024-09-18 15:07:36.378000,415.4198969572773,1001
2024-09-18 15:07:37.094000,415.4926758380077,98
2024-09-18 15:07:37.117000,415.4628237769098,15
2024-09-18 15:07:37.136000,415.5107121426974,103
2024-09-18 15:07:37.238000,415.4640118959097,1000
2024-09-18 15:07:37.476000,415.4674623130306,1004
2024-09-18 15:07:37.553000,415.43134076487024,1004
2024-09-18 15:07:37.602000,415.46803728877273,996
2024-09-18 15:07:37.674000,415.471506687569,10
2024-09-18 15:07:37.752000,415.4407014156136,1005
2024-09-18 15:07:37.933000,415.4658201272704,99
2024-09-18 15:07:37.987000,415.4991672175005,999
2024-09-18 15:07:38.314000,415.48457985963233,9
2024-09-18 15:07:38.389000,415.5196182096352,1004
2024-09-18 15:07:38.431000,415.4961215417151,96
2024-09-18 15:07:38.455000,415.5196663883804,1000
2024-09-18 15:07:38.833000,415.5207980525488,1003
2024-09-18 15:07:38.858000,415.5181657865908,998
2024-09-18 15:07:38.885000,415.5065023702216,9
2024-09-18 15:07:39.106000,415.5346207088246,99
2024-09-18 15:07:39.168000,415.5275558609569,15
2024-09-18 15:07:39.232000,415.50709003481336,8
2024-09-18 15:07:39.299000,415.49665794584735,1005
2024-09-18 15:07:39.337000,415.5102934008428,105
2024-09-18 15:07:39.339000,415.4897088444785,1002
2024-09-18 15:07:39.354000,415.49983654554273,996
2024-09-18 15:07:39.424000,415.52687297947534,102
2024-09-18 15:07:39.485000,415.5374637151597,1001
2024-09-18 15:07:39.518000,415.5454316366334,13
2024-09-18 15:07:39.569000,415.5323708566731,103
2024-09-18 15:07:39.571000,415.5132081813461,105
2024-09-18 15:07:39.610000,415.5094764175651,103
2024-09-18 15:07:39.684000,415.4981919939565,10
2024-09-18 15:07:39.713000,415.4847671599525,996
2024-09-18 15:07:39.804000,415.5293332990007,8
2024-09-18 15:07:39.822000,415.5094398409233,11
2024-09-18 15:07:39.953000,415.5492847368489,12
2024-09-18 15:07:40,415.59603234675166,995
2024-09-18 15:07:40.010000,415.5643959302903,101
2024-09-18 15:07:40.020000,415.5488144671771,14
2024-09-18 15:07:40.026000,415.5548782864028,97
2024-09-18 15:07:40.029000,415.5465890492479,104
2024-09-18 15:07:40.052000,415.56232104886567,1000
2024-09-18 15:07:40.082000,415.6090882105442,11
2024-09-18 15:07:40.110000,415.551707365218,105
2024-09-18 15:07:40.116000,415.543378498505,11
2024-09-18 15:07:40.139000,415.5524542163222,1001
2024-09-18 15:07:40.217000,415.6106177766038,95
2024-09-18 15:07:40.247000,415.5561582178137,99
2024-09-18 15:07:40.255000,415.5555022864477,1002
2024-09-18 15:07:40.265000,415.6214520094919,103
2024-09-18 15:07:40.308000,415.5914345409866,101
2024-09-18 15:07:40.387000,415.5586427156681,996
2024-09-18 15:07:40.394000,415.62131867476734,1000
2024-09-18 15:07:40.470000,415.6269327524641,8
2024-09-18 15:07:40.500000,415.56455909288536,1002
2024-09-18 15:07:40.530000,415.55909681639633,14
2024-09-18 15:07:40.537000,415.61644720107216,96
2024-09-18 15:07:40.570000,415.5629181741105,998
2024-09-18 15:07:40.584000,415.5672818284857,98
2024-09-18 15:07:40.659000,415.6037523068275,996
2024-09-18 15:07:40.680000,415.5690861079819,14
2024-09-18 15:07:40.868000,415.5680250238266,97
2024-09-18 15:07:40.904000,415.5940676276039,1001
2024-09-18 15:07:40.951000,415.5694939602787,1000
2024-09-18 15:07:40.964000,415.5580321358544,95
2024-09-18 15:07:40.979000,415.5580689015856,7
2024-09-18 15:07:41.032000,415.4730492701244,1004
2024-09-18 15:07:41.097000,415.52081448013297,5
2024-09-18 15:07:41.114000,415.4641406135278,105
2024-09-18 15:07:41.156000,415.4795721875872,101
2024-09-18 15:07:41.212000,415.51802863280375,1004
2024-09-18 15:07:41.219000,415.488028918924,995
2024-09-18 15:07:41.235000,415.4710768111095,102
2024-09-18 15:07:41.256000,415.57564471810144,100
2024-09-18 15:07:41.265000,415.49933615998606,101
2024-09-18 15:07:41.268000,415.50773958339767,7
2024-09-18 15:07:41.372000,415.5371591740034,995
2024-09-18 15:07:41.423000,415.4811737931184,997
2024-09-18 15:07:41.468000,415.479474505774,6
2024-09-18 15:07:41.562000,415.4520406612083,1000
2024-09-18 15:07:41.638000,415.5882842794832,997
2024-09-18 15:07:41.644000,415.5297858470128,7
2024-09-18 15:07:41.768000,415.4568568263636,13
2024-09-18 15:07:41.783000,415.5286428418863,5
2024-09-18 15:07:41.807000,415.49473736121286,1004
2024-09-18 15:07:41.814000,415.5266592017144,12
2024-09-18 15:07:41.921000,415.5407996864841,100
2024-09-18 15:07:41.968000,415.46825408916425,98
2024-09-18 15:07:41.983000,415.5210185993481,96
2024-09-18 15:07:42.024000,415.5026935466494,995
2024-09-18 15:07:42.036000,415.49321704795335,11
2024-09-18 15:07:42.193000,415.5054394324862,99
2024-09-18 15:07:42.204000,415.5154695805061,98
2024-09-18 15:07:42.237000,415.5142548247646,1000
2024-09-18 15:07:42.293000,415.4776087024585,1000
2024-09-18 15:07:42.427000,415.49767103854055,1001
2024-09-18 15:07:42.452000,415.49482288376544,98
2024-09-18 15:07:42.484000,415.4742699989452,1002
2024-09-18 15:07:42.556000,415.4863210114218,9
2024-09-18 15:07:42.575000,415.484225211456,105
2024-09-18 15:07:42.696000,415.51061352711577,14
2024-09-18 15:07:42.775000,415.5013792065957,1000
2024-09-18 15:07:42.826000,415.5094161780737,15
2024-09-18 15:07:42.875000,415.50627785152096,1000
2024-09-18 15:07:42.963000,415.4963374278194,95
2024-09-18 15:07:42.988000,415.5089041882188,1001
2024-09-18 15:07:43.033000,415.5074552338617,10
2024-09-18 15:07:43.231000,415.5169049702772,1002
2024-09-18 15:07:43.240000,415.5289373863439,100
2024-09-18 15:07:43.296000,415.5086892995142,998
2024-09-18 15:07:43.335000,415.56785636139625,97
2024-09-18 15:07:43.356000,415.5181054854369,105
2024-09-18 15:07:43.496000,415.5444536096269,1001
2024-09-18 15:07:43.511000,415.4996533351954,8
2024-09-18 15:07:43.526000,415.50889955871145,7
2024-09-18 15:07:43.579000,415.51629451207714,1002
2024-09-18 15:07:43.582000,415.5362172102227,1004
2024-09-18 15:07:43.604000,415.5229702608616,98
2024-09-18 15:07:43.619000,415.5106888141172,998
2024-09-18 15:07:43.700000,415.49838505968006,999
2024-09-18 15:07:43.734000,415.5096546477348,96
2024-09-18 15:07:43.795000,415.50724897572434,999
2024-09-18 15:07:43.898000,415.4900680548308,7
2024-09-18 15:07:43.958000,415.5551021537338,95
2024-09-18 15:07:43.985000,415.4922569436101,1005
2024-09-18 15:07:44.068000,415.5986373379359,10
2024-09-18 15:07:44.240000,415.58182496606736,99
2024-09-18 15:07:44.278000,415.5744612081621,99
2024-09-18 15:07:44.290000,415.53875409746576,99
2024-09-18 15:07:44.336000,415.5804365143952,5
2024-09-18 15:07:44.357000,415.6180968244262,1000
2024-09-18 15:07:44.398000,415.57524152445575,104
2024-09-18 15:07:44.408000,415.5661440843802,95
2024-09-18 15:07:44.448000,415.571748285942,6
2024-09-18 15:07:44.454000,415.60534035583714,1004
2024-09-18 15:07:44.517000,415.5645411038415,1005
2024-09-18 15:07:44.523000,415.5577545263444,10
2024-09-18 15:07:44.584000,415.5319614670186,95
2024-09-18 15:07:44.615000,415.5895196982273,97
2024-09-18 15:07:44.624000,415.6009810066072,997
2024-09-18 15:07:44.665000,415.5565926589436,11
2024-09-18 15:07:44.676000,415.5473742163688,998
2024-09-18 15:07:44.700000,415.57841710098506,1002
2024-09-18 15:07:44.820000,415.6066414470645,997
2024-09-18 15:07:44.850000,415.56367217959627,98
2024-09-18 15:07:44.975000,415.58976561902296,1001
2024-09-18 15:07:44.988000,415.5735836955959,98
2024-09-18 15:07:45.071000,415.54740654787474,95
2024-09-18 15:07:45.109000,415.54289383307975,95
2024-09-18 15:07:45.120000,415.5753716267641,997
2024-09-18 15:07:45.187000,415.5854310274919,999
2024-09-18 15:07:45.231000,415.5783086192683,5
2024-09-18 15:07:45.252000,415.58637294246216,101
2024-09-18 15:07:45.468000,415.5616325255557,998
2024-09-18 15:07:45.528000,415.5580215198975,10
2024-09-18 15:07:45.552000,415.5655033449193,100
2024-09-18 15:07:45.555000,415.55577164893975,100
2024-09-18 15:07:45.666000,408.5962691346477,1003
2024-09-18 15:07:45.840000,415.56529101885474,8
2024-09-18 15:07:45.898000,415.579179795911,1005
2024-09-18 15:07:45.961000,415.5902044471525,1002
2024-09-18 15:07:46.004000,415.56341266983696,998
2024-09-18 15:07:46.076000,415.5541805773654,10
2024-09-18 15:07:46.123000,415.5582383808116,1001
2024-09-18 15:07:46.173000,415.566190380572,1003
2024-09-18 15:07:46.216000,415.56288152593714,1005
2024-09-18 15:07:46.283000,415.6021906710199,1005
2024-09-18 15:07:46.332000,415.5548009843532,100
2024-09-18 15:07:46.437000,415.5497424663709,95
2024-09-18 15:07:46.450000,415.5677698925776,1002
2024-09-18 15:07:46.526000,415.5535811855112,995
2024-09-18 15:07:46.527000,415.5586773869753,100
2024-09-18 15:07:46.593000,415.5759934397064,99
2024-09-18 15:07:46.663000,415.5588448109734,10
2024-09-18 15:07:46.733000,415.5463317720145,997
2024-09-18 15:07:46.942000,415.5613899289118,104
2024-09-18 15:07:46.983000,415.5477654691762,996
2024-09-18 15:07:47.195000,415.6196540374492,8
2024-09-18 15:07:47.203000,415.6085401189432,997
2024-09-18 15:07:47.225000,415.6159271753786,100
2024-09-18 15:07:47.225000,415.6230817356437,999
2024-09-18 15:07:47.281000,415.6116805883835,11
2024-09-18 15:07:47.343000,415.6334662432574,105
2024-09-18 15:07:47.431000,415.633834118332,12
2024-09-18 15:07:47.481000,415.6127525440791,102
2024-09-18 15:07:47.604000,415.6421043802061,12
2024-09-18 15:07:47.822000,415.6413270228904,15
2024-09-18 15:07:47.873000,415.5886317743587,102
2024-09-18 15:07:47.877000,415.63343016389854,105
2024-09-18 15:07:47.917000,415.6109320840664,104
2024-09-18 15:07:47.934000,415.63440055162414,14
2024-09-18 15:07:47.958000,408.4643184130949,95
2024-09-18 15:07:47.976000,415.6311503655386,97
2024-09-18 15:07:48.043000,415.63367787831424,100
2024-09-18 15:07:48.045000,415.5556943434318,103
2024-09-18 15:07:48.049000,415.5273673200445,1000
2024-09-18 15:07:48.071000,415.5896365454702,995
2024-09-18 15:07:48.114000,415.5410494549037,1001
2024-09-18 15:07:48.139000,415.6359067989325,104
2024-09-18 15:07:48.179000,415.508741578553,96
2024-09-18 15:07:48.193000,415.62394668715785,1003
2024-09-18 15:07:48.194000,415.5264627631207,1005
2024-09-18 15:07:48.216000,415.6172218660494,103
2024-09-18 15:07:48.267000,415.6326202742896,102
2024-09-18 15:07:48.326000,415.5429051026522,100
2024-09-18 15:07:48.369000,415.5372969055279,1000
2024-09-18 15:07:48.446000,415.5317971036093,95
2024-09-18 15:07:48.478000,415.5316117772993,12
2024-09-18 15:07:48.585000,415.5696081548676,5
2024-09-18 15:07:48.595000,415.5351884617964,103
2024-09-18 15:07:48.603000,415.57316507070686,97
2024-09-18 15:07:48.609000,415.5155659534646,1001
2024-09-18 15:07:48.669000,415.5441326427641,1002
2024-09-18 15:07:48.678000,415.6348902986588,101
2024-09-18 15:07:48.733000,415.5625931022157,1000
2024-09-18 15:07:48.771000,415.6363040533346,1002
2024-09-18 15:07:48.804000,415.5514300731128,995
2024-09-18 15:07:48.861000,415.6131293404068,1004
2024-09-18 15:07:48.891000,415.5889497009087,9
2024-09-18 15:07:48.927000,415.6368311562373,1003
2024-09-18 15:07:48.929000,415.6125524666072,1001
2024-09-18 15:07:48.965000,415.5627359843426,1005
2024-09-18 15:07:49.036000,415.5008303561887,98
2024-09-18 15:07:49.062000,415.5095080453351,1002
2024-09-18 15:07:49.090000,415.4884849009536,11
2024-09-18 15:07:49.119000,415.5107231270059,98
2024-09-18 15:07:49.153000,415.4943833673567,11
2024-09-18 15:07:49.194000,415.4847817466496,995
2024-09-18 15:07:49.219000,415.5016185232176,100
2024-09-18 15:07:49.244000,415.501671764677,12
2024-09-18 15:07:49.342000,415.5040065565199,14
2024-09-18 15:07:49.370000,415.4940576448101,6
2024-09-18 15:07:49.417000,408.3581356981181,1003
2024-09-18 15:07:49.489000,415.5151536371487,99
2024-09-18 15:07:49.553000,415.4914587423552,104
2024-09-18 15:07:49.621000,415.516155327783,95
2024-09-18 15:07:49.636000,415.5214878212447,8
2024-09-18 15:07:49.938000,415.5206593549855,103
2024-09-18 15:07:49.956000,415.4972771127596,97
2024-09-18 15:07:49.961000,415.4991178085347,12
2024-09-18 15:07:50.024000,415.5159471128072,1005
2024-09-18 15:07:50.061000,415.49708731780015,1000
2024-09-18 15:07:50.103000,415.5130763731808,99
2024-09-18 15:07:50.479000,415.5183171523332,1002
2024-09-18 15:07:50.611000,415.5108085036868,101
2024-09-18 15:07:50.766000,415.5049998584265,14
2024-09-18 15:07:50.820000,415.4994844357116,102
2024-09-18 15:07:50.983000,415.5106025005922,99
2024-09-18 15:07:51,415.5120612949264,9
2024-09-18 15:07:51.007000,415.5076213418478,10
2024-09-18 15:07:51.021000,415.4947504366001,1002
2024-09-18 15:07:51.047000,415.5074953431537,1002
2024-09-18 15:07:51.070000,415.4812062211744,13
2024-09-18 15:07:51.104000,415.503095679509,105
2024-09-18 15:07:51.200000,415.5069527503344,1000
2024-09-18 15:07:51.278000,415.5222688164864,15
2024-09-18 15:07:51.299000,415.5004931528874,102
2024-09-18 15:07:51.328000,415.5132889002913,11
2024-09-18 15:07:51.348000,415.5129088008407,100
2024-09-18 15:07:51.368000,415.489384564002,97
2024-09-18 15:07:51.422000,415.49770107514814,7
2024-09-18 15:07:51.423000,415.5374762472067,1000
2024-09-18 15:07:51.433000,415.5331572151874,102
2024-09-18 15:07:51.435000,415.4835791084626,96
2024-09-18 15:07:51.469000,415.52280205516513,15
2024-09-18 15:07:51.573000,408.2858189690773,10
2024-09-18 15:07:51.593000,415.4883382137713,999
2024-09-18 15:07:51.626000,415.50118031262826,996
2024-09-18 15:07:51.680000,415.5074881296774,1003
2024-09-18 15:07:51.682000,415.5109126963546,996
2024-09-18 15:07:51.731000,415.4818265438847,101
2024-09-18 15:07:51.889000,415.4870786198503,1004
2024-09-18 15:07:51.960000,415.5092610049496,103
2024-09-18 15:07:52.003000,415.5287920413976,11
2024-09-18 15:07:52.051000,415.55122105488624,1001
2024-09-18 15:07:52.120000,415.521338867017,7
2024-09-18 15:07:52.134000,415.5120440799436,99
2024-09-18 15:07:52.140000,415.5497768077156,95
2024-09-18 15:07:52.175000,415.5284977272421,95
2024-09-18 15:07:52.259000,415.5276688640882,8
2024-09-18 15:07:52.299000,415.5468169578611,999
2024-09-18 15:07:52.330000,415.5202419701667,996
2024-09-18 15:07:52.344000,415.5155743024959,1005
2024-09-18 15:07:52.379000,415.51489471332,103
2024-09-18 15:07:52.400000,415.5166208323791,996
2024-09-18 15:07:52.416000,415.50926851425646,1000
2024-09-18 15:07:52.433000,415.5293345026352,999
2024-09-18 15:07:52.451000,415.5279778349645,104
2024-09-18 15:07:52.466000,415.550599729783,1005
2024-09-18 15:07:52.474000,415.50941830294846,96
2024-09-18 15:07:52.498000,415.5179079104541,996
2024-09-18 15:07:52.508000,415.5200261366206,9
2024-09-18 15:07:52.564000,415.5000756182032,99
2024-09-18 15:07:52.566000,415.5282045027104,104
2024-09-18 15:07:52.598000,415.5430200999954,999
2024-09-18 15:07:52.807000,415.5153946289464,15
2024-09-18 15:07:52.820000,415.49695241181246,7
2024-09-18 15:07:52.828000,415.50736155115743,1002
2024-09-18 15:07:52.832000,415.48815127864265,101
2024-09-18 15:07:52.845000,415.5452377804432,995
2024-09-18 15:07:52.940000,415.52596100751305,103
2024-09-18 15:07:52.945000,415.5247453842951,14
2024-09-18 15:07:53.019000,415.55559882067934,99
2024-09-18 15:07:53.154000,415.5618462565424,100
2024-09-18 15:07:53.243000,415.547433381717,96
2024-09-18 15:07:53.455000,415.5404032240415,105
2024-09-18 15:07:54.039000,415.5062551609337,97
2024-09-18 15:07:54.123000,415.53337325893534,12
2024-09-18 15:07:54.145000,415.5489818845572,95
2024-09-18 15:07:54.169000,415.5427728266936,103
2024-09-18 15:07:54.266000,415.5345738060999,1000
2024-09-18 15:07:54.372000,415.52549606406416,105
2024-09-18 15:07:54.541000,415.5118414635329,997
2024-09-18 15:07:54.816000,415.5407960496761,8
2024-09-18 15:07:54.825000,415.5261286702676,1005
2024-09-18 15:07:54.846000,415.517880333438,997
2024-09-18 15:07:55.053000,415.4392017389522,11
2024-09-18 15:07:55.057000,415.492822797148,103
2024-09-18 15:07:55.066000,415.4616022852317,1001
2024-09-18 15:07:55.076000,415.4611028368987,998
2024-09-18 15:07:55.160000,415.437243255854,100
2024-09-18 15:07:55.160000,415.46180807844576,10
2024-09-18 15:07:55.165000,415.433335507375,6
2024-09-18 15:07:55.166000,415.4200485980831,1005
2024-09-18 15:07:55.265000,415.4352864834812,97
2024-09-18 15:07:55.335000,415.4532479556093,14
2024-09-18 15:07:55.362000,415.4376789744054,96
2024-09-18 15:07:55.366000,415.4879660702517,99
2024-09-18 15:07:55.390000,415.478087600382,1001
2024-09-18 15:07:55.449000,415.4881452913128,1000
2024-09-18 15:07:55.538000,415.4456061948088,998
2024-09-18 15:07:55.565000,415.4358623068986,105
2024-09-18 15:07:55.597000,415.45210865594936,105
2024-09-18 15:07:55.614000,415.4203695557168,98
2024-09-18 15:07:55.625000,415.4236419823775,96
2024-09-18 15:07:55.712000,415.4861313214193,15
2024-09-18 15:07:55.737000,415.4405070648064,1003
2024-09-18 15:07:55.740000,415.4366731296889,105
2024-09-18 15:07:55.760000,415.464395212361,14
2024-09-18 15:07:55.766000,415.4595264465802,7
2024-09-18 15:07:55.776000,415.506064214686,1005
2024-09-18 15:07:55.832000,415.4573333574882,1004
2024-09-18 15:07:55.958000,415.4611116306467,1005
2024-09-18 15:07:55.985000,415.43152089932687,98
2024-09-18 15:07:56.436000,415.4402641786092,14
2024-09-18 15:07:56.478000,415.446387825668,10
2024-09-18 15:07:56.634000,415.42812460694296,9
2024-09-18 15:07:57.009000,415.4217133203797,14
2024-09-18 15:07:57.027000,415.4407508239075,98
2024-09-18 15:07:57.078000,415.40822326798224,5
2024-09-18 15:07:57.092000,415.4488047278249,100
2024-09-18 15:07:57.107000,415.42075509609873,96
2024-09-18 15:07:57.161000,415.48456222748376,10
2024-09-18 15:07:57.169000,415.4283729681356,9
2024-09-18 15:07:57.207000,415.4369188983758,1004
2024-09-18 15:07:57.225000,415.43859889299824,99
2024-09-18 15:07:57.286000,415.48002350382274,8
2024-09-18 15:07:57.296000,415.4614271306165,102
2024-09-18 15:07:57.567000,415.4205755274649,105
2024-09-18 15:07:57.658000,415.4122036425191,104
2024-09-18 15:07:57.666000,415.448574980995,101
2024-09-18 15:07:57.681000,415.42460334132267,10
2024-09-18 15:07:57.704000,415.4498360731134,101
2024-09-18 15:07:57.732000,415.4775719385156,998
2024-09-18 15:07:57.769000,415.4266391031783,14
2024-09-18 15:07:57.776000,415.4090555651594,99
2024-09-18 15:07:57.827000,415.4401530100443,1000
2024-09-18 15:07:57.835000,415.4254909083819,97
2024-09-18 15:07:57.838000,415.4451030631941,98
2024-09-18 15:07:57.872000,415.4319252017422,105
2024-09-18 15:07:57.936000,415.4077485341041,7
2024-09-18 15:07:58.147000,415.528680398302,6
2024-09-18 15:07:58.162000,415.49992559939847,104
2024-09-18 15:07:58.281000,415.4953245881634,102
2024-09-18 15:07:58.373000,415.485511113057,13
2024-09-18 15:07:58.408000,415.53373508573554,101
2024-09-18 15:07:58.761000,415.52663501337815,104
2024-09-18 15:07:58.847000,415.5019992053543,101
2024-09-18 15:07:58.905000,415.5068948920931,99
2024-09-18 15:07:58.992000,415.5288419675971,95
2024-09-18 15:07:59.030000,415.6297783900192,1004
2024-09-18 15:07:59.048000,415.5742437788917,103
2024-09-18 15:07:59.099000,415.5751439163403,97
2024-09-18 15:07:59.155000,415.594481764874,9
2024-09-18 15:07:59.171000,415.58364029215886,105
2024-09-18 15:07:59.193000,415.5906144322775,101
2024-09-18 15:07:59.211000,415.57124867581024,15
2024-09-18 15:07:59.212000,415.601207397775,9
2024-09-18 15:07:59.256000,415.62945052068926,100
2024-09-18 15:07:59.276000,415.58057461715936,15
2024-09-18 15:07:59.291000,415.5729936642417,11
2024-09-18 15:07:59.306000,415.5548276884388,101
2024-09-18 15:07:59.323000,415.57574576269707,104
2024-09-18 15:07:59.348000,408.1613997809165,8
2024-09-18 15:07:59.386000,415.5784601694724,1005
2024-09-18 15:07:59.393000,415.6227324445002,1005
2024-09-18 15:07:59.394000,415.595783438977,1000
2024-09-18 15:07:59.431000,415.6119057603024,1004
2024-09-18 15:07:59.434000,415.6115201201965,98
2024-09-18 15:07:59.556000,415.5800465842386,1002
2024-09-18 15:07:59.600000,415.5778639016282,100
2024-09-18 15:07:59.631000,415.5386508521784,1004
2024-09-18 15:07:59.660000,415.57588924982224,999
2024-09-18 15:07:59.670000,415.5842954585522,97
2024-09-18 15:07:59.806000,415.6007354223335,1003
2024-09-18 15:07:59.915000,415.572811726621,1002
2024-09-18 15:07:59.944000,415.5819990445213,7
2024-09-18 15:07:59.950000,415.5737989649152,1002
2024-09-18 15:07:59.980000,415.5621514487288,7
2024-09-18 15:07:59.984000,415.586783938234,15
2024-09-18 15:07:59.996000,415.5704930994127,996
