Timestamp,Price,Size
2024-09-17 15:18:00.052000,406.849273347737,1003
2024-09-17 15:18:00.095000,406.8153446996095,1003
2024-09-17 15:18:00.243000,406.8435475784833,999
2024-09-17 15:18:00.261000,406.83090509014096,999
2024-09-17 15:18:00.283000,406.8301706556719,5
2024-09-17 15:18:00.307000,406.8303476194534,6
2024-09-17 15:18:00.562000,406.8290506746761,9
2024-09-17 15:18:00.633000,406.8188914402462,997
2024-09-17 15:18:00.638000,406.84570817686017,1001
2024-09-17 15:18:00.822000,406.8212478509636,1004
2024-09-17 15:18:00.822000,406.83994221829767,998
2024-09-17 15:18:00.823000,406.8427893076223,12
2024-09-17 15:18:00.834000,406.82368431310783,9
2024-09-17 15:18:00.862000,406.8310269829962,6
2024-09-17 15:18:01.303000,406.7829131629052,6
2024-09-17 15:18:01.305000,406.8029267659329,12
2024-09-17 15:18:01.458000,406.775747482956,998
2024-09-17 15:18:01.480000,406.76687565813575,96
2024-09-17 15:18:01.486000,406.77389748801454,98
2024-09-17 15:18:01.507000,406.8169389246521,11
2024-09-17 15:18:01.590000,406.81255866414136,102
2024-09-17 15:18:01.658000,406.7918085880067,996
2024-09-17 15:18:01.658000,406.8118626346113,998
2024-09-17 15:18:01.699000,406.7819974972346,104
2024-09-17 15:18:01.709000,406.7450247905995,97
2024-09-17 15:18:01.812000,406.77262819487805,1002
2024-09-17 15:18:01.852000,406.7609243161807,14
2024-09-17 15:18:02,406.7439325804321,99
2024-09-17 15:18:02.023000,406.7477273262161,6
2024-09-17 15:18:02.050000,406.76262190374274,12
2024-09-17 15:18:02.199000,406.757456688545,102
2024-09-17 15:18:02.208000,406.7513990282632,1002
2024-09-17 15:18:02.256000,406.7635173171966,7
2024-09-17 15:18:02.277000,406.7399899810293,95
2024-09-17 15:18:02.416000,406.7560048522578,13
2024-09-17 15:18:02.711000,406.75648695148885,1004
2024-09-17 15:18:02.947000,406.7460011556359,99
2024-09-17 15:18:03.089000,406.7370067142122,1003
2024-09-17 15:18:03.204000,414.2056466808573,104
2024-09-17 15:18:03.444000,406.75475648414016,1001
2024-09-17 15:18:03.486000,406.7193810068192,6
2024-09-17 15:18:03.667000,406.7333405569708,101
2024-09-17 15:18:03.856000,406.7616201326121,13
2024-09-17 15:18:03.931000,406.7276891133261,997
2024-09-17 15:18:03.991000,406.7290729979886,101
2024-09-17 15:18:04.010000,406.7857494075392,1004
2024-09-17 15:18:04.078000,406.8059032145001,96
2024-09-17 15:18:04.100000,406.7778859653936,96
2024-09-17 15:18:04.276000,406.7551290026796,99
2024-09-17 15:18:04.290000,406.7970324222944,96
2024-09-17 15:18:04.305000,406.7660215128688,11
2024-09-17 15:18:04.307000,406.76761398082056,1002
2024-09-17 15:18:04.399000,406.7942129329842,96
2024-09-17 15:18:04.496000,406.7588984240612,995
2024-09-17 15:18:04.538000,406.8170211153159,9
2024-09-17 15:18:04.551000,406.7722428040323,999
2024-09-17 15:18:04.582000,406.7821327452788,1004
2024-09-17 15:18:04.614000,406.7819214710237,95
2024-09-17 15:18:04.639000,406.7687134126605,1002
2024-09-17 15:18:04.729000,406.8211287632728,12
2024-09-17 15:18:04.754000,406.7571488546109,1001
2024-09-17 15:18:04.797000,406.7659680827239,1005
2024-09-17 15:18:04.908000,406.76204881363,10
2024-09-17 15:18:04.920000,406.7620084120174,13
2024-09-17 15:18:04.946000,406.7569180883143,103
2024-09-17 15:18:04.977000,406.75291844969166,10
2024-09-17 15:18:05.069000,406.8222775834699,999
2024-09-17 15:18:05.088000,406.8408649283799,95
2024-09-17 15:18:05.147000,406.8005589301176,105
2024-09-17 15:18:05.162000,406.8023586053274,1003
2024-09-17 15:18:05.177000,406.8556255720263,1002
2024-09-17 15:18:05.212000,406.8207085680547,6
2024-09-17 15:18:05.550000,406.8002373374085,97
2024-09-17 15:18:05.576000,406.8226504217625,995
2024-09-17 15:18:05.594000,406.8189867528425,15
2024-09-17 15:18:05.599000,406.7809933716582,996
2024-09-17 15:18:05.614000,406.7870429896272,11
2024-09-17 15:18:05.757000,406.8016618355307,97
2024-09-17 15:18:05.815000,406.8097424863399,999
2024-09-17 15:18:05.944000,406.824449247767,96
2024-09-17 15:18:05.975000,406.8270545773158,95
2024-09-17 15:18:06.199000,406.8482082369934,105
2024-09-17 15:18:06.231000,406.8093270556541,11
2024-09-17 15:18:06.243000,406.8318833345213,998
2024-09-17 15:18:06.379000,406.828962612092,1002
2024-09-17 15:18:06.523000,406.8477159778101,1002
2024-09-17 15:18:06.615000,406.8448043361736,13
2024-09-17 15:18:06.840000,406.8561804064591,95
2024-09-17 15:18:06.863000,406.8291050516532,1005
2024-09-17 15:18:06.919000,406.8582947672669,13
2024-09-17 15:18:07.035000,406.866898505626,100
2024-09-17 15:18:07.273000,406.8567863604636,998
2024-09-17 15:18:07.305000,406.8476507302498,102
2024-09-17 15:18:07.377000,406.8480404566629,6
2024-09-17 15:18:07.625000,406.857566200755,96
2024-09-17 15:18:07.698000,406.8671682681248,5
2024-09-17 15:18:07.750000,406.85177809526334,5
2024-09-17 15:18:07.825000,406.8459898638904,6
2024-09-17 15:18:08.026000,406.853130525843,105
2024-09-17 15:18:08.059000,406.85230712745374,11
2024-09-17 15:18:08.090000,406.84466246094775,103
2024-09-17 15:18:08.196000,406.82909921137457,104
2024-09-17 15:18:08.219000,406.8467726789008,11
2024-09-17 15:18:08.263000,406.82399639529154,7
2024-09-17 15:18:08.270000,406.8400718440202,1001
2024-09-17 15:18:08.298000,406.79361816138345,7
2024-09-17 15:18:08.367000,406.8319923335151,103
2024-09-17 15:18:08.562000,406.8473650207373,14
2024-09-17 15:18:08.620000,406.79944693709695,12
2024-09-17 15:18:08.623000,406.8076970746986,10
2024-09-17 15:18:08.666000,406.7911473593993,998
2024-09-17 15:18:08.763000,406.8388660446972,15
2024-09-17 15:18:09.059000,406.6938291894291,101
2024-09-17 15:18:09.084000,406.69422160094217,13
2024-09-17 15:18:09.119000,406.7368996083626,13
2024-09-17 15:18:09.169000,406.780582984236,96
2024-09-17 15:18:09.201000,406.7749340941417,103
2024-09-17 15:18:09.219000,406.75462055360606,95
2024-09-17 15:18:09.232000,406.7569879387769,1000
2024-09-17 15:18:09.234000,406.7838343112208,14
2024-09-17 15:18:09.252000,406.73760982123656,96
2024-09-17 15:18:09.368000,406.7513903395577,6
2024-09-17 15:18:09.471000,406.7515115225871,999
2024-09-17 15:18:09.520000,406.7628623406173,995
2024-09-17 15:18:09.544000,406.7438528559596,999
2024-09-17 15:18:09.722000,406.7389834258504,1000
2024-09-17 15:18:09.778000,406.7645356257879,1003
2024-09-17 15:18:09.788000,406.7538043331074,15
2024-09-17 15:18:09.800000,406.7606205533574,104
2024-09-17 15:18:09.901000,406.7409025031316,8
2024-09-17 15:18:09.948000,406.752499346446,998
2024-09-17 15:18:09.970000,406.7309650851818,14
2024-09-17 15:18:10.022000,406.7050234846395,1000
2024-09-17 15:18:10.086000,406.72637719441326,100
2024-09-17 15:18:10.096000,406.7278083272859,11
2024-09-17 15:18:10.106000,406.7319485754947,6
2024-09-17 15:18:10.120000,406.6971303017512,996
2024-09-17 15:18:10.145000,406.7041017496552,997
2024-09-17 15:18:10.146000,406.6955543269261,97
2024-09-17 15:18:10.238000,406.6895898996733,7
2024-09-17 15:18:10.353000,406.7254286693258,998
2024-09-17 15:18:10.367000,406.7436075896177,995
2024-09-17 15:18:10.390000,406.717162581763,1002
2024-09-17 15:18:10.394000,406.6703958379133,12
2024-09-17 15:18:10.418000,406.69226630231833,97
2024-09-17 15:18:10.423000,406.7098792669635,1004
2024-09-17 15:18:10.425000,406.7187925276575,997
2024-09-17 15:18:10.432000,406.6784679755831,6
2024-09-17 15:18:10.504000,406.70970404338925,997
2024-09-17 15:18:10.505000,406.67751884422825,6
2024-09-17 15:18:10.560000,406.6886628990428,96
2024-09-17 15:18:10.617000,406.7332681110215,11
2024-09-17 15:18:10.676000,406.7234410325046,100
2024-09-17 15:18:10.711000,406.7064092067649,10
2024-09-17 15:18:10.734000,406.6881051644776,104
2024-09-17 15:18:10.805000,406.6798320479167,1004
2024-09-17 15:18:10.828000,406.7118740185306,1001
2024-09-17 15:18:10.853000,406.7255700808578,98
2024-09-17 15:18:10.870000,406.6777660566911,14
2024-09-17 15:18:10.964000,406.7514472357197,102
2024-09-17 15:18:10.986000,406.6661879251291,6
2024-09-17 15:18:11.014000,406.7104326528294,102
2024-09-17 15:18:11.335000,406.7014078501306,103
2024-09-17 15:18:11.648000,414.2282756473291,997
2024-09-17 15:18:11.667000,406.73083208665815,101
2024-09-17 15:18:11.710000,406.7199266038508,997
2024-09-17 15:18:12.155000,406.6893358382279,99
2024-09-17 15:18:12.168000,406.67415645392657,12
2024-09-17 15:18:12.235000,406.6893597079912,5
2024-09-17 15:18:12.283000,406.67690927597806,96
2024-09-17 15:18:12.372000,406.6989246360882,14
2024-09-17 15:18:12.380000,406.6954863710824,8
2024-09-17 15:18:12.556000,406.6748686007186,14
2024-09-17 15:18:12.632000,406.6911420876016,5
2024-09-17 15:18:12.663000,406.7027356715645,998
2024-09-17 15:18:12.673000,406.6945715131312,1000
2024-09-17 15:18:12.698000,406.7061422106356,98
2024-09-17 15:18:12.749000,406.6615077889856,15
2024-09-17 15:18:12.828000,406.68205694800514,6
2024-09-17 15:18:12.844000,406.6857697812226,97
2024-09-17 15:18:12.883000,406.6927895352232,14
2024-09-17 15:18:12.915000,406.7006291323737,8
2024-09-17 15:18:12.921000,406.6694151896144,102
2024-09-17 15:18:12.987000,406.67202468390224,997
2024-09-17 15:18:13.511000,406.6490988403637,998
2024-09-17 15:18:14.008000,406.7052894041987,995
2024-09-17 15:18:14.022000,406.6991311256966,1004
2024-09-17 15:18:14.103000,406.718890391957,7
2024-09-17 15:18:14.133000,406.734366067029,101
2024-09-17 15:18:14.229000,406.7367531665584,99
2024-09-17 15:18:14.296000,406.72550616021175,97
2024-09-17 15:18:14.355000,406.7050667555832,12
2024-09-17 15:18:14.412000,406.7025279493611,1000
2024-09-17 15:18:14.475000,406.7225638660273,100
2024-09-17 15:18:14.486000,406.732209308548,10
2024-09-17 15:18:14.493000,406.7319215605881,1005
2024-09-17 15:18:14.644000,406.729377778518,95
2024-09-17 15:18:14.672000,406.70329163576537,95
2024-09-17 15:18:14.681000,406.7079173322786,105
2024-09-17 15:18:14.712000,406.7358971639732,7
2024-09-17 15:18:14.715000,406.7425514961827,95
2024-09-17 15:18:14.720000,406.7317824421012,101
2024-09-17 15:18:14.870000,406.6999125223272,13
2024-09-17 15:18:14.884000,406.71447994081126,10
2024-09-17 15:18:14.977000,406.6762830359218,1005
2024-09-17 15:18:14.999000,406.71046889822793,10
2024-09-17 15:18:15.223000,406.6701415765244,98
2024-09-17 15:18:15.359000,406.6831827660931,97
2024-09-17 15:18:15.400000,406.73224438046856,1005
2024-09-17 15:18:15.424000,406.720842721536,1003
2024-09-17 15:18:15.531000,406.7383906883926,102
2024-09-17 15:18:15.553000,406.6829531346953,997
2024-09-17 15:18:15.566000,406.6735152372098,1002
2024-09-17 15:18:15.651000,406.7122299548519,13
2024-09-17 15:18:15.798000,406.6940856257796,1000
2024-09-17 15:18:15.881000,406.6930092729984,1002
2024-09-17 15:18:15.894000,406.6587657553706,97
2024-09-17 15:18:15.896000,406.69996049766496,11
2024-09-17 15:18:15.973000,406.6718089039541,97
2024-09-17 15:18:16.032000,406.66536114013854,97
2024-09-17 15:18:16.059000,406.6513011641298,9
2024-09-17 15:18:16.183000,406.6621120336603,999
2024-09-17 15:18:16.225000,406.6575467403862,997
2024-09-17 15:18:16.324000,406.6614628958677,996
2024-09-17 15:18:16.381000,406.6526713125224,8
2024-09-17 15:18:16.432000,406.6477148440037,5
2024-09-17 15:18:16.456000,406.66254882303576,998
2024-09-17 15:18:16.501000,406.6512084473488,104
2024-09-17 15:18:16.529000,406.63254994139777,12
2024-09-17 15:18:16.560000,406.6447824165877,100
2024-09-17 15:18:16.740000,406.6456148382514,1003
2024-09-17 15:18:16.886000,406.6582842672436,1003
2024-09-17 15:18:16.919000,406.6518716762311,7
2024-09-17 15:18:16.938000,406.6497462396768,97
2024-09-17 15:18:16.950000,406.6503555744465,999
2024-09-17 15:18:16.994000,406.6608684362354,9
2024-09-17 15:18:17.034000,406.6760205464185,5
2024-09-17 15:18:17.112000,406.6466832038804,9
2024-09-17 15:18:17.186000,406.6260241816175,103
2024-09-17 15:18:17.341000,406.6431331988399,14
2024-09-17 15:18:17.346000,406.6831747320789,1005
2024-09-17 15:18:17.467000,406.6876254136188,11
2024-09-17 15:18:17.474000,406.6513753133536,9
2024-09-17 15:18:17.515000,406.636950904557,8
2024-09-17 15:18:17.525000,406.65415105616177,5
2024-09-17 15:18:17.682000,406.6796637095703,8
2024-09-17 15:18:17.691000,406.6722550254453,1000
2024-09-17 15:18:17.787000,406.6337973149994,1002
2024-09-17 15:18:17.893000,406.6388109847313,99
2024-09-17 15:18:17.921000,406.6810764030542,1004
2024-09-17 15:18:17.949000,406.64147142451264,104
2024-09-17 15:18:18.238000,406.68097674352,99
2024-09-17 15:18:18.351000,406.68997737950735,104
2024-09-17 15:18:18.606000,406.7094758896308,997
2024-09-17 15:18:18.626000,406.7060852270121,1005
2024-09-17 15:18:20.008000,406.6903521971034,998
2024-09-17 15:18:20.016000,406.66634935541856,8
2024-09-17 15:18:20.111000,406.6911980758664,998
2024-09-17 15:18:20.220000,406.6766439355752,13
2024-09-17 15:18:20.243000,406.6644299695311,1005
2024-09-17 15:18:20.383000,406.6898899459149,103
2024-09-17 15:18:20.519000,406.6682168150402,103
2024-09-17 15:18:20.533000,406.68500995187054,1004
2024-09-17 15:18:20.538000,406.67315517908776,1001
2024-09-17 15:18:20.665000,406.7102304688912,997
2024-09-17 15:18:20.683000,406.6853302519633,100
2024-09-17 15:18:20.717000,406.6797667338372,104
2024-09-17 15:18:20.822000,406.66868621154816,997
2024-09-17 15:18:20.853000,406.6554613724928,105
2024-09-17 15:18:20.862000,406.6967621371249,15
2024-09-17 15:18:20.869000,406.6776145877173,998
2024-09-17 15:18:20.989000,406.6772686645554,1001
2024-09-17 15:18:21.040000,406.6643350273224,105
2024-09-17 15:18:21.133000,406.68158462727166,5
2024-09-17 15:18:21.163000,406.6731269659128,7
2024-09-17 15:18:21.341000,406.6489520882034,996
2024-09-17 15:18:21.377000,406.6722960836268,105
2024-09-17 15:18:21.721000,406.66519466784337,97
2024-09-17 15:18:21.736000,406.6479653100121,1003
2024-09-17 15:18:21.747000,406.6888603605708,13
2024-09-17 15:18:22.192000,406.7899055758351,11
2024-09-17 15:18:22.236000,406.7772552408682,1000
2024-09-17 15:18:22.281000,406.771506754989,95
2024-09-17 15:18:22.349000,406.75740057819337,12
2024-09-17 15:18:22.358000,406.7706892446292,95
2024-09-17 15:18:22.434000,406.7922268352694,15
2024-09-17 15:18:22.457000,406.820786293363,1000
2024-09-17 15:18:22.467000,406.7998588397082,996
2024-09-17 15:18:22.559000,406.81931575371175,1005
2024-09-17 15:18:22.637000,406.8093419510584,12
2024-09-17 15:18:22.689000,406.801635947088,997
2024-09-17 15:18:22.709000,406.7908728073018,1003
2024-09-17 15:18:22.739000,406.6847708232692,105
2024-09-17 15:18:22.750000,406.7346023190865,6
2024-09-17 15:18:22.779000,406.6980641804972,11
2024-09-17 15:18:22.784000,406.7625411716624,101
2024-09-17 15:18:22.813000,406.7955792163781,103
2024-09-17 15:18:22.824000,406.7785628242969,8
2024-09-17 15:18:22.989000,406.7675824530713,13
2024-09-17 15:18:23.018000,406.7801341903239,10
2024-09-17 15:18:23.020000,406.76675169606,5
2024-09-17 15:18:23.064000,406.7805845864796,104
2024-09-17 15:18:23.070000,406.7857485215268,15
2024-09-17 15:18:23.081000,406.7759906919816,6
2024-09-17 15:18:23.082000,406.7772586139834,102
2024-09-17 15:18:23.090000,406.7564978035915,15
2024-09-17 15:18:23.101000,406.79208126035104,11
2024-09-17 15:18:23.117000,406.7636259805886,999
2024-09-17 15:18:23.249000,406.7800520302108,101
2024-09-17 15:18:23.317000,406.7893073603311,1005
2024-09-17 15:18:23.334000,406.7681087114423,1005
2024-09-17 15:18:23.458000,406.7570419728593,98
2024-09-17 15:18:23.466000,406.7507229826769,5
2024-09-17 15:18:23.469000,406.778179460705,95
2024-09-17 15:18:23.496000,406.7781641617099,102
2024-09-17 15:18:23.516000,406.7777181341854,995
2024-09-17 15:18:23.527000,406.7690623447756,10
2024-09-17 15:18:23.533000,406.7592537892872,8
2024-09-17 15:18:23.633000,406.7532834459779,998
2024-09-17 15:18:23.669000,406.7611458542572,7
2024-09-17 15:18:23.726000,406.775600743752,1004
2024-09-17 15:18:23.753000,406.7469218630816,997
2024-09-17 15:18:23.863000,406.7671791558024,1000
2024-09-17 15:18:23.866000,406.7772981585956,15
2024-09-17 15:18:23.887000,406.7693940095021,98
2024-09-17 15:18:23.905000,406.7770375525426,95
2024-09-17 15:18:24.039000,406.7704059474796,100
2024-09-17 15:18:24.125000,406.7694703305704,7
2024-09-17 15:18:24.226000,406.76884976010206,13
2024-09-17 15:18:24.260000,406.75907292755454,1004
2024-09-17 15:18:24.269000,406.74745814324206,996
2024-09-17 15:18:24.321000,406.7704969845942,1003
2024-09-17 15:18:24.382000,406.7515591794856,1000
2024-09-17 15:18:24.391000,406.76766435849726,98
2024-09-17 15:18:24.554000,406.7559503141049,12
2024-09-17 15:18:24.568000,414.1240892098268,1003
2024-09-17 15:18:24.614000,406.7727087607111,999
2024-09-17 15:18:24.676000,406.7455826614788,11
2024-09-17 15:18:24.777000,406.7413932542521,995
2024-09-17 15:18:25.016000,406.7940224282653,105
2024-09-17 15:18:25.095000,406.7586077945435,14
2024-09-17 15:18:25.125000,406.8028267461057,1001
2024-09-17 15:18:25.201000,406.75190813215767,996
2024-09-17 15:18:25.272000,406.7810336291328,100
2024-09-17 15:18:25.292000,406.7412236109338,98
2024-09-17 15:18:25.338000,406.7719833907252,103
2024-09-17 15:18:25.349000,406.773537449283,9
2024-09-17 15:18:25.383000,406.7527399623263,104
2024-09-17 15:18:25.389000,406.7576143272371,96
2024-09-17 15:18:25.420000,406.79840738130434,995
2024-09-17 15:18:25.535000,406.78708420252224,12
2024-09-17 15:18:25.541000,406.7413493237952,1005
2024-09-17 15:18:25.543000,406.7756148777621,8
2024-09-17 15:18:25.555000,406.7544404330452,102
2024-09-17 15:18:25.658000,406.760260865154,996
2024-09-17 15:18:25.677000,406.7544566089776,13
2024-09-17 15:18:25.752000,406.76705922891466,105
2024-09-17 15:18:25.756000,406.7543730153744,1004
2024-09-17 15:18:25.764000,406.7469433498288,98
2024-09-17 15:18:25.776000,406.7486629538424,13
2024-09-17 15:18:25.926000,406.77284375775815,13
2024-09-17 15:18:26.021000,406.7283853142998,9
2024-09-17 15:18:26.104000,406.7800220924081,14
2024-09-17 15:18:26.105000,406.735998050645,996
2024-09-17 15:18:26.112000,406.7545033190325,13
2024-09-17 15:18:26.141000,406.7292521994138,999
2024-09-17 15:18:26.222000,406.77932993040514,9
2024-09-17 15:18:26.283000,406.7746025351906,1003
2024-09-17 15:18:26.305000,406.769169495001,95
2024-09-17 15:18:26.310000,406.7365516775172,11
2024-09-17 15:18:26.324000,406.76076979411687,96
2024-09-17 15:18:26.400000,406.7952204290243,11
2024-09-17 15:18:26.451000,406.7575139344344,103
2024-09-17 15:18:26.452000,406.7801198977336,98
2024-09-17 15:18:26.453000,406.7758832521975,15
2024-09-17 15:18:26.529000,406.7654564282061,14
2024-09-17 15:18:26.674000,406.7841197663722,6
2024-09-17 15:18:26.760000,406.7657058766342,100
2024-09-17 15:18:26.821000,406.74783057839227,10
2024-09-17 15:18:26.839000,406.7839193888273,14
2024-09-17 15:18:26.856000,406.7511932434169,100
2024-09-17 15:18:26.891000,406.77116915678863,98
2024-09-17 15:18:26.907000,406.7191701036371,11
2024-09-17 15:18:26.959000,406.80272000502384,11
2024-09-17 15:18:27.044000,406.795224291077,96
2024-09-17 15:18:27.069000,414.1318704752,10
2024-09-17 15:18:27.091000,406.8321821946123,1005
2024-09-17 15:18:27.094000,406.8424099685111,6
2024-09-17 15:18:27.175000,406.77771059823925,15
2024-09-17 15:18:27.277000,406.8219285768557,1001
2024-09-17 15:18:27.282000,406.78873052968,8
2024-09-17 15:18:27.298000,406.7935411446057,1004
2024-09-17 15:18:27.476000,406.8331581332868,998
2024-09-17 15:18:27.533000,406.774704149781,15
2024-09-17 15:18:27.569000,406.799429750462,105
2024-09-17 15:18:27.636000,406.7915378604346,1004
2024-09-17 15:18:27.730000,406.7890989929877,14
2024-09-17 15:18:27.810000,406.7904163152999,997
2024-09-17 15:18:27.814000,406.81389436811145,7
2024-09-17 15:18:27.814000,406.7784778970977,998
2024-09-17 15:18:27.819000,406.8401701716945,97
2024-09-17 15:18:27.867000,406.784185279652,7
2024-09-17 15:18:27.878000,406.8274954472144,6
2024-09-17 15:18:27.920000,406.82474351485536,998
2024-09-17 15:18:27.948000,406.79428393780944,1000
2024-09-17 15:18:28.047000,406.8203461300452,98
2024-09-17 15:18:28.060000,406.84184198027896,14
2024-09-17 15:18:28.132000,406.8286264530568,97
2024-09-17 15:18:28.172000,406.8084151933465,11
2024-09-17 15:18:28.208000,406.8392990403884,1002
2024-09-17 15:18:28.287000,406.8137540324157,1005
2024-09-17 15:18:28.305000,406.8182463668632,5
2024-09-17 15:18:28.376000,406.85502089870033,12
2024-09-17 15:18:28.406000,406.8297885626508,15
2024-09-17 15:18:28.424000,414.1956017152949,1000
2024-09-17 15:18:28.465000,406.8242190674701,1005
2024-09-17 15:18:28.510000,406.8552210770315,996
2024-09-17 15:18:28.536000,406.8228006986326,1004
2024-09-17 15:18:28.601000,406.8383654685016,10
2024-09-17 15:18:28.634000,406.8551551663149,5
2024-09-17 15:18:28.753000,406.8162668077906,9
2024-09-17 15:18:28.779000,406.8426344299646,1003
2024-09-17 15:18:28.897000,406.8291655497107,98
2024-09-17 15:18:28.915000,406.8087097690012,1002
2024-09-17 15:18:29.084000,406.7988969909447,5
2024-09-17 15:18:29.100000,406.806100767486,14
2024-09-17 15:18:29.231000,406.7776906829801,99
2024-09-17 15:18:29.510000,406.78221598968815,9
2024-09-17 15:18:29.569000,406.799706045171,102
2024-09-17 15:18:29.617000,406.8154711518078,100
2024-09-17 15:18:29.618000,406.7881339334471,996
2024-09-17 15:18:29.793000,406.7833600852084,98
2024-09-17 15:18:29.796000,406.7890595414223,100
2024-09-17 15:18:29.939000,406.79546050468457,998
2024-09-17 15:18:30.098000,406.7375465134339,15
2024-09-17 15:18:30.249000,406.7517932634565,97
2024-09-17 15:18:30.265000,406.7869255328217,9
2024-09-17 15:18:30.418000,406.7627167746911,99
2024-09-17 15:18:30.489000,406.7778719440313,13
2024-09-17 15:18:30.507000,406.77437819873086,96
2024-09-17 15:18:30.517000,406.7809410084768,102
2024-09-17 15:18:30.588000,406.7549091575898,98
2024-09-17 15:18:30.615000,406.7764642896156,14
2024-09-17 15:18:30.745000,406.7884100658285,8
2024-09-17 15:18:30.754000,406.7796343713868,13
2024-09-17 15:18:30.790000,406.75773847936034,1003
2024-09-17 15:18:30.875000,406.7555710576819,996
2024-09-17 15:18:30.908000,406.7527011113435,997
2024-09-17 15:18:31.722000,406.77578653862014,1001
2024-09-17 15:18:32.076000,406.7715950119068,13
2024-09-17 15:18:32.091000,406.7905386915393,15
2024-09-17 15:18:32.485000,406.78759442778585,105
2024-09-17 15:18:32.850000,406.7847196837468,10
2024-09-17 15:18:32.932000,406.7725458743433,996
2024-09-17 15:18:33.128000,406.8088300243402,5
2024-09-17 15:18:33.273000,406.8001756316524,998
2024-09-17 15:18:33.278000,406.8206984449886,102
2024-09-17 15:18:33.446000,406.7930420619685,10
2024-09-17 15:18:33.487000,406.7801895585018,7
2024-09-17 15:18:33.511000,406.8157273359892,10
2024-09-17 15:18:33.527000,406.7920723380336,996
2024-09-17 15:18:33.659000,406.8219254305546,1004
2024-09-17 15:18:33.675000,406.7896278894311,99
2024-09-17 15:18:33.758000,406.8025657102657,999
2024-09-17 15:18:33.770000,406.8033530638688,8
2024-09-17 15:18:33.830000,406.80203569538986,104
2024-09-17 15:18:33.844000,406.7781283022737,8
2024-09-17 15:18:33.845000,406.8117277529103,10
2024-09-17 15:18:33.877000,406.8041578837215,1005
2024-09-17 15:18:33.904000,406.82748264832463,13
2024-09-17 15:18:33.910000,406.8174905710799,1002
2024-09-17 15:18:33.912000,406.817442041382,13
2024-09-17 15:18:33.937000,406.8021202985086,1003
2024-09-17 15:18:33.949000,414.2512537179768,97
2024-09-17 15:18:33.974000,406.7864408645465,13
2024-09-17 15:18:34.171000,406.82114384391866,6
2024-09-17 15:18:34.183000,406.79378283780494,100
2024-09-17 15:18:34.380000,406.81894026581807,105
2024-09-17 15:18:34.539000,406.7910480402354,1005
2024-09-17 15:18:34.560000,406.8194606431935,13
2024-09-17 15:18:34.694000,406.83256325126496,99
2024-09-17 15:18:34.698000,406.8098248828011,101
2024-09-17 15:18:34.792000,406.80576626553926,96
2024-09-17 15:18:34.823000,406.8312663713541,995
2024-09-17 15:18:34.944000,406.825892122298,15
2024-09-17 15:18:35.122000,406.7965512250112,13
2024-09-17 15:18:35.243000,406.81987377877033,1004
2024-09-17 15:18:35.296000,406.80478788435977,97
2024-09-17 15:18:35.298000,406.8245084162971,5
2024-09-17 15:18:35.323000,406.8396211320514,10
2024-09-17 15:18:35.388000,406.8356139203406,9
2024-09-17 15:18:35.459000,406.83748274849415,1003
2024-09-17 15:18:35.478000,406.7928543020228,99
2024-09-17 15:18:35.502000,406.7932870492632,1001
2024-09-17 15:18:35.527000,406.8054511271544,95
2024-09-17 15:18:35.622000,406.8227789933218,102
2024-09-17 15:18:35.746000,406.8057389269288,102
2024-09-17 15:18:35.750000,406.8176744602014,99
2024-09-17 15:18:35.951000,406.8077847549346,998
2024-09-17 15:18:36.045000,406.8118668410494,999
2024-09-17 15:18:36.064000,406.8047614775342,1005
2024-09-17 15:18:36.134000,406.8046564290592,103
2024-09-17 15:18:36.417000,406.7757319921608,98
2024-09-17 15:18:36.668000,406.7868351744284,13
2024-09-17 15:18:36.722000,406.7809676171497,1001
2024-09-17 15:18:36.804000,406.7976619708278,1002
2024-09-17 15:18:36.841000,406.81383360401446,11
2024-09-17 15:18:37.093000,406.7939967030251,8
2024-09-17 15:18:37.095000,406.7981953909951,1003
2024-09-17 15:18:37.432000,406.7749220891952,999
2024-09-17 15:18:37.495000,406.7893700748358,104
2024-09-17 15:18:37.594000,406.7878879102683,13
2024-09-17 15:18:37.680000,406.7849210686781,1000
2024-09-17 15:18:37.704000,406.7988882257264,96
2024-09-17 15:18:37.731000,406.7953995961496,102
2024-09-17 15:18:37.821000,406.80612683173433,99
2024-09-17 15:18:37.968000,406.78584209033306,10
2024-09-17 15:18:38.083000,406.74601843033344,996
2024-09-17 15:18:38.167000,406.6873269953493,102
2024-09-17 15:18:38.194000,406.7098654819316,999
2024-09-17 15:18:38.224000,406.76991674540926,8
2024-09-17 15:18:38.241000,406.6764106237332,100
2024-09-17 15:18:38.242000,406.680911198625,103
2024-09-17 15:18:38.253000,406.67208072517104,99
2024-09-17 15:18:38.254000,406.6782886260323,13
2024-09-17 15:18:38.262000,406.6879843728764,100
2024-09-17 15:18:38.279000,406.7264456562704,103
2024-09-17 15:18:38.286000,406.69187105716986,997
2024-09-17 15:18:38.297000,406.7772142258704,104
2024-09-17 15:18:38.355000,406.68203953733695,1003
2024-09-17 15:18:38.406000,406.67725377133456,103
2024-09-17 15:18:38.425000,406.750083495304,104
2024-09-17 15:18:38.429000,406.67593825315015,6
2024-09-17 15:18:38.465000,406.6697096249294,8
2024-09-17 15:18:38.517000,406.7663888473391,11
2024-09-17 15:18:38.663000,406.72259560066806,96
2024-09-17 15:18:38.686000,406.6770829087042,1004
2024-09-17 15:18:38.741000,406.6929969985969,996
2024-09-17 15:18:38.850000,406.6766511738586,1005
2024-09-17 15:18:38.988000,406.6911763974943,8
2024-09-17 15:18:39.014000,406.5290756951191,98
2024-09-17 15:18:39.074000,406.56682871597695,96
2024-09-17 15:18:39.094000,406.64154106781854,10
2024-09-17 15:18:39.103000,406.6109030155758,997
2024-09-17 15:18:39.167000,406.5989759520677,11
2024-09-17 15:18:39.183000,406.5438567765688,8
2024-09-17 15:18:39.231000,406.609680743218,103
2024-09-17 15:18:39.239000,406.5430712734474,15
2024-09-17 15:18:39.275000,406.61285739665294,1000
2024-09-17 15:18:39.357000,406.6003002064608,104
2024-09-17 15:18:39.483000,406.6462709861525,102
2024-09-17 15:18:39.495000,406.5391497337449,95
2024-09-17 15:18:39.617000,406.6170167055345,105
2024-09-17 15:18:39.656000,406.5993259480163,1002
2024-09-17 15:18:39.691000,406.6189149738412,1001
2024-09-17 15:18:39.743000,406.6024566885951,10
2024-09-17 15:18:39.785000,406.6591917185717,1003
2024-09-17 15:18:39.831000,406.6217256546167,103
2024-09-17 15:18:39.845000,406.6421530076634,95
2024-09-17 15:18:39.854000,406.5946972164544,105
2024-09-17 15:18:39.859000,406.5468050341674,103
2024-09-17 15:18:39.867000,406.6196970090859,15
2024-09-17 15:18:39.909000,406.5484033894523,9
2024-09-17 15:18:39.961000,406.5320988131882,1003
2024-09-17 15:18:39.989000,406.6049923983243,1000
2024-09-17 15:18:39.990000,406.63917093649445,998
2024-09-17 15:18:40.563000,406.540073492807,98
2024-09-17 15:18:40.682000,406.5335601330626,104
2024-09-17 15:18:40.701000,406.5361745932278,997
2024-09-17 15:18:41.041000,406.4839399269529,995
2024-09-17 15:18:41.043000,406.47436269610495,8
2024-09-17 15:18:41.077000,406.4846122246904,101
2024-09-17 15:18:41.087000,406.52327874478,15
2024-09-17 15:18:41.092000,406.48009609417227,998
2024-09-17 15:18:41.113000,406.4836046989741,997
2024-09-17 15:18:41.172000,406.4905078328775,6
2024-09-17 15:18:41.181000,406.49258151818407,96
2024-09-17 15:18:41.208000,406.4753910766429,8
2024-09-17 15:18:41.289000,406.5025538092381,12
2024-09-17 15:18:41.318000,406.4868250480007,999
2024-09-17 15:18:41.324000,406.4935372305777,5
2024-09-17 15:18:41.346000,406.46696733807926,998
2024-09-17 15:18:41.412000,406.4651487265533,104
2024-09-17 15:18:41.511000,406.4890070102095,1001
2024-09-17 15:18:41.550000,406.5044810316723,998
2024-09-17 15:18:41.572000,406.4728211020111,998
2024-09-17 15:18:41.662000,406.513303367436,98
2024-09-17 15:18:41.699000,406.5095414544945,9
2024-09-17 15:18:41.757000,406.495119266777,97
2024-09-17 15:18:41.775000,406.4708506147907,14
2024-09-17 15:18:41.786000,406.5235323874245,1005
2024-09-17 15:18:41.884000,406.4929723409236,95
2024-09-17 15:18:41.923000,406.4761893367654,1004
2024-09-17 15:18:41.962000,406.483064105668,995
2024-09-17 15:18:41.983000,406.4949234201306,101
2024-09-17 15:18:42.015000,406.4944148987309,12
2024-09-17 15:18:42.095000,406.5076952202973,14
2024-09-17 15:18:42.119000,406.5127263264199,7
2024-09-17 15:18:42.222000,406.5305981659404,13
2024-09-17 15:18:42.272000,406.4975769504455,998
2024-09-17 15:18:42.352000,406.5310451114502,8
2024-09-17 15:18:42.396000,406.5228981730313,999
2024-09-17 15:18:42.407000,406.5064777116892,12
2024-09-17 15:18:42.414000,406.53416705340766,999
2024-09-17 15:18:42.507000,406.4997211252335,998
2024-09-17 15:18:42.510000,406.5377071771405,15
2024-09-17 15:18:42.547000,406.51676690726,15
2024-09-17 15:18:42.567000,406.50451431654784,1005
2024-09-17 15:18:42.642000,406.5232641410946,100
2024-09-17 15:18:42.706000,406.51234049784006,13
2024-09-17 15:18:42.732000,406.5419093881144,102
2024-09-17 15:18:42.881000,406.51881849572,97
2024-09-17 15:18:42.913000,406.5246420250186,11
2024-09-17 15:18:42.918000,406.525448718103,1000
2024-09-17 15:18:42.918000,406.5364435622433,12
2024-09-17 15:18:42.922000,406.5114921592905,96
2024-09-17 15:18:42.976000,406.5267119403612,102
2024-09-17 15:18:43.007000,406.4748220794208,1001
2024-09-17 15:18:43.045000,406.4559772934641,102
2024-09-17 15:18:43.079000,406.5261768403941,8
2024-09-17 15:18:43.136000,406.5169001731992,103
2024-09-17 15:18:43.171000,406.483615378313,7
2024-09-17 15:18:43.180000,406.5074990104896,1003
2024-09-17 15:18:43.198000,406.4760858193655,996
2024-09-17 15:18:43.243000,406.4367124154303,98
2024-09-17 15:18:43.248000,406.5312667191923,10
2024-09-17 15:18:43.257000,406.5338122653273,1000
2024-09-17 15:18:43.363000,406.44801438545073,998
2024-09-17 15:18:43.540000,406.5637621925843,1003
2024-09-17 15:18:43.560000,406.54907975971184,1003
2024-09-17 15:18:43.576000,406.5381739747996,102
2024-09-17 15:18:43.589000,406.5106540172977,14
2024-09-17 15:18:43.593000,406.5488117685358,999
2024-09-17 15:18:43.633000,406.5179072472448,101
2024-09-17 15:18:43.644000,406.4598718642589,995
2024-09-17 15:18:43.651000,406.49331574911184,10
2024-09-17 15:18:43.681000,406.5188317212259,998
2024-09-17 15:18:43.723000,406.50309398382615,6
2024-09-17 15:18:43.875000,406.5263980497844,104
2024-09-17 15:18:43.909000,406.50783121512063,9
2024-09-17 15:18:43.925000,406.5544709883978,101
2024-09-17 15:18:43.981000,406.5089328939325,12
2024-09-17 15:18:44.015000,406.42362067040006,12
2024-09-17 15:18:44.020000,406.3839723618274,10
2024-09-17 15:18:44.137000,406.39351043531866,99
2024-09-17 15:18:44.163000,406.3847704757664,1002
2024-09-17 15:18:44.302000,406.400943521323,12
2024-09-17 15:18:44.335000,406.4461388256881,6
2024-09-17 15:18:44.336000,406.3853052240403,95
2024-09-17 15:18:44.400000,406.45609244867455,8
2024-09-17 15:18:44.472000,406.4349698296418,100
2024-09-17 15:18:44.505000,406.4444869201745,14
2024-09-17 15:18:44.518000,406.4624541771829,1001
2024-09-17 15:18:44.621000,406.4050397809639,15
2024-09-17 15:18:44.671000,406.3708750129184,96
2024-09-17 15:18:44.694000,406.437143701955,8
2024-09-17 15:18:44.712000,406.3629154338645,9
2024-09-17 15:18:44.739000,406.3721210370077,999
2024-09-17 15:18:44.740000,406.4032815341032,8
2024-09-17 15:18:44.810000,406.3837432601104,99
2024-09-17 15:18:44.886000,406.40549988152816,98
2024-09-17 15:18:44.898000,406.43886179052095,13
2024-09-17 15:18:44.905000,406.4435893867786,1003
2024-09-17 15:18:44.988000,406.3820034966605,1003
2024-09-17 15:18:45.025000,406.3471933163635,998
2024-09-17 15:18:45.052000,406.3404165724629,95
2024-09-17 15:18:45.125000,406.337909007913,102
2024-09-17 15:18:45.333000,406.3081238796834,95
2024-09-17 15:18:45.404000,406.3403995598548,999
2024-09-17 15:18:45.556000,406.32867511550734,95
2024-09-17 15:18:45.597000,414.4984215620397,12
2024-09-17 15:18:45.812000,406.308179790481,995
2024-09-17 15:18:45.826000,406.352344647078,12
2024-09-17 15:18:45.849000,406.3107389367086,8
2024-09-17 15:18:45.919000,406.34980102369286,1005
2024-09-17 15:18:45.919000,406.3302000667138,97
2024-09-17 15:18:45.952000,406.3467416064191,1002
2024-09-17 15:18:46.011000,406.260239565301,997
2024-09-17 15:18:46.023000,406.2886702493672,12
2024-09-17 15:18:46.138000,406.2981019867881,14
2024-09-17 15:18:46.155000,406.2820646453705,103
2024-09-17 15:18:46.215000,406.2882417497812,103
2024-09-17 15:18:46.228000,406.27564566825504,100
2024-09-17 15:18:46.265000,406.3160023083964,13
2024-09-17 15:18:46.311000,406.283979151127,95
2024-09-17 15:18:46.325000,406.3097829536852,8
2024-09-17 15:18:46.364000,406.277889460746,1005
2024-09-17 15:18:46.395000,406.30827919236447,12
2024-09-17 15:18:46.517000,406.3056850709427,1001
2024-09-17 15:18:46.539000,406.3203964095008,1005
2024-09-17 15:18:46.670000,414.55100949766353,12
2024-09-17 15:18:46.691000,406.33433496381184,996
2024-09-17 15:18:46.701000,406.3518978807165,13
2024-09-17 15:18:46.724000,414.51224808057367,105
2024-09-17 15:18:46.737000,406.3292117832898,999
2024-09-17 15:18:46.756000,406.2797341703458,8
2024-09-17 15:18:46.793000,406.2586002291078,13
2024-09-17 15:18:46.802000,406.28523773412513,97
2024-09-17 15:18:46.838000,406.2830368506173,13
2024-09-17 15:18:46.858000,406.2759713573983,999
2024-09-17 15:18:47.571000,406.33571056425785,95
2024-09-17 15:18:47.814000,406.338735754838,100
2024-09-17 15:18:48.011000,406.2691514332519,105
2024-09-17 15:18:48.016000,406.2737435225205,103
2024-09-17 15:18:48.036000,406.216309019572,997
2024-09-17 15:18:48.062000,406.33978661471497,8
2024-09-17 15:18:48.089000,406.2964547892281,100
2024-09-17 15:18:48.091000,406.3077548438399,8
2024-09-17 15:18:48.124000,406.2803296807789,1000
2024-09-17 15:18:48.203000,406.2408681074912,104
2024-09-17 15:18:48.215000,406.3098360548777,12
2024-09-17 15:18:48.229000,406.2241797581435,95
2024-09-17 15:18:48.229000,406.29736640040704,12
2024-09-17 15:18:48.331000,406.330357916548,14
2024-09-17 15:18:48.344000,406.2787195872184,98
2024-09-17 15:18:48.349000,406.2487685786052,12
2024-09-17 15:18:48.362000,406.2979884271941,12
2024-09-17 15:18:48.370000,406.3059160348261,1005
2024-09-17 15:18:48.390000,406.3469408414642,1003
2024-09-17 15:18:48.430000,406.2143824943694,1005
2024-09-17 15:18:48.523000,406.2893247240701,101
2024-09-17 15:18:48.542000,406.3098693243614,15
2024-09-17 15:18:48.553000,406.2807380562931,11
2024-09-17 15:18:48.589000,406.3090092453127,100
2024-09-17 15:18:48.721000,406.2421980808609,14
2024-09-17 15:18:48.737000,406.3000843326907,102
2024-09-17 15:18:48.898000,406.3061907868466,997
2024-09-17 15:18:49,406.2192251415111,6
2024-09-17 15:18:49.053000,406.2162557942327,5
2024-09-17 15:18:49.068000,406.24420877525256,12
2024-09-17 15:18:49.113000,406.22955000135534,6
2024-09-17 15:18:49.147000,406.2214288240808,1003
2024-09-17 15:18:49.148000,406.2233094596913,13
2024-09-17 15:18:49.159000,406.2076072986931,1003
2024-09-17 15:18:49.177000,406.213564879913,100
2024-09-17 15:18:49.178000,406.22306746256186,998
2024-09-17 15:18:49.316000,406.2335840491616,7
2024-09-17 15:18:49.511000,406.238585515217,5
2024-09-17 15:18:49.601000,406.2216608108744,1002
2024-09-17 15:18:49.635000,406.2105864446685,96
2024-09-17 15:18:49.655000,406.2151949091366,9
2024-09-17 15:18:49.691000,406.2166061477156,103
2024-09-17 15:18:49.763000,406.2155429699683,11
2024-09-17 15:18:49.877000,406.2371333124218,104
2024-09-17 15:18:49.894000,406.2375350063074,995
2024-09-17 15:18:50.009000,406.20410068048176,13
2024-09-17 15:18:50.097000,406.191343771698,11
2024-09-17 15:18:50.120000,406.2239387549725,998
2024-09-17 15:18:50.149000,406.2021344155369,8
2024-09-17 15:18:50.468000,406.1827421282783,1004
2024-09-17 15:18:50.500000,406.2009935178982,10
2024-09-17 15:18:50.523000,406.19548212384944,95
2024-09-17 15:18:50.541000,406.2106428821012,12
2024-09-17 15:18:50.644000,406.2162081559782,97
2024-09-17 15:18:50.656000,406.1761969471505,103
2024-09-17 15:18:50.660000,406.1637187699563,1005
2024-09-17 15:18:50.689000,406.2082708043787,15
2024-09-17 15:18:50.809000,406.1898603373561,1003
2024-09-17 15:18:50.851000,406.1735394682134,13
2024-09-17 15:18:50.881000,406.21488165929327,11
2024-09-17 15:18:51.031000,406.2146886326734,13
2024-09-17 15:18:51.039000,406.1726291493062,996
2024-09-17 15:18:51.069000,406.2272220601096,8
2024-09-17 15:18:51.152000,406.167481025762,102
2024-09-17 15:18:51.164000,406.14290448683846,998
2024-09-17 15:18:51.213000,406.22940056105375,95
2024-09-17 15:18:51.215000,406.1546112783565,14
2024-09-17 15:18:51.227000,406.1439120520008,5
2024-09-17 15:18:51.240000,406.1567207793301,6
2024-09-17 15:18:51.243000,406.2143218743527,15
2024-09-17 15:18:51.259000,406.1170014702396,98
2024-09-17 15:18:51.290000,406.19872890711457,12
2024-09-17 15:18:51.291000,406.1553192852335,15
2024-09-17 15:18:51.303000,406.2129527542132,999
2024-09-17 15:18:51.397000,406.1557369339409,997
2024-09-17 15:18:51.473000,406.2082329041105,1003
2024-09-17 15:18:51.543000,406.2193718657272,97
2024-09-17 15:18:51.592000,406.137257064716,9
2024-09-17 15:18:51.650000,406.1629948565516,1004
2024-09-17 15:18:51.672000,406.1372934942496,104
2024-09-17 15:18:51.733000,406.1384658038321,1000
2024-09-17 15:18:51.830000,406.1386387464728,1004
2024-09-17 15:18:51.838000,406.1493198407829,11
2024-09-17 15:18:51.881000,406.2226668362125,5
2024-09-17 15:18:51.900000,406.2439837852175,6
2024-09-17 15:18:51.910000,406.1424903032528,95
2024-09-17 15:18:51.977000,406.2093004004092,998
2024-09-17 15:18:51.977000,406.14198888141135,100
2024-09-17 15:18:52.029000,406.1192738782586,12
2024-09-17 15:18:52.058000,406.1252315834793,997
2024-09-17 15:18:52.132000,406.144800249682,103
2024-09-17 15:18:52.173000,406.1411803370597,98
2024-09-17 15:18:52.214000,406.11573591271184,1001
2024-09-17 15:18:52.218000,406.151063505726,5
2024-09-17 15:18:52.575000,406.1332803002656,98
2024-09-17 15:18:52.604000,406.145289511203,96
2024-09-17 15:18:52.668000,406.16706542897214,998
2024-09-17 15:18:52.704000,406.11992486393706,5
2024-09-17 15:18:52.846000,406.1250970530185,1002
2024-09-17 15:18:52.876000,406.1635776631989,1001
2024-09-17 15:18:53.104000,406.1929625817757,10
2024-09-17 15:18:53.251000,406.1468625950358,5
2024-09-17 15:18:53.351000,406.1447961364352,1004
2024-09-17 15:18:53.383000,406.20358803758086,12
2024-09-17 15:18:53.485000,406.1423415942838,1005
2024-09-17 15:18:53.552000,406.1686105904183,100
2024-09-17 15:18:53.652000,406.19909889863527,104
2024-09-17 15:18:54.148000,406.1960773092944,95
2024-09-17 15:18:54.154000,406.2056069486667,8
2024-09-17 15:18:54.220000,406.21011718544406,999
2024-09-17 15:18:54.281000,406.2259322363221,13
2024-09-17 15:18:54.321000,406.1804834943824,15
2024-09-17 15:18:54.583000,406.2192531850866,100
2024-09-17 15:18:54.718000,406.193889062512,995
2024-09-17 15:18:54.732000,406.2224329878196,102
2024-09-17 15:18:54.927000,406.2011503099549,1002
2024-09-17 15:18:54.959000,406.2157179050199,100
2024-09-17 15:18:55.087000,406.218384350993,99
2024-09-17 15:18:55.119000,406.2095582393861,1002
2024-09-17 15:18:55.190000,406.230468126113,6
2024-09-17 15:18:55.280000,406.2328692837385,999
2024-09-17 15:18:55.300000,406.2367536382526,1000
2024-09-17 15:18:55.312000,406.2101605363525,1001
2024-09-17 15:18:55.444000,406.2183535866098,104
2024-09-17 15:18:55.487000,406.2420972684957,8
2024-09-17 15:18:55.557000,406.2610921062739,98
2024-09-17 15:18:55.676000,406.2160385755093,14
2024-09-17 15:18:55.995000,406.2080108397817,95
2024-09-17 15:18:56.182000,406.26455010886747,104
2024-09-17 15:18:56.350000,406.2348298578623,104
2024-09-17 15:18:56.496000,406.2300292166896,98
2024-09-17 15:18:56.591000,406.2669584988174,96
2024-09-17 15:18:56.618000,406.2274770816656,13
2024-09-17 15:18:56.667000,406.2829426064807,999
2024-09-17 15:18:56.710000,406.2724496031872,103
2024-09-17 15:18:56.821000,406.299639369493,103
2024-09-17 15:18:56.835000,406.22961421973935,105
2024-09-17 15:18:56.887000,406.2295672931327,996
2024-09-17 15:18:56.980000,406.24513113765033,8
2024-09-17 15:18:57.119000,406.30903000775504,1001
2024-09-17 15:18:57.174000,406.289557436808,104
2024-09-17 15:18:57.203000,406.3186241348089,995
2024-09-17 15:18:57.209000,406.3070052691256,99
2024-09-17 15:18:57.209000,406.3231883207997,101
2024-09-17 15:18:57.221000,406.2947800155792,96
2024-09-17 15:18:57.224000,406.281025284256,105
2024-09-17 15:18:57.248000,406.29182470338543,1001
2024-09-17 15:18:57.364000,406.3003522850007,98
2024-09-17 15:18:57.368000,406.32098227202187,95
2024-09-17 15:18:57.397000,406.3163866210662,12
2024-09-17 15:18:57.403000,406.3024096355233,102
2024-09-17 15:18:57.403000,406.3106512822127,100
2024-09-17 15:18:57.566000,406.3018613086283,14
2024-09-17 15:18:57.612000,406.3081844612961,996
2024-09-17 15:18:57.631000,406.3111651159843,1000
2024-09-17 15:18:57.643000,406.2845915615946,15
2024-09-17 15:18:57.670000,406.2993359270981,11
2024-09-17 15:18:57.758000,406.33768779446166,5
2024-09-17 15:18:57.881000,406.2974017832816,99
2024-09-17 15:18:57.905000,406.2994556054489,997
2024-09-17 15:18:57.932000,406.31550780273216,1005
2024-09-17 15:18:57.955000,406.308535187675,97
2024-09-17 15:18:57.967000,406.2853721570388,99
2024-09-17 15:18:57.983000,406.3035071893833,98
2024-09-17 15:18:58.524000,406.3051326015782,98
2024-09-17 15:18:59.024000,406.38018197720487,997
2024-09-17 15:18:59.034000,406.3533175570453,98
2024-09-17 15:18:59.039000,406.4778421860984,1002
2024-09-17 15:18:59.061000,406.3464415428576,103
2024-09-17 15:18:59.129000,406.4676321854889,997
2024-09-17 15:18:59.212000,406.4550071855712,100
2024-09-17 15:18:59.272000,406.37315082499447,998
2024-09-17 15:18:59.306000,406.3648611767665,104
2024-09-17 15:18:59.332000,406.46365440585913,105
2024-09-17 15:18:59.384000,406.354456467931,10
2024-09-17 15:18:59.419000,406.4370189296437,105
2024-09-17 15:18:59.486000,406.3666708305213,15
2024-09-17 15:18:59.503000,406.4272715244269,105
2024-09-17 15:18:59.514000,406.34604786634105,11
2024-09-17 15:18:59.514000,406.3915427321788,1001
2024-09-17 15:18:59.519000,406.36413546761736,9
2024-09-17 15:18:59.521000,406.36646908407,9
2024-09-17 15:18:59.549000,406.3227923158656,104
2024-09-17 15:18:59.549000,406.4595693226156,995
2024-09-17 15:18:59.634000,406.4089124274429,7
2024-09-17 15:18:59.691000,406.4621926062526,95
2024-09-17 15:18:59.722000,406.3376484514382,102
2024-09-17 15:18:59.748000,406.3568234314718,995
2024-09-17 15:18:59.770000,406.3489164984736,1000
2024-09-17 15:18:59.773000,406.3554824765451,1005
2024-09-17 15:18:59.785000,406.46025613800623,101
2024-09-17 15:18:59.830000,406.4667017872366,102
