Timestamp,Price,Size
2024-09-18 11:18:00.060000,416.1973722660685,7
2024-09-18 11:18:00.074000,416.2195718819625,9
2024-09-18 11:18:00.131000,416.2150174877728,999
2024-09-18 11:18:00.157000,416.2162796692882,995
2024-09-18 11:18:00.214000,416.21725851130304,1005
2024-09-18 11:18:00.217000,416.1939063589999,103
2024-09-18 11:18:00.228000,416.2098255383079,14
2024-09-18 11:18:00.345000,416.2103495223309,98
2024-09-18 11:18:00.474000,416.1940949233307,99
2024-09-18 11:18:00.494000,416.2010530652374,1003
2024-09-18 11:18:00.627000,416.1888180094249,7
2024-09-18 11:18:00.637000,416.2182167516575,13
2024-09-18 11:18:00.721000,416.1836793070245,999
2024-09-18 11:18:00.724000,416.2134803862916,99
2024-09-18 11:18:00.727000,416.2144574242165,996
2024-09-18 11:18:00.751000,416.1841556423904,5
2024-09-18 11:18:00.785000,416.2110442740595,12
2024-09-18 11:18:00.801000,416.20635407422907,104
2024-09-18 11:18:00.802000,416.21399073689145,11
2024-09-18 11:18:00.914000,416.2458911584001,96
2024-09-18 11:18:00.972000,416.2249934264297,9
2024-09-18 11:18:01.005000,416.209496400176,9
2024-09-18 11:18:01.011000,416.211580396613,103
2024-09-18 11:18:01.097000,416.21242397725496,13
2024-09-18 11:18:01.137000,416.2046488600272,996
2024-09-18 11:18:01.240000,416.2108018914545,1005
2024-09-18 11:18:01.274000,416.2174437290025,997
2024-09-18 11:18:01.358000,416.1982183202664,103
2024-09-18 11:18:01.372000,416.2209578058304,95
2024-09-18 11:18:01.450000,416.1990264170215,96
2024-09-18 11:18:01.465000,416.1977571965873,12
2024-09-18 11:18:01.585000,416.2086216017073,105
2024-09-18 11:18:01.714000,416.2059782136125,103
2024-09-18 11:18:01.801000,416.18993085620224,98
2024-09-18 11:18:01.825000,416.23920176507767,1002
2024-09-18 11:18:01.832000,416.2237059798098,1004
2024-09-18 11:18:01.852000,416.1921596860189,95
2024-09-18 11:18:01.885000,416.234273841064,1000
2024-09-18 11:18:01.899000,416.2177830925052,95
2024-09-18 11:18:02.006000,416.2344408392272,11
2024-09-18 11:18:02.084000,416.255966784502,101
2024-09-18 11:18:02.149000,416.2576747730026,103
2024-09-18 11:18:02.211000,416.23604669604345,6
2024-09-18 11:18:02.236000,416.2165593836898,5
2024-09-18 11:18:02.254000,416.188785786153,101
2024-09-18 11:18:02.318000,416.2509397975542,14
2024-09-18 11:18:02.348000,416.241210257402,14
2024-09-18 11:18:02.382000,416.2351708971455,10
2024-09-18 11:18:02.398000,416.2670151444908,99
2024-09-18 11:18:02.538000,416.2131664974233,1005
2024-09-18 11:18:02.696000,416.23752258805695,96
2024-09-18 11:18:02.725000,416.24985506967766,1005
2024-09-18 11:18:02.828000,416.2564303693893,12
2024-09-18 11:18:02.975000,416.2236719768525,105
2024-09-18 11:18:03.021000,416.2046586916575,998
2024-09-18 11:18:03.043000,416.2052889238186,14
2024-09-18 11:18:03.085000,416.19294535699225,6
2024-09-18 11:18:03.218000,416.20133845093966,1000
2024-09-18 11:18:03.238000,416.2247757965255,105
2024-09-18 11:18:03.264000,416.19823439894407,14
2024-09-18 11:18:03.378000,416.21648249159233,5
2024-09-18 11:18:03.381000,416.1950278296768,9
2024-09-18 11:18:03.497000,416.2118824126157,103
2024-09-18 11:18:03.507000,416.20362825252914,96
2024-09-18 11:18:03.612000,416.1976677170809,9
2024-09-18 11:18:03.617000,416.213493829489,13
2024-09-18 11:18:03.651000,416.1998863614919,100
2024-09-18 11:18:03.677000,416.2174482661603,14
2024-09-18 11:18:03.684000,416.2118956984805,104
2024-09-18 11:18:03.686000,416.20741356745,996
2024-09-18 11:18:03.705000,416.2111899820321,1001
2024-09-18 11:18:03.833000,416.2113040185878,11
2024-09-18 11:18:03.855000,416.2155972297709,98
2024-09-18 11:18:03.890000,416.2027424035848,11
2024-09-18 11:18:03.948000,416.1785127203154,5
2024-09-18 11:18:03.953000,416.1995488923879,999
2024-09-18 11:18:03.982000,416.1884512922907,1004
2024-09-18 11:18:04.104000,416.1663675505947,996
2024-09-18 11:18:04.111000,416.2362571404631,103
2024-09-18 11:18:04.197000,416.14389179837207,12
2024-09-18 11:18:04.205000,416.20954396204576,15
2024-09-18 11:18:04.219000,416.1867316708786,5
2024-09-18 11:18:04.288000,416.1761694830823,995
2024-09-18 11:18:04.288000,416.1986182859583,95
2024-09-18 11:18:04.462000,416.1661565585045,12
2024-09-18 11:18:04.473000,416.2183095717605,11
2024-09-18 11:18:04.587000,416.1459947225322,97
2024-09-18 11:18:04.598000,416.2542737002948,102
2024-09-18 11:18:04.613000,416.168667031984,1002
2024-09-18 11:18:04.647000,416.2223581793247,7
2024-09-18 11:18:04.723000,416.2459132985452,102
2024-09-18 11:18:04.755000,416.188691933625,1005
2024-09-18 11:18:04.771000,416.163148568429,8
2024-09-18 11:18:04.792000,416.22218114783743,96
2024-09-18 11:18:04.850000,416.126293372141,100
2024-09-18 11:18:04.962000,416.2166626049346,101
2024-09-18 11:18:04.966000,416.1379648140242,1002
2024-09-18 11:18:04.983000,416.1489009474438,102
2024-09-18 11:18:04.997000,416.1889797329854,995
2024-09-18 11:18:05.025000,416.0992708862556,104
2024-09-18 11:18:05.175000,416.11112434511176,995
2024-09-18 11:18:05.244000,416.15003312897375,12
2024-09-18 11:18:05.269000,416.10899497257066,13
2024-09-18 11:18:05.332000,416.1235922572373,995
2024-09-18 11:18:05.347000,416.1316088450013,95
2024-09-18 11:18:05.465000,416.1011784206963,98
2024-09-18 11:18:05.472000,416.0959086837015,100
2024-09-18 11:18:05.517000,416.0922850141728,101
2024-09-18 11:18:05.630000,416.1032224851229,12
2024-09-18 11:18:05.636000,416.10999157669687,97
2024-09-18 11:18:05.660000,416.109074787454,103
2024-09-18 11:18:05.718000,416.0921269999925,12
2024-09-18 11:18:05.742000,416.1621581939396,7
2024-09-18 11:18:05.757000,416.1006935655495,1002
2024-09-18 11:18:05.846000,416.11204315625054,1001
2024-09-18 11:18:05.924000,416.1446277738288,14
2024-09-18 11:18:05.969000,416.1247574932786,101
2024-09-18 11:18:05.990000,416.1260164571658,96
2024-09-18 11:18:06.006000,416.1279576167116,105
2024-09-18 11:18:06.011000,416.127759911662,99
2024-09-18 11:18:06.047000,416.1269153844365,1003
2024-09-18 11:18:06.084000,416.1263160438829,999
2024-09-18 11:18:06.171000,416.12895142191473,10
2024-09-18 11:18:06.229000,416.1396552356652,5
2024-09-18 11:18:06.245000,416.108257492086,1001
2024-09-18 11:18:06.281000,416.1266885676069,96
2024-09-18 11:18:06.303000,416.1130022343964,11
2024-09-18 11:18:06.345000,416.1246497409585,101
2024-09-18 11:18:06.359000,416.1107184094189,97
2024-09-18 11:18:06.375000,416.09598216731416,5
2024-09-18 11:18:06.423000,416.0909247426706,97
2024-09-18 11:18:06.451000,416.1217089951516,13
2024-09-18 11:18:06.476000,416.1222804246143,6
2024-09-18 11:18:06.534000,416.0819367715923,15
2024-09-18 11:18:06.607000,416.06077609305447,101
2024-09-18 11:18:06.668000,416.1298943128755,996
2024-09-18 11:18:06.708000,416.1051463335626,95
2024-09-18 11:18:06.752000,416.1212025615717,96
2024-09-18 11:18:06.780000,416.1192358593378,1002
2024-09-18 11:18:06.793000,416.1182867905655,1000
2024-09-18 11:18:06.834000,416.0799156840448,9
2024-09-18 11:18:06.848000,416.1241878405011,6
2024-09-18 11:18:06.905000,416.12946769943136,1000
2024-09-18 11:18:06.917000,416.1198033473252,1000
2024-09-18 11:18:06.976000,416.10148196458186,1002
2024-09-18 11:18:07.037000,416.1394358843073,10
2024-09-18 11:18:07.071000,416.119592412399,96
2024-09-18 11:18:07.579000,416.1139081897239,105
2024-09-18 11:18:07.675000,416.1213144757055,6
2024-09-18 11:18:07.687000,416.1355039589327,96
2024-09-18 11:18:07.788000,416.1310216813126,10
2024-09-18 11:18:07.798000,416.1297858515493,11
2024-09-18 11:18:07.966000,416.1300980445301,6
2024-09-18 11:18:08.325000,416.1362653003732,1004
2024-09-18 11:18:08.959000,416.12159535734526,996
2024-09-18 11:18:08.978000,416.1290909504797,996
2024-09-18 11:18:08.998000,416.1289844873042,13
2024-09-18 11:18:09.009000,416.1510404936484,95
2024-09-18 11:18:09.010000,416.1410764747997,104
2024-09-18 11:18:09.099000,416.131236327093,1000
2024-09-18 11:18:09.237000,416.17113462597206,10
2024-09-18 11:18:09.244000,416.1883662870633,5
2024-09-18 11:18:09.321000,416.1153240764156,14
2024-09-18 11:18:09.326000,416.15315936491794,1001
2024-09-18 11:18:09.343000,416.1707145741896,7
2024-09-18 11:18:09.398000,416.1250362452084,998
2024-09-18 11:18:09.444000,416.1275438950302,998
2024-09-18 11:18:09.458000,416.1248919958869,7
2024-09-18 11:18:09.464000,416.1955648817317,102
2024-09-18 11:18:09.503000,416.1355880088041,13
2024-09-18 11:18:09.565000,416.1676865224362,11
2024-09-18 11:18:09.571000,416.1223581594467,999
2024-09-18 11:18:09.753000,416.1463048470544,996
2024-09-18 11:18:09.777000,416.1291615922565,1005
2024-09-18 11:18:09.856000,416.2119148095634,7
2024-09-18 11:18:09.910000,416.1173359637317,96
2024-09-18 11:18:09.926000,416.12640122944487,99
2024-09-18 11:18:10.400000,416.1927446219592,101
2024-09-18 11:18:10.462000,416.2141210919484,98
2024-09-18 11:18:10.763000,416.20257676072606,98
2024-09-18 11:18:10.840000,416.1730680974617,100
2024-09-18 11:18:10.962000,416.1955774902626,14
2024-09-18 11:18:10.986000,416.1573091724982,11
2024-09-18 11:18:11.053000,416.1704392318638,102
2024-09-18 11:18:11.119000,416.15020231414337,6
2024-09-18 11:18:11.140000,416.16970487992427,9
2024-09-18 11:18:11.195000,416.151366347318,999
2024-09-18 11:18:11.267000,416.1536594055096,1000
2024-09-18 11:18:11.269000,416.1313566070348,7
2024-09-18 11:18:11.275000,416.1258786337091,1000
2024-09-18 11:18:11.283000,416.130833036241,1001
2024-09-18 11:18:11.294000,416.1820713549169,102
2024-09-18 11:18:11.410000,416.1363363893418,998
2024-09-18 11:18:11.556000,416.1564113733592,6
2024-09-18 11:18:11.716000,416.126152021611,13
2024-09-18 11:18:11.782000,416.1609328762485,5
2024-09-18 11:18:11.966000,416.128804964666,1001
2024-09-18 11:18:11.987000,416.1597757126331,1004
2024-09-18 11:18:12.020000,416.13445246316206,97
2024-09-18 11:18:12.105000,416.1215966027979,100
2024-09-18 11:18:12.106000,416.1466067054698,1002
2024-09-18 11:18:12.149000,416.12610344992567,1005
2024-09-18 11:18:12.149000,416.16252117916406,1005
2024-09-18 11:18:12.174000,416.14107190072696,96
2024-09-18 11:18:12.245000,416.1491060320088,1002
2024-09-18 11:18:12.253000,416.1107200047295,101
2024-09-18 11:18:12.271000,416.1276285101455,1000
2024-09-18 11:18:12.295000,416.1585307797136,995
2024-09-18 11:18:12.324000,416.1142686593951,5
2024-09-18 11:18:12.327000,416.1184745384267,14
2024-09-18 11:18:12.336000,416.13179664727295,10
2024-09-18 11:18:12.363000,416.1217675236425,1004
2024-09-18 11:18:12.403000,416.1110929776706,997
2024-09-18 11:18:12.479000,416.13345517015017,14
2024-09-18 11:18:12.553000,416.1239920219887,1001
2024-09-18 11:18:12.567000,416.150395871149,1003
2024-09-18 11:18:12.616000,416.1510516977142,5
2024-09-18 11:18:12.660000,416.1489627571899,97
2024-09-18 11:18:12.701000,416.1327507314408,98
2024-09-18 11:18:12.722000,416.1031212535945,995
2024-09-18 11:18:12.782000,416.11503400512703,103
2024-09-18 11:18:12.794000,416.14590515584274,996
2024-09-18 11:18:12.932000,416.094674666481,996
2024-09-18 11:18:12.984000,416.1683388321687,6
2024-09-18 11:18:13.130000,416.11544356021307,105
2024-09-18 11:18:13.394000,416.1288392317571,995
2024-09-18 11:18:14.035000,416.05117929169495,103
2024-09-18 11:18:14.049000,416.0234881569946,1004
2024-09-18 11:18:14.066000,416.1038496254954,998
2024-09-18 11:18:14.086000,416.0471769653562,5
2024-09-18 11:18:14.106000,416.1365033016872,9
2024-09-18 11:18:14.116000,416.11707832838266,103
2024-09-18 11:18:14.127000,416.13206908333456,96
2024-09-18 11:18:14.133000,416.0887707555791,98
2024-09-18 11:18:14.211000,416.1123499406988,100
2024-09-18 11:18:14.213000,416.1187184546259,9
2024-09-18 11:18:14.256000,416.08198309811314,99
2024-09-18 11:18:14.295000,416.0429865523099,6
2024-09-18 11:18:14.331000,416.08307419304566,1000
2024-09-18 11:18:14.336000,416.083356333008,1005
2024-09-18 11:18:14.449000,416.1323917752554,103
2024-09-18 11:18:14.607000,416.024150639144,999
2024-09-18 11:18:14.635000,416.0675286786146,11
2024-09-18 11:18:14.635000,416.0644802566402,6
2024-09-18 11:18:14.712000,416.0572419429849,1004
2024-09-18 11:18:14.886000,416.1105998226587,1004
2024-09-18 11:18:14.915000,416.0814193252399,105
2024-09-18 11:18:14.920000,416.06397825612174,99
2024-09-18 11:18:14.931000,416.1118850955959,1001
2024-09-18 11:18:14.934000,416.08452852328514,97
2024-09-18 11:18:14.989000,416.1149169096121,96
2024-09-18 11:18:14.997000,416.11329185902,1003
2024-09-18 11:18:15.059000,416.02404874791614,100
2024-09-18 11:18:15.159000,416.0432760351467,11
2024-09-18 11:18:15.178000,416.048652895475,96
2024-09-18 11:18:15.181000,416.03487888960615,1004
2024-09-18 11:18:15.289000,416.004523390985,104
2024-09-18 11:18:15.325000,416.05428059897935,1004
2024-09-18 11:18:15.529000,416.0222040313128,96
2024-09-18 11:18:15.614000,416.0359451514523,96
2024-09-18 11:18:15.905000,416.05247348257154,103
2024-09-18 11:18:15.969000,416.0424348233725,103
2024-09-18 11:18:15.976000,416.04569939304855,1001
2024-09-18 11:18:16.186000,416.0048241864225,997
2024-09-18 11:18:16.196000,415.9862158500087,99
2024-09-18 11:18:16.209000,416.0451459668281,1004
2024-09-18 11:18:16.229000,416.0168137246168,1000
2024-09-18 11:18:16.255000,416.0007487668048,10
2024-09-18 11:18:16.339000,416.0493940661797,5
2024-09-18 11:18:16.346000,416.0239897429343,95
2024-09-18 11:18:16.376000,416.0129141267105,1004
2024-09-18 11:18:16.396000,416.0026450981213,997
2024-09-18 11:18:16.689000,415.9936009576879,1001
2024-09-18 11:18:16.922000,415.9896205079115,14
2024-09-18 11:18:16.975000,415.99591162744434,96
2024-09-18 11:18:17.053000,416.0477611554462,5
2024-09-18 11:18:17.108000,416.03273382390967,97
2024-09-18 11:18:17.136000,415.9830911715097,996
2024-09-18 11:18:17.166000,416.0116869835187,12
2024-09-18 11:18:17.174000,416.0020558317685,1004
2024-09-18 11:18:17.280000,416.0239574415122,999
2024-09-18 11:18:17.282000,416.0452980820055,11
2024-09-18 11:18:17.376000,415.97248448872233,5
2024-09-18 11:18:17.378000,416.002901181994,1004
2024-09-18 11:18:17.382000,416.0110728485381,5
2024-09-18 11:18:17.401000,415.9576170154298,1000
2024-09-18 11:18:17.405000,416.0304605339858,99
2024-09-18 11:18:17.468000,415.98560142209305,997
2024-09-18 11:18:17.483000,416.0082476757071,95
2024-09-18 11:18:17.506000,415.9591874244376,1005
2024-09-18 11:18:17.542000,416.0450259619431,99
2024-09-18 11:18:17.547000,415.99550548450907,103
2024-09-18 11:18:17.557000,416.0265882197719,100
2024-09-18 11:18:17.586000,416.0184532022012,996
2024-09-18 11:18:17.586000,416.008150149108,998
2024-09-18 11:18:17.600000,415.9812937639056,1002
2024-09-18 11:18:17.627000,416.002610375427,6
2024-09-18 11:18:17.784000,416.0357757685541,999
2024-09-18 11:18:17.785000,416.0028189952988,1003
2024-09-18 11:18:17.796000,416.0125605349645,14
2024-09-18 11:18:17.823000,416.0130770934938,95
2024-09-18 11:18:17.829000,415.9805602328936,10
2024-09-18 11:18:17.933000,415.9978802742636,6
2024-09-18 11:18:18.023000,416.0323363784845,104
2024-09-18 11:18:18.026000,416.01569830683377,8
2024-09-18 11:18:18.092000,416.0081430663064,103
2024-09-18 11:18:18.095000,416.015647134815,99
2024-09-18 11:18:18.223000,416.0053507731159,996
2024-09-18 11:18:18.227000,415.9976471721524,997
2024-09-18 11:18:18.240000,416.024882518155,1002
2024-09-18 11:18:18.263000,416.0363998554531,15
2024-09-18 11:18:18.293000,416.0172947274312,15
2024-09-18 11:18:18.371000,416.0018712976104,11
2024-09-18 11:18:18.395000,416.036276073076,10
2024-09-18 11:18:18.408000,416.0339778932575,101
2024-09-18 11:18:18.423000,416.028056153393,995
2024-09-18 11:18:18.435000,416.0237459885698,11
2024-09-18 11:18:18.448000,416.0268739040592,996
2024-09-18 11:18:18.482000,416.0111625009238,11
2024-09-18 11:18:18.488000,416.00121254059445,995
2024-09-18 11:18:18.522000,416.013055864686,996
2024-09-18 11:18:18.527000,416.0253973053444,10
2024-09-18 11:18:18.542000,416.0309438631671,13
2024-09-18 11:18:18.589000,416.0186620538801,1002
2024-09-18 11:18:18.614000,416.0275945239319,999
2024-09-18 11:18:18.630000,416.05515044581887,103
2024-09-18 11:18:18.743000,416.0100511362345,97
2024-09-18 11:18:18.755000,416.0414090697082,995
2024-09-18 11:18:18.968000,416.0251747286628,13
2024-09-18 11:18:19.014000,416.0244283143133,99
2024-09-18 11:18:19.049000,415.9455415477448,105
2024-09-18 11:18:19.057000,415.9706076950939,100
2024-09-18 11:18:19.088000,416.0429669304674,7
2024-09-18 11:18:19.132000,415.94795118140553,6
2024-09-18 11:18:19.384000,415.98766370332186,1002
2024-09-18 11:18:19.401000,415.97371457160455,1004
2024-09-18 11:18:19.412000,416.0536153172913,97
2024-09-18 11:18:19.467000,415.9810625673803,102
2024-09-18 11:18:19.490000,415.9756138628245,995
2024-09-18 11:18:19.536000,415.9910490007916,14
2024-09-18 11:18:19.615000,415.9714866966071,1005
2024-09-18 11:18:19.616000,415.9519182940493,104
2024-09-18 11:18:19.668000,415.9814025329175,99
2024-09-18 11:18:19.672000,415.92679288352895,1003
2024-09-18 11:18:19.868000,415.9559030076788,1003
2024-09-18 11:18:19.884000,416.0382220878837,7
2024-09-18 11:18:19.911000,415.9875037696709,1003
2024-09-18 11:18:19.954000,415.991144161884,99
2024-09-18 11:18:21.503000,415.92023572441616,996
2024-09-18 11:18:21.555000,415.9143305083508,102
2024-09-18 11:18:21.677000,415.9202715365647,996
2024-09-18 11:18:21.770000,415.89861499372137,11
2024-09-18 11:18:21.888000,415.92859168978896,999
2024-09-18 11:18:22.027000,415.8641678221085,7
2024-09-18 11:18:22.097000,415.8813743584557,99
2024-09-18 11:18:22.131000,415.8462870099352,1004
2024-09-18 11:18:22.184000,415.8578960258452,98
2024-09-18 11:18:22.297000,415.8431687278988,101
2024-09-18 11:18:22.341000,415.87690460625566,11
2024-09-18 11:18:22.367000,415.86323624813184,97
2024-09-18 11:18:22.379000,415.87120551755606,997
2024-09-18 11:18:22.439000,415.8304309637301,104
2024-09-18 11:18:22.450000,415.8573144193949,1003
2024-09-18 11:18:22.462000,415.857444879267,15
2024-09-18 11:18:22.468000,415.8543999293333,10
2024-09-18 11:18:22.469000,415.8559554321125,1003
2024-09-18 11:18:22.470000,415.8440745453358,7
2024-09-18 11:18:22.564000,415.8744768484234,5
2024-09-18 11:18:22.580000,415.7772038298559,103
2024-09-18 11:18:22.638000,415.8883985554288,15
2024-09-18 11:18:22.688000,415.8792106605695,1005
2024-09-18 11:18:22.850000,415.7786567346514,98
2024-09-18 11:18:22.856000,415.8566319107817,1003
2024-09-18 11:18:22.879000,415.8586276817802,105
2024-09-18 11:18:22.885000,415.84827198033616,1001
2024-09-18 11:18:22.914000,415.8643228157038,103
2024-09-18 11:18:22.940000,415.8417449738232,6
2024-09-18 11:18:22.992000,415.8053119556464,1003
2024-09-18 11:18:23.076000,415.84878040410746,999
2024-09-18 11:18:23.083000,415.7727240013481,103
2024-09-18 11:18:23.127000,415.8530541469888,1003
2024-09-18 11:18:23.133000,415.84153641918346,96
2024-09-18 11:18:23.162000,415.8464862876868,1002
2024-09-18 11:18:23.436000,415.8650149337861,103
2024-09-18 11:18:23.490000,415.7692100085409,104
2024-09-18 11:18:23.579000,415.8635161441557,1003
2024-09-18 11:18:23.587000,415.8605381086516,96
2024-09-18 11:18:23.631000,415.816664046991,13
2024-09-18 11:18:23.709000,415.8620326920624,6
2024-09-18 11:18:23.759000,415.77075025171126,103
2024-09-18 11:18:23.770000,415.8602062226524,104
2024-09-18 11:18:23.950000,415.8094769044834,6
2024-09-18 11:18:23.952000,415.8408306400924,5
2024-09-18 11:18:23.956000,415.8380334025228,105
2024-09-18 11:18:23.980000,415.81603739104935,98
2024-09-18 11:18:24.007000,415.8795136257477,15
2024-09-18 11:18:24.057000,415.9121212119923,998
2024-09-18 11:18:24.158000,415.8793696275796,15
2024-09-18 11:18:24.209000,415.8926010397881,9
2024-09-18 11:18:24.221000,415.8597215070469,1000
2024-09-18 11:18:24.232000,415.88325086812085,8
2024-09-18 11:18:24.262000,415.88326883254985,12
2024-09-18 11:18:24.360000,415.87850633997056,1002
2024-09-18 11:18:24.455000,415.8851706788352,103
2024-09-18 11:18:24.508000,415.8899532559424,14
2024-09-18 11:18:24.584000,415.8814039503289,12
2024-09-18 11:18:24.672000,415.87361033976606,10
2024-09-18 11:18:24.761000,415.88871215419647,15
2024-09-18 11:18:24.763000,415.8872566416991,104
2024-09-18 11:18:24.779000,415.8844332673861,100
2024-09-18 11:18:24.823000,415.8804945386093,1003
2024-09-18 11:18:24.843000,415.9046474945866,5
2024-09-18 11:18:24.851000,415.9076221449546,1000
2024-09-18 11:18:24.874000,415.8954082775028,98
2024-09-18 11:18:24.874000,415.8748379864072,999
2024-09-18 11:18:24.942000,415.8796530461967,103
2024-09-18 11:18:24.950000,415.88034512701495,100
2024-09-18 11:18:25.079000,415.8824845824542,11
2024-09-18 11:18:25.152000,415.8677734365925,99
2024-09-18 11:18:25.189000,415.8729035207167,100
2024-09-18 11:18:25.220000,415.8663652560247,98
2024-09-18 11:18:25.280000,415.8918461438617,999
2024-09-18 11:18:25.365000,415.8622611229621,8
2024-09-18 11:18:25.446000,415.8820799020247,14
2024-09-18 11:18:25.488000,415.8663824265671,1001
2024-09-18 11:18:25.542000,415.8685929989263,1002
2024-09-18 11:18:25.634000,415.8707277607264,102
2024-09-18 11:18:25.722000,415.8799275231689,10
2024-09-18 11:18:25.748000,415.86588271484834,99
2024-09-18 11:18:25.811000,415.9039284992638,10
2024-09-18 11:18:25.847000,415.8747508349728,996
2024-09-18 11:18:25.870000,415.8853334931116,9
2024-09-18 11:18:25.883000,415.88990059901823,999
2024-09-18 11:18:25.925000,415.8579990236578,104
2024-09-18 11:18:25.937000,415.8632395686929,104
2024-09-18 11:18:25.952000,415.8491033894556,13
2024-09-18 11:18:25.955000,415.8792428931205,14
2024-09-18 11:18:25.995000,415.8719325610067,1002
2024-09-18 11:18:26.084000,415.85892963951017,104
2024-09-18 11:18:26.662000,415.828048038545,96
2024-09-18 11:18:26.900000,415.8462170417098,101
2024-09-18 11:18:27.119000,415.7692841414864,997
2024-09-18 11:18:27.123000,415.8011965098057,100
2024-09-18 11:18:27.145000,415.77513868823416,96
2024-09-18 11:18:27.367000,415.8201609640324,995
2024-09-18 11:18:27.411000,415.77640167884726,96
2024-09-18 11:18:27.427000,415.7885942321535,101
2024-09-18 11:18:27.483000,415.7908168545615,1001
2024-09-18 11:18:27.602000,415.8182097193141,1002
2024-09-18 11:18:27.709000,415.7751135012962,10
2024-09-18 11:18:27.715000,415.7847248062949,995
2024-09-18 11:18:27.770000,415.78087153050825,9
2024-09-18 11:18:27.825000,415.76214085730015,1001
2024-09-18 11:18:27.907000,415.8239555299378,98
2024-09-18 11:18:27.910000,415.82780498728187,1002
2024-09-18 11:18:27.963000,415.7832871793216,104
2024-09-18 11:18:28.379000,415.79718415725927,7
2024-09-18 11:18:28.425000,415.7905607777322,9
2024-09-18 11:18:28.477000,415.7898063382788,98
2024-09-18 11:18:28.542000,415.8124201486813,10
2024-09-18 11:18:28.600000,415.7818183304122,996
2024-09-18 11:18:28.732000,415.7922230546911,105
2024-09-18 11:18:28.759000,415.79348832182905,10
2024-09-18 11:18:28.804000,415.8078448319799,996
2024-09-18 11:18:28.818000,415.76051855348913,13
2024-09-18 11:18:29.021000,415.7972236443079,104
2024-09-18 11:18:29.037000,415.7651774356056,95
2024-09-18 11:18:29.083000,415.7868135562944,99
2024-09-18 11:18:29.092000,415.7700900455658,95
2024-09-18 11:18:29.197000,415.78901700179273,5
2024-09-18 11:18:29.198000,415.73281404866776,11
2024-09-18 11:18:29.264000,415.78862772226296,97
2024-09-18 11:18:29.485000,415.7993534358361,996
2024-09-18 11:18:29.491000,415.7720021878292,100
2024-09-18 11:18:29.546000,415.7337971618134,7
2024-09-18 11:18:29.573000,415.7392211944708,5
2024-09-18 11:18:29.690000,415.777545996469,9
2024-09-18 11:18:29.724000,415.7952371764473,1005
2024-09-18 11:18:29.739000,415.7611582258459,100
2024-09-18 11:18:29.747000,415.812315704602,103
2024-09-18 11:18:29.861000,415.7183479996329,103
2024-09-18 11:18:29.886000,415.7992437578261,999
2024-09-18 11:18:30.020000,415.72554000561786,5
2024-09-18 11:18:30.065000,415.7901047338694,97
2024-09-18 11:18:30.068000,415.78632347385513,997
2024-09-18 11:18:30.136000,415.8078184850814,12
2024-09-18 11:18:30.184000,415.73435907146063,8
2024-09-18 11:18:30.189000,415.7788445309812,1005
2024-09-18 11:18:30.269000,415.8076052712404,104
2024-09-18 11:18:30.346000,415.7871831557276,1001
2024-09-18 11:18:30.375000,415.80119726839,996
2024-09-18 11:18:30.382000,415.7918319680842,1002
2024-09-18 11:18:30.462000,415.7928995707226,104
2024-09-18 11:18:30.485000,415.7643165055704,11
2024-09-18 11:18:30.496000,415.7230161036009,995
2024-09-18 11:18:30.559000,415.8132388992584,9
2024-09-18 11:18:30.562000,415.74979187593,104
2024-09-18 11:18:30.607000,415.7863573135394,998
2024-09-18 11:18:30.647000,415.7622430212044,997
2024-09-18 11:18:30.716000,415.78195758648536,99
2024-09-18 11:18:30.869000,415.7815241957817,998
2024-09-18 11:18:30.903000,415.7367095009906,100
2024-09-18 11:18:30.908000,415.8080714761508,104
2024-09-18 11:18:31.051000,415.7148715681512,104
2024-09-18 11:18:31.199000,415.7154173738478,998
2024-09-18 11:18:31.228000,415.7392621546618,1003
2024-09-18 11:18:31.238000,415.7496404929606,998
2024-09-18 11:18:31.262000,415.74026943183134,1005
2024-09-18 11:18:31.334000,415.7253661464137,13
2024-09-18 11:18:31.423000,415.7265513664511,1001
2024-09-18 11:18:31.454000,415.7139315767136,15
2024-09-18 11:18:31.547000,415.7392956311848,102
2024-09-18 11:18:31.653000,415.7239778824968,104
2024-09-18 11:18:31.776000,415.7207592002076,96
2024-09-18 11:18:31.779000,415.7279865253197,11
2024-09-18 11:18:31.870000,415.7203230904572,101
2024-09-18 11:18:31.905000,415.7515310258613,1001
2024-09-18 11:18:31.909000,415.7677887087079,15
2024-09-18 11:18:32.157000,415.7221704546784,1001
2024-09-18 11:18:32.267000,415.745422360198,996
2024-09-18 11:18:32.699000,415.7126617187876,8
2024-09-18 11:18:32.774000,415.7372560170113,12
2024-09-18 11:18:32.838000,415.7580884881502,12
2024-09-18 11:18:33.055000,415.65200454092223,995
2024-09-18 11:18:33.140000,415.6950430813059,995
2024-09-18 11:18:33.160000,415.72865229601285,13
2024-09-18 11:18:33.285000,415.7530380906673,98
2024-09-18 11:18:33.286000,415.7301851744836,7
2024-09-18 11:18:33.348000,415.7217949298103,996
2024-09-18 11:18:33.441000,415.7277058395692,103
2024-09-18 11:18:33.479000,415.6641052404668,999
2024-09-18 11:18:33.481000,415.6734273866328,7
2024-09-18 11:18:33.515000,415.7169243606622,97
2024-09-18 11:18:33.524000,415.74421005511033,5
2024-09-18 11:18:33.526000,415.6857711603174,1001
2024-09-18 11:18:33.632000,415.7446405434984,1005
2024-09-18 11:18:33.789000,415.7169224401412,996
2024-09-18 11:18:33.880000,415.6650953776094,101
2024-09-18 11:18:33.928000,415.6905385032768,97
2024-09-18 11:18:33.933000,415.7193377330327,1003
2024-09-18 11:18:33.989000,415.69033823989247,8
2024-09-18 11:18:33.994000,415.6733865290289,97
2024-09-18 11:18:34.007000,415.624652419384,1000
2024-09-18 11:18:34.055000,415.6170541736315,1003
2024-09-18 11:18:34.066000,415.64195272896194,6
2024-09-18 11:18:34.117000,415.6300793737758,13
2024-09-18 11:18:34.210000,415.6619567835791,1005
2024-09-18 11:18:34.230000,415.66355387190094,5
2024-09-18 11:18:34.250000,415.6355184193214,8
2024-09-18 11:18:34.293000,415.59808318634674,12
2024-09-18 11:18:34.473000,415.65390373901926,999
2024-09-18 11:18:34.476000,415.6200004582393,98
2024-09-18 11:18:34.490000,415.6575713717308,13
2024-09-18 11:18:34.494000,415.655410159644,12
2024-09-18 11:18:34.659000,415.6587920024281,1005
2024-09-18 11:18:34.687000,415.6602141236151,9
2024-09-18 11:18:34.719000,415.6495593298063,97
2024-09-18 11:18:34.728000,415.6129442131419,7
2024-09-18 11:18:34.758000,415.6547715806816,101
2024-09-18 11:18:34.793000,415.6232273344415,15
2024-09-18 11:18:34.831000,415.6621492385653,11
2024-09-18 11:18:34.858000,415.60822097640914,99
2024-09-18 11:18:34.863000,415.6563329594497,98
2024-09-18 11:18:34.949000,415.6492054775078,1000
2024-09-18 11:18:34.990000,415.62190405551496,99
2024-09-18 11:18:34.993000,415.65952282408375,1005
2024-09-18 11:18:35.186000,415.6524527342347,96
2024-09-18 11:18:35.783000,415.6259922275111,11
2024-09-18 11:18:36.020000,415.6818544782605,6
2024-09-18 11:18:36.046000,415.6683758700634,95
2024-09-18 11:18:36.118000,415.6740538634545,6
2024-09-18 11:18:36.220000,415.6550308115029,11
2024-09-18 11:18:36.256000,415.65258246044897,1005
2024-09-18 11:18:36.268000,415.67797895568873,99
2024-09-18 11:18:36.300000,415.6677031795681,12
2024-09-18 11:18:36.397000,415.6761790633543,998
2024-09-18 11:18:36.423000,415.6500963839281,5
2024-09-18 11:18:36.426000,415.6679981554906,13
2024-09-18 11:18:36.457000,415.6801985290483,104
2024-09-18 11:18:36.484000,415.6728669049073,97
2024-09-18 11:18:36.507000,415.6909810882984,104
2024-09-18 11:18:36.515000,415.67316312006784,1004
2024-09-18 11:18:36.638000,415.6895493036589,104
2024-09-18 11:18:36.662000,415.6608952713778,101
2024-09-18 11:18:36.665000,415.6528523508558,102
2024-09-18 11:18:36.728000,415.67042432103847,95
2024-09-18 11:18:36.802000,415.6712562893674,95
2024-09-18 11:18:36.834000,415.6572319592797,998
2024-09-18 11:18:36.844000,415.6726548505654,5
2024-09-18 11:18:36.846000,415.68737624377707,995
2024-09-18 11:18:36.850000,415.665418867552,6
2024-09-18 11:18:37.518000,415.7160981402311,1003
2024-09-18 11:18:37.798000,415.6962922936789,14
2024-09-18 11:18:37.871000,415.70953290418,998
2024-09-18 11:18:37.988000,415.7251631474858,104
2024-09-18 11:18:38.069000,415.67757888931527,999
2024-09-18 11:18:38.071000,415.70485600504463,1001
2024-09-18 11:18:38.199000,415.75575230963216,999
2024-09-18 11:18:38.221000,415.7402472546861,96
2024-09-18 11:18:38.265000,415.730703731185,1001
2024-09-18 11:18:38.290000,415.7353680400979,11
2024-09-18 11:18:38.314000,415.74146659393085,995
2024-09-18 11:18:38.367000,415.7551089512261,1000
2024-09-18 11:18:38.403000,415.73052261285295,1003
2024-09-18 11:18:38.441000,415.7285620213135,1001
2024-09-18 11:18:38.572000,415.7135917582111,1001
2024-09-18 11:18:38.600000,415.7045255253178,1005
2024-09-18 11:18:38.657000,415.73918766703525,999
2024-09-18 11:18:38.715000,415.6997337423633,9
2024-09-18 11:18:38.766000,415.7198903915884,9
2024-09-18 11:18:38.808000,415.72140993364224,999
2024-09-18 11:18:38.865000,415.75729225476334,1003
2024-09-18 11:18:39.057000,415.734606035834,100
2024-09-18 11:18:39.070000,415.73871643156446,1003
2024-09-18 11:18:39.109000,415.8162547946223,99
2024-09-18 11:18:39.222000,415.7857769425804,101
2024-09-18 11:18:39.269000,415.7208436520109,1000
2024-09-18 11:18:39.315000,415.7311346491072,996
2024-09-18 11:18:39.334000,415.8046417813532,10
2024-09-18 11:18:39.371000,415.7972572927336,14
2024-09-18 11:18:39.471000,415.74124902759627,1003
2024-09-18 11:18:39.509000,415.77798452714256,1001
2024-09-18 11:18:39.635000,415.761966335038,95
2024-09-18 11:18:39.682000,415.7414593636476,11
2024-09-18 11:18:39.718000,415.7703722718945,1000
2024-09-18 11:18:39.729000,415.8236044332289,995
2024-09-18 11:18:39.737000,415.82204574000514,1002
2024-09-18 11:18:39.777000,415.7825033604682,997
2024-09-18 11:18:39.778000,415.7483808830398,999
2024-09-18 11:18:39.845000,415.7616543091654,1005
2024-09-18 11:18:39.891000,415.7490032965712,11
2024-09-18 11:18:39.929000,415.7999398122325,7
2024-09-18 11:18:39.930000,415.7414566435486,96
2024-09-18 11:18:39.936000,415.7679302848151,12
2024-09-18 11:18:39.956000,415.7350735583295,105
2024-09-18 11:18:40.022000,415.8285738821557,9
2024-09-18 11:18:40.029000,415.8883856425338,1000
2024-09-18 11:18:40.035000,415.8346349356714,995
2024-09-18 11:18:40.059000,415.90893220732727,105
2024-09-18 11:18:40.059000,415.81943814633775,96
2024-09-18 11:18:40.067000,415.90164279688753,1003
2024-09-18 11:18:40.110000,415.8374963208634,996
2024-09-18 11:18:40.230000,415.789517907972,999
2024-09-18 11:18:40.235000,415.8200758213407,10
2024-09-18 11:18:40.236000,415.85614945908,10
2024-09-18 11:18:40.266000,415.8843711532516,103
2024-09-18 11:18:40.386000,415.7960040969079,12
2024-09-18 11:18:40.392000,415.8885256889557,102
2024-09-18 11:18:40.400000,415.8323983190825,996
2024-09-18 11:18:40.412000,415.88533226285176,12
2024-09-18 11:18:40.453000,415.8979733385534,1000
2024-09-18 11:18:40.536000,415.8925229554842,11
2024-09-18 11:18:40.594000,415.8175964104717,10
2024-09-18 11:18:40.670000,415.8759096414947,1003
2024-09-18 11:18:40.707000,415.8940918467728,13
2024-09-18 11:18:40.734000,415.8741144668728,996
2024-09-18 11:18:40.738000,415.8817642866683,1005
2024-09-18 11:18:40.740000,415.8222867855197,8
2024-09-18 11:18:40.799000,415.86552095163,12
2024-09-18 11:18:40.860000,415.81331491262097,996
2024-09-18 11:18:40.896000,415.8644314099493,11
2024-09-18 11:18:40.930000,415.8037232193819,998
2024-09-18 11:18:40.941000,415.7895692414564,10
2024-09-18 11:18:40.964000,415.8974633909807,15
2024-09-18 11:18:41.044000,415.91739979142017,995
2024-09-18 11:18:41.148000,415.9183883901567,1000
2024-09-18 11:18:41.214000,415.8985505361352,995
2024-09-18 11:18:41.235000,415.8944241933142,999
2024-09-18 11:18:41.327000,415.8834507243968,11
2024-09-18 11:18:41.444000,415.89872735813617,98
2024-09-18 11:18:41.509000,415.90422293529576,7
2024-09-18 11:18:41.519000,415.8870679150663,1005
2024-09-18 11:18:41.604000,415.9188679854419,8
2024-09-18 11:18:41.642000,415.89131291989605,999
2024-09-18 11:18:41.651000,415.8881977454256,104
2024-09-18 11:18:41.661000,415.9049300087818,1001
2024-09-18 11:18:41.709000,415.90749126828007,105
2024-09-18 11:18:41.727000,415.8855473360207,95
2024-09-18 11:18:41.767000,415.92074312980975,100
2024-09-18 11:18:41.778000,415.88353480856847,98
2024-09-18 11:18:43.049000,415.913275753643,96
2024-09-18 11:18:43.111000,415.9161380677104,996
2024-09-18 11:18:43.181000,415.9032834383901,15
2024-09-18 11:18:43.204000,415.8741464568225,1000
2024-09-18 11:18:43.327000,415.88374230228544,11
2024-09-18 11:18:43.398000,415.8835862618611,12
2024-09-18 11:18:43.399000,415.893520968488,99
2024-09-18 11:18:43.485000,415.9148620662314,12
2024-09-18 11:18:43.490000,415.8962943062028,97
2024-09-18 11:18:43.538000,415.9036354744538,99
2024-09-18 11:18:43.539000,415.88600647085593,7
2024-09-18 11:18:43.543000,415.8657285263346,99
2024-09-18 11:18:43.663000,415.92008995595296,11
2024-09-18 11:18:43.664000,415.8799352028841,1001
2024-09-18 11:18:43.863000,415.8736494657478,5
2024-09-18 11:18:44.044000,415.9460671847246,1000
2024-09-18 11:18:44.109000,415.932313415492,103
2024-09-18 11:18:44.167000,415.9563001314511,105
2024-09-18 11:18:44.181000,415.95385794800535,6
2024-09-18 11:18:44.259000,415.9023264040974,100
2024-09-18 11:18:44.274000,415.9264906031232,10
2024-09-18 11:18:44.339000,415.9590668264508,1001
2024-09-18 11:18:44.363000,415.9612530825223,1003
2024-09-18 11:18:44.388000,415.9534152857241,10
2024-09-18 11:18:44.428000,415.9516994285841,11
2024-09-18 11:18:44.664000,415.9278014911991,999
2024-09-18 11:18:44.855000,415.9567772972504,1003
2024-09-18 11:18:44.869000,415.9213917754468,5
2024-09-18 11:18:44.980000,415.96648493122734,1001
2024-09-18 11:18:45.154000,415.94694779301454,1004
2024-09-18 11:18:45.167000,415.8904555708535,997
2024-09-18 11:18:45.175000,415.936377183557,8
2024-09-18 11:18:45.235000,415.8758781624069,6
2024-09-18 11:18:45.240000,415.8745484196919,7
2024-09-18 11:18:45.264000,415.9046493791686,8
2024-09-18 11:18:45.391000,415.8810395476772,99
2024-09-18 11:18:45.460000,415.893343790912,9
2024-09-18 11:18:45.516000,415.936842607228,8
2024-09-18 11:18:45.717000,415.9344735200492,96
2024-09-18 11:18:45.783000,415.961665662652,1001
2024-09-18 11:18:45.940000,415.9022600795502,8
2024-09-18 11:18:46.092000,415.8223749130723,7
2024-09-18 11:18:46.672000,415.867814571409,96
2024-09-18 11:18:46.824000,415.8433205892609,98
2024-09-18 11:18:46.826000,415.8873601552916,1002
2024-09-18 11:18:46.832000,415.8199322800359,6
2024-09-18 11:18:46.992000,415.82455734431335,102
2024-09-18 11:18:47.012000,415.8287379790899,995
2024-09-18 11:18:47.655000,415.814138291975,12
2024-09-18 11:18:48.052000,415.82975643216673,104
2024-09-18 11:18:48.055000,415.867252730273,6
2024-09-18 11:18:48.073000,415.8541973005621,1002
2024-09-18 11:18:48.128000,415.84795728041007,11
2024-09-18 11:18:48.144000,415.8346734731241,999
2024-09-18 11:18:48.192000,415.82418106362826,98
2024-09-18 11:18:48.241000,415.80194930364434,14
2024-09-18 11:18:48.336000,415.8593980260897,996
2024-09-18 11:18:48.360000,415.86042110273394,997
2024-09-18 11:18:48.383000,415.8344420334063,13
2024-09-18 11:18:48.393000,415.81735672779786,14
2024-09-18 11:18:48.512000,415.8695746165113,997
2024-09-18 11:18:48.520000,415.833970461028,97
2024-09-18 11:18:48.546000,415.80834417914144,14
2024-09-18 11:18:48.559000,415.8054190611,102
2024-09-18 11:18:48.571000,415.8129116912097,1000
2024-09-18 11:18:48.635000,415.8090593827306,1005
2024-09-18 11:18:48.702000,415.8488745517052,1000
2024-09-18 11:18:48.831000,415.83571208698345,9
2024-09-18 11:18:48.943000,415.8153549497789,999
2024-09-18 11:18:48.978000,415.80794308408247,104
2024-09-18 11:18:49.029000,415.8300079666976,105
2024-09-18 11:18:49.078000,415.8155810152839,9
2024-09-18 11:18:49.102000,415.8553980175416,996
2024-09-18 11:18:49.183000,415.837376596618,96
2024-09-18 11:18:49.198000,415.8104837948401,95
2024-09-18 11:18:49.265000,415.8390004519651,15
2024-09-18 11:18:49.300000,415.8426906403087,1001
2024-09-18 11:18:49.305000,415.8189022367824,99
2024-09-18 11:18:49.344000,415.814774968454,995
2024-09-18 11:18:49.441000,415.8522368618133,997
2024-09-18 11:18:49.476000,415.8462489702016,104
2024-09-18 11:18:49.584000,415.8284316334319,96
2024-09-18 11:18:49.636000,415.8221836766594,103
2024-09-18 11:18:49.664000,415.82788780407793,102
2024-09-18 11:18:49.772000,415.8510734459173,15
2024-09-18 11:18:49.783000,415.8363345518556,997
2024-09-18 11:18:49.817000,415.82743186169336,96
2024-09-18 11:18:49.855000,415.8260126515922,11
2024-09-18 11:18:49.883000,415.8434662043128,102
2024-09-18 11:18:49.908000,415.8435087012332,11
2024-09-18 11:18:49.914000,415.8222360670985,105
2024-09-18 11:18:50.003000,415.8642216119085,98
2024-09-18 11:18:50.030000,415.84398726292585,7
2024-09-18 11:18:50.073000,415.8588583831757,995
2024-09-18 11:18:50.095000,415.84794070546775,6
2024-09-18 11:18:50.103000,415.8230734647258,98
2024-09-18 11:18:50.108000,415.8261568319049,13
2024-09-18 11:18:50.116000,415.854444065036,101
2024-09-18 11:18:50.140000,415.83673733686703,15
2024-09-18 11:18:50.216000,415.8327233767149,1004
2024-09-18 11:18:50.217000,415.8699029646598,997
2024-09-18 11:18:50.221000,415.8444331287109,8
2024-09-18 11:18:50.233000,415.84471463560266,5
2024-09-18 11:18:50.235000,415.8257312874982,13
2024-09-18 11:18:50.297000,415.8396924229836,98
2024-09-18 11:18:50.305000,415.8520462768655,1005
2024-09-18 11:18:50.306000,415.83280769698746,1000
2024-09-18 11:18:50.391000,415.8150691634879,101
2024-09-18 11:18:50.436000,415.83107900779606,102
2024-09-18 11:18:50.483000,415.8131997789179,102
2024-09-18 11:18:50.497000,415.821501671898,13
2024-09-18 11:18:50.540000,415.82681341061385,6
2024-09-18 11:18:50.567000,415.8447662607665,998
2024-09-18 11:18:50.573000,415.8225134380999,15
2024-09-18 11:18:50.650000,415.8515871975133,98
2024-09-18 11:18:50.699000,415.8264804853695,995
2024-09-18 11:18:50.769000,415.84220398518295,101
2024-09-18 11:18:51.045000,415.8087158290218,105
2024-09-18 11:18:51.094000,415.79657174522384,995
2024-09-18 11:18:51.114000,415.7996517814509,102
2024-09-18 11:18:51.239000,415.8333014976101,1003
2024-09-18 11:18:51.330000,415.80462561567776,15
2024-09-18 11:18:51.408000,415.8047248410937,996
2024-09-18 11:18:51.443000,415.8084264341488,12
2024-09-18 11:18:51.586000,415.8228722368421,97
2024-09-18 11:18:51.819000,415.8152276629082,104
2024-09-18 11:18:51.835000,415.799041515846,15
2024-09-18 11:18:51.861000,415.79994592842434,1005
2024-09-18 11:18:51.986000,415.8074831533648,1005
2024-09-18 11:18:52.035000,415.7795577809129,15
2024-09-18 11:18:52.053000,415.8138891056429,1003
2024-09-18 11:18:52.119000,415.8141406443604,8
2024-09-18 11:18:52.121000,415.797202556585,99
2024-09-18 11:18:52.300000,415.798119743506,1004
2024-09-18 11:18:52.341000,415.7763679255892,104
2024-09-18 11:18:52.524000,415.7934250756848,95
2024-09-18 11:18:52.641000,415.8126116648866,995
2024-09-18 11:18:52.687000,415.7968607276443,12
2024-09-18 11:18:52.708000,415.8213598392715,1001
2024-09-18 11:18:52.713000,415.7984735515869,96
2024-09-18 11:18:52.791000,415.8364059072694,11
2024-09-18 11:18:52.795000,415.7989689697185,12
2024-09-18 11:18:52.976000,415.7885108849153,1005
2024-09-18 11:18:53.017000,415.6985368589051,8
2024-09-18 11:18:53.029000,415.7325228701384,996
2024-09-18 11:18:53.153000,415.7140331956475,998
2024-09-18 11:18:53.153000,415.7867605108236,13
2024-09-18 11:18:53.193000,415.6597326084889,97
2024-09-18 11:18:53.296000,415.7726648321424,1002
2024-09-18 11:18:53.301000,415.7606325250313,14
2024-09-18 11:18:53.410000,415.76703900542685,100
2024-09-18 11:18:53.434000,415.6641673904097,102
2024-09-18 11:18:53.468000,415.67577118666736,999
2024-09-18 11:18:53.554000,415.73381479102784,105
2024-09-18 11:18:53.565000,415.76261384795566,996
2024-09-18 11:18:53.582000,415.7614669253919,12
2024-09-18 11:18:53.591000,415.7704116816157,104
2024-09-18 11:18:53.607000,415.73461205018754,996
2024-09-18 11:18:53.652000,415.7203346355147,1001
2024-09-18 11:18:53.852000,415.6732304261261,996
2024-09-18 11:18:53.872000,415.6729337285389,102
2024-09-18 11:18:53.879000,415.7920779211155,99
2024-09-18 11:18:53.897000,415.7696524578291,1001
2024-09-18 11:18:53.974000,415.74909933459423,1001
2024-09-18 11:18:56.039000,415.6983722406569,7
2024-09-18 11:18:56.061000,415.6884925930888,97
2024-09-18 11:18:56.067000,415.6770287545712,996
2024-09-18 11:18:56.072000,415.6921189100058,102
2024-09-18 11:18:56.161000,415.64165951396944,103
2024-09-18 11:18:56.185000,415.66898534049415,8
2024-09-18 11:18:56.260000,415.6533139191913,99
2024-09-18 11:18:56.295000,415.66720399103895,105
2024-09-18 11:18:56.302000,415.6737368755843,96
2024-09-18 11:18:56.309000,415.6733713420427,997
2024-09-18 11:18:56.335000,415.6299880258605,9
2024-09-18 11:18:56.345000,415.6958369385771,15
2024-09-18 11:18:56.352000,415.68727857569047,8
2024-09-18 11:18:56.363000,415.68703297952254,7
2024-09-18 11:18:56.402000,415.6245352106219,1000
2024-09-18 11:18:56.448000,415.6712475920648,996
2024-09-18 11:18:56.557000,415.6633191507596,101
2024-09-18 11:18:56.634000,415.68822756405126,7
2024-09-18 11:18:56.676000,415.6738980291215,7
2024-09-18 11:18:56.682000,415.6827156107966,1002
2024-09-18 11:18:56.696000,415.67387219620696,104
2024-09-18 11:18:56.713000,415.6824871726747,998
2024-09-18 11:18:56.717000,415.66879443342833,98
2024-09-18 11:18:56.735000,415.642270908078,15
2024-09-18 11:18:56.874000,415.66123707263495,14
2024-09-18 11:18:56.958000,415.6750566049705,1000
2024-09-18 11:18:57.045000,415.7350528646551,9
2024-09-18 11:18:57.121000,415.6617395415669,1001
2024-09-18 11:18:57.125000,415.6857701876741,6
2024-09-18 11:18:57.393000,415.6407727309424,5
2024-09-18 11:18:57.438000,415.6633995512517,1003
2024-09-18 11:18:57.462000,415.7170942481442,105
2024-09-18 11:18:57.541000,415.6695722668596,999
2024-09-18 11:18:57.594000,415.73917584158266,10
2024-09-18 11:18:57.638000,415.6575914062465,8
2024-09-18 11:18:57.821000,415.7437346787376,1004
2024-09-18 11:18:57.827000,415.7034712416086,103
2024-09-18 11:18:57.867000,415.6859749666912,5
2024-09-18 11:18:57.872000,415.6617831382072,5
2024-09-18 11:18:57.906000,415.7617747275024,96
2024-09-18 11:18:57.927000,415.72319936192,15
2024-09-18 11:18:58.020000,415.66727054432425,14
2024-09-18 11:18:58.045000,415.7095918997012,99
2024-09-18 11:18:58.163000,415.6905651889932,101
2024-09-18 11:18:58.177000,415.5793059686386,103
2024-09-18 11:18:58.199000,415.6877315272089,97
2024-09-18 11:18:58.209000,415.7200092272933,1003
2024-09-18 11:18:58.237000,415.6773820699288,103
2024-09-18 11:18:58.241000,415.5664954291869,1000
2024-09-18 11:18:58.285000,415.65734666824426,105
2024-09-18 11:18:58.339000,415.7097940516685,102
2024-09-18 11:18:58.346000,415.7286082950093,13
2024-09-18 11:18:58.358000,415.6530559868259,100
2024-09-18 11:18:58.373000,415.6247814338495,999
2024-09-18 11:18:58.391000,415.56209718682175,12
2024-09-18 11:18:58.406000,415.5787091612603,9
2024-09-18 11:18:58.473000,415.5983612576061,1004
2024-09-18 11:18:58.495000,415.6463828494488,102
2024-09-18 11:18:58.499000,415.7396374868104,100
2024-09-18 11:18:58.639000,415.6340948869173,996
2024-09-18 11:18:58.649000,415.6087963607024,8
2024-09-18 11:18:58.696000,415.6208286639919,6
2024-09-18 11:18:58.701000,415.71919597462914,98
2024-09-18 11:18:58.704000,415.56840888148673,6
2024-09-18 11:18:58.727000,415.5892239846692,11
2024-09-18 11:18:58.737000,415.686419152665,9
2024-09-18 11:18:58.846000,415.6975081010344,99
2024-09-18 11:18:58.870000,415.5800865640718,8
2024-09-18 11:18:58.953000,415.6172699869819,9
2024-09-18 11:18:58.974000,415.5936090626344,95
2024-09-18 11:18:59.068000,415.5661586658314,1002
