Timestamp,Price,Size
2024-09-17 10:10:00.023000,413.95060063405936,103
2024-09-17 10:10:00.027000,413.91286167995264,997
2024-09-17 10:10:00.066000,413.9184410870857,105
2024-09-17 10:10:00.082000,413.9708510642561,13
2024-09-17 10:10:00.144000,413.9152242839869,8
2024-09-17 10:10:00.145000,413.99372362550514,13
2024-09-17 10:10:00.209000,413.9600360464154,998
2024-09-17 10:10:00.220000,413.933672736626,8
2024-09-17 10:10:00.229000,413.9177625521472,997
2024-09-17 10:10:00.272000,413.9642495498897,103
2024-09-17 10:10:00.286000,413.9547490295092,98
2024-09-17 10:10:00.345000,413.9672779581588,1000
2024-09-17 10:10:00.352000,413.93509216338015,1001
2024-09-17 10:10:00.384000,413.9408236488481,1003
2024-09-17 10:10:00.431000,413.9887758960104,97
2024-09-17 10:10:00.498000,413.93935250571207,995
2024-09-17 10:10:00.543000,413.9614661668888,102
2024-09-17 10:10:00.567000,413.914032190974,14
2024-09-17 10:10:00.636000,413.9506046856243,102
2024-09-17 10:10:00.695000,413.9083497262182,102
2024-09-17 10:10:00.725000,413.9424315442464,101
2024-09-17 10:10:00.759000,413.9710204519734,104
2024-09-17 10:10:00.787000,413.9113502632164,997
2024-09-17 10:10:00.809000,413.9472927596422,10
2024-09-17 10:10:00.828000,413.95310653331256,7
2024-09-17 10:10:00.846000,413.967688820895,98
2024-09-17 10:10:00.892000,413.9667759710466,6
2024-09-17 10:10:00.939000,413.9254279436431,1005
2024-09-17 10:10:01.122000,413.9450070925691,996
2024-09-17 10:10:01.222000,413.9363792889134,100
2024-09-17 10:10:01.233000,413.97267733101177,95
2024-09-17 10:10:01.302000,413.963645562016,1002
2024-09-17 10:10:01.419000,413.9709876789371,999
2024-09-17 10:10:01.435000,413.9604763773512,103
2024-09-17 10:10:01.528000,413.9915676425905,5
2024-09-17 10:10:01.626000,413.9520026392305,5
2024-09-17 10:10:01.749000,413.9564625423046,995
2024-09-17 10:10:01.783000,413.9544742144975,999
2024-09-17 10:10:02.107000,413.9866650579816,997
2024-09-17 10:10:02.112000,413.9792538901786,9
2024-09-17 10:10:02.125000,413.9771939145836,997
2024-09-17 10:10:02.186000,414.034932212354,996
2024-09-17 10:10:02.202000,413.9973983794594,8
2024-09-17 10:10:02.212000,413.9653055046938,999
2024-09-17 10:10:02.249000,413.9989442258224,104
2024-09-17 10:10:02.341000,413.9609390435044,1002
2024-09-17 10:10:02.345000,413.9801633548548,9
2024-09-17 10:10:02.368000,413.9858543793845,96
2024-09-17 10:10:02.376000,414.0341106677425,99
2024-09-17 10:10:02.493000,414.0367800656024,99
2024-09-17 10:10:02.513000,414.0526473524093,1001
2024-09-17 10:10:02.591000,413.981633380974,96
2024-09-17 10:10:02.602000,413.9500828356015,1004
2024-09-17 10:10:02.682000,414.01093973676814,104
2024-09-17 10:10:02.710000,413.9845972384387,999
2024-09-17 10:10:02.724000,413.9611718660668,8
2024-09-17 10:10:02.747000,414.0167074651211,10
2024-09-17 10:10:02.783000,413.97656511171766,1000
2024-09-17 10:10:02.785000,413.9743821466103,1005
2024-09-17 10:10:02.838000,414.032326006185,997
2024-09-17 10:10:02.848000,413.9536161930004,997
2024-09-17 10:10:02.867000,413.9776017942498,8
2024-09-17 10:10:02.875000,413.9710843113394,5
2024-09-17 10:10:02.881000,413.9723025238444,6
2024-09-17 10:10:02.945000,413.9796415155303,98
2024-09-17 10:10:03.343000,413.9852491383877,99
2024-09-17 10:10:03.693000,413.97642173937305,103
2024-09-17 10:10:03.737000,413.9772345192159,97
2024-09-17 10:10:04.067000,414.0161280094637,95
2024-09-17 10:10:04.079000,414.0455863484291,96
2024-09-17 10:10:04.085000,414.03931461760095,997
2024-09-17 10:10:04.252000,414.05038984904513,995
2024-09-17 10:10:04.255000,414.03485821255657,100
2024-09-17 10:10:04.280000,414.0375880282437,11
2024-09-17 10:10:04.359000,414.0429494947901,8
2024-09-17 10:10:04.373000,414.0411390778599,13
2024-09-17 10:10:04.375000,414.0250641179255,999
2024-09-17 10:10:04.377000,414.0308766574416,6
2024-09-17 10:10:04.515000,414.0414961717218,997
2024-09-17 10:10:04.591000,413.9984225727496,8
2024-09-17 10:10:04.669000,414.0335018242959,1000
2024-09-17 10:10:04.725000,414.036291054904,7
2024-09-17 10:10:04.752000,414.0525685664803,100
2024-09-17 10:10:04.777000,414.0424299440908,996
2024-09-17 10:10:04.939000,414.0432347066591,95
2024-09-17 10:10:04.955000,414.043881732806,995
2024-09-17 10:10:04.972000,414.0345616492431,8
2024-09-17 10:10:05.032000,414.06817945700834,9
2024-09-17 10:10:05.124000,414.1207059267992,12
2024-09-17 10:10:05.170000,414.1517575703232,12
2024-09-17 10:10:05.264000,414.18084406156873,1002
2024-09-17 10:10:05.296000,414.1484519255797,11
2024-09-17 10:10:05.311000,414.17418591729455,12
2024-09-17 10:10:05.345000,414.1224239084811,7
2024-09-17 10:10:05.390000,414.107615011053,1001
2024-09-17 10:10:05.461000,414.1167679337534,9
2024-09-17 10:10:05.461000,414.08404680831177,7
2024-09-17 10:10:05.479000,414.1755322769506,5
2024-09-17 10:10:05.497000,414.1810622098012,15
2024-09-17 10:10:05.537000,414.1783357640512,104
2024-09-17 10:10:05.565000,414.1227993823781,103
2024-09-17 10:10:05.588000,414.1791349584175,105
2024-09-17 10:10:05.620000,414.14235723421416,995
2024-09-17 10:10:05.716000,414.0861565868403,98
2024-09-17 10:10:05.730000,414.1523768881575,97
2024-09-17 10:10:05.754000,414.1526615230594,12
2024-09-17 10:10:05.840000,414.0840509753628,12
2024-09-17 10:10:05.900000,414.1672862009716,1000
2024-09-17 10:10:05.912000,414.1570743727999,95
2024-09-17 10:10:05.938000,414.19136137366456,101
2024-09-17 10:10:05.953000,414.17516002487343,999
2024-09-17 10:10:05.973000,414.1541034091188,96
2024-09-17 10:10:05.979000,414.16533656285344,8
2024-09-17 10:10:05.980000,414.0800606578905,13
2024-09-17 10:10:06.023000,414.145132665656,101
2024-09-17 10:10:06.041000,414.1620513410184,14
2024-09-17 10:10:06.043000,414.1816749142948,997
2024-09-17 10:10:06.221000,414.1865444344247,7
2024-09-17 10:10:06.271000,414.19246481790816,9
2024-09-17 10:10:06.280000,414.190201904614,97
2024-09-17 10:10:06.312000,414.21076187621134,12
2024-09-17 10:10:06.371000,414.1808869553306,8
2024-09-17 10:10:06.384000,414.1845562624914,14
2024-09-17 10:10:06.451000,414.19585205803946,104
2024-09-17 10:10:06.451000,414.1531127441645,104
2024-09-17 10:10:06.507000,414.1422973921172,15
2024-09-17 10:10:06.521000,414.186485565898,13
2024-09-17 10:10:06.548000,414.176936228361,98
2024-09-17 10:10:06.572000,414.18045768979874,15
2024-09-17 10:10:06.580000,414.1810587481507,99
2024-09-17 10:10:06.590000,414.2048281036312,105
2024-09-17 10:10:06.640000,414.18916006686334,7
2024-09-17 10:10:06.713000,414.17379948444943,14
2024-09-17 10:10:06.720000,414.2017044826555,6
2024-09-17 10:10:06.784000,414.2197770190199,7
2024-09-17 10:10:06.818000,414.1825592177016,997
2024-09-17 10:10:06.904000,414.1729739119589,6
2024-09-17 10:10:06.935000,414.1886738668562,999
2024-09-17 10:10:06.962000,414.1768667972928,15
2024-09-17 10:10:07.028000,414.1812287695383,97
2024-09-17 10:10:07.054000,414.1884083393545,1000
2024-09-17 10:10:07.197000,414.17878392201663,12
2024-09-17 10:10:07.214000,414.1877245911191,1001
2024-09-17 10:10:07.227000,414.1105477078208,995
2024-09-17 10:10:07.246000,414.1256353796508,997
2024-09-17 10:10:07.262000,414.11957076419833,996
2024-09-17 10:10:07.281000,414.1031361278693,11
2024-09-17 10:10:07.344000,414.1559983497654,13
2024-09-17 10:10:07.419000,414.11972803740485,1005
2024-09-17 10:10:07.463000,414.1244682746067,8
2024-09-17 10:10:07.465000,414.19119675349424,5
2024-09-17 10:10:07.484000,414.18603976610615,101
2024-09-17 10:10:07.500000,414.1803288344032,8
2024-09-17 10:10:07.595000,414.10548705193634,98
2024-09-17 10:10:07.673000,414.19137165488735,101
2024-09-17 10:10:07.830000,414.1599769931557,8
2024-09-17 10:10:07.903000,414.2022303650749,105
2024-09-17 10:10:07.999000,414.14760630892073,100
2024-09-17 10:10:08.064000,414.1506936105823,998
2024-09-17 10:10:08.071000,414.177801543476,1001
2024-09-17 10:10:08.185000,414.105638614144,1005
2024-09-17 10:10:08.239000,414.1254821120797,999
2024-09-17 10:10:08.408000,414.14075617183295,100
2024-09-17 10:10:08.526000,414.1506390386122,12
2024-09-17 10:10:08.673000,414.1344030565084,11
2024-09-17 10:10:08.732000,414.1549034113721,12
2024-09-17 10:10:08.738000,414.16754109500687,14
2024-09-17 10:10:08.808000,414.1168164689479,103
2024-09-17 10:10:08.840000,414.1246886060378,1003
2024-09-17 10:10:08.885000,414.134869513258,999
2024-09-17 10:10:08.895000,414.1299110547469,6
2024-09-17 10:10:08.917000,414.1359245875065,95
2024-09-17 10:10:08.928000,414.122300081924,7
2024-09-17 10:10:09.014000,414.1561937626627,104
2024-09-17 10:10:09.057000,414.1603989781436,1000
2024-09-17 10:10:09.152000,414.1637773187576,7
2024-09-17 10:10:09.271000,414.16088514351446,1001
2024-09-17 10:10:09.291000,414.167774655963,996
2024-09-17 10:10:09.301000,414.1632771171784,1002
2024-09-17 10:10:09.312000,414.1637127568553,96
2024-09-17 10:10:09.381000,414.169025987108,96
2024-09-17 10:10:09.408000,414.15513572800336,15
2024-09-17 10:10:09.510000,414.1636484409074,995
2024-09-17 10:10:09.623000,414.1793646145464,102
2024-09-17 10:10:09.680000,414.14852273465664,998
2024-09-17 10:10:09.737000,414.1557442212415,12
2024-09-17 10:10:09.779000,414.1480263138473,6
2024-09-17 10:10:09.797000,414.1681067365311,995
2024-09-17 10:10:09.804000,414.1616417643857,9
2024-09-17 10:10:09.852000,414.1587107067091,997
2024-09-17 10:10:09.897000,414.1644966347803,7
2024-09-17 10:10:09.912000,414.1538972734598,1005
2024-09-17 10:10:09.931000,414.1335920223749,14
2024-09-17 10:10:10.205000,414.1622344402332,997
2024-09-17 10:10:10.736000,414.1658894518378,102
2024-09-17 10:10:10.932000,414.146066181512,9
2024-09-17 10:10:12.096000,414.156532452458,98
2024-09-17 10:10:12.184000,414.0991603219463,15
2024-09-17 10:10:12.188000,414.11732062442894,14
2024-09-17 10:10:12.196000,414.09533947752544,97
2024-09-17 10:10:12.231000,414.0691535433775,96
2024-09-17 10:10:12.312000,414.1285887635992,1002
2024-09-17 10:10:12.320000,414.08893521739054,998
2024-09-17 10:10:12.365000,414.1013219780869,96
2024-09-17 10:10:12.410000,414.1032470291077,995
2024-09-17 10:10:12.438000,414.0972231452736,99
2024-09-17 10:10:12.469000,414.1041436808436,104
2024-09-17 10:10:12.497000,414.1165516780868,10
2024-09-17 10:10:12.538000,414.0697301925394,104
2024-09-17 10:10:12.546000,414.1472094239259,99
2024-09-17 10:10:12.580000,414.1808944292376,8
2024-09-17 10:10:12.600000,414.090168311693,1004
2024-09-17 10:10:12.649000,414.1584878537095,99
2024-09-17 10:10:12.686000,414.09521953441725,9
2024-09-17 10:10:12.761000,414.135482335124,1001
2024-09-17 10:10:12.771000,414.1065554312136,1000
2024-09-17 10:10:12.797000,414.0723779096368,1005
2024-09-17 10:10:12.812000,414.0605019072842,95
2024-09-17 10:10:12.814000,414.081510749565,95
2024-09-17 10:10:12.848000,414.1019579146768,1005
2024-09-17 10:10:12.905000,414.1632999255368,10
2024-09-17 10:10:12.973000,414.1482630256156,1003
2024-09-17 10:10:12.975000,414.16430299562313,6
2024-09-17 10:10:12.980000,414.1282035973637,1002
2024-09-17 10:10:13.001000,414.0316169245928,11
2024-09-17 10:10:13.050000,414.0582191427071,101
2024-09-17 10:10:13.062000,414.0256213290248,100
2024-09-17 10:10:13.069000,414.0514233224,12
2024-09-17 10:10:13.106000,414.0427133638579,105
2024-09-17 10:10:13.236000,414.0187584972767,15
2024-09-17 10:10:13.392000,414.0592975573156,102
2024-09-17 10:10:13.411000,414.0661343392621,13
2024-09-17 10:10:13.447000,414.019640551026,1000
2024-09-17 10:10:13.489000,414.0527079222997,5
2024-09-17 10:10:13.522000,414.0538814626056,98
2024-09-17 10:10:13.547000,414.04091092673895,104
2024-09-17 10:10:13.657000,414.0461739136076,6
2024-09-17 10:10:13.790000,414.04987074271673,99
2024-09-17 10:10:13.801000,414.0261906158052,104
2024-09-17 10:10:13.807000,414.0259666093623,101
2024-09-17 10:10:13.830000,414.03348055575015,13
2024-09-17 10:10:13.838000,414.0582732135197,1002
2024-09-17 10:10:13.926000,414.0225892457432,1000
2024-09-17 10:10:13.947000,414.0163846256978,7
2024-09-17 10:10:13.950000,414.053101080504,999
2024-09-17 10:10:13.955000,414.0431162356864,6
2024-09-17 10:10:13.957000,414.0313596982164,10
2024-09-17 10:10:13.966000,414.06027200352014,8
2024-09-17 10:10:13.997000,414.0334299117196,100
2024-09-17 10:10:14.013000,414.07755442182986,9
2024-09-17 10:10:14.070000,414.1001029869245,998
2024-09-17 10:10:14.098000,414.0603883828375,95
2024-09-17 10:10:14.098000,414.0702670860078,996
2024-09-17 10:10:14.134000,414.0577120972146,96
2024-09-17 10:10:14.257000,414.0729450139893,103
2024-09-17 10:10:14.298000,414.0371970779617,8
2024-09-17 10:10:14.403000,414.0911371722503,6
2024-09-17 10:10:14.435000,414.0927311535419,95
2024-09-17 10:10:14.479000,414.0004515195018,10
2024-09-17 10:10:14.594000,414.01355545490384,1000
2024-09-17 10:10:14.595000,414.04293393661766,996
2024-09-17 10:10:14.597000,414.0685641349779,102
2024-09-17 10:10:14.605000,414.0950598632281,1003
2024-09-17 10:10:14.659000,414.0835096429938,97
2024-09-17 10:10:14.698000,414.0210754137001,998
2024-09-17 10:10:14.738000,414.0861689993739,97
2024-09-17 10:10:14.769000,414.0504650908837,100
2024-09-17 10:10:14.797000,414.0027277037776,99
2024-09-17 10:10:14.840000,414.0715730919003,102
2024-09-17 10:10:14.892000,414.0032647900704,15
2024-09-17 10:10:15.010000,414.0768188783618,8
2024-09-17 10:10:15.039000,414.0535933816937,96
2024-09-17 10:10:15.084000,414.0913982323367,15
2024-09-17 10:10:15.103000,414.0925554226501,95
2024-09-17 10:10:15.137000,414.0921100324905,1001
2024-09-17 10:10:15.173000,414.09051673387575,999
2024-09-17 10:10:15.205000,414.09792598169287,1002
2024-09-17 10:10:15.495000,414.07434116866415,97
2024-09-17 10:10:15.557000,414.0637072965508,5
2024-09-17 10:10:15.578000,414.0397773574463,13
2024-09-17 10:10:15.671000,414.0824025976506,995
2024-09-17 10:10:15.740000,414.07458803858026,8
2024-09-17 10:10:15.757000,414.07001558598046,1003
2024-09-17 10:10:15.771000,414.0622529808982,99
2024-09-17 10:10:15.795000,414.0937513054305,1000
2024-09-17 10:10:15.914000,414.0892492791466,13
2024-09-17 10:10:15.976000,414.0541419841063,101
2024-09-17 10:10:16.866000,414.0939412991264,104
2024-09-17 10:10:17.004000,414.1278306764876,5
2024-09-17 10:10:17.105000,414.090752431417,15
2024-09-17 10:10:17.163000,414.1031918729514,101
2024-09-17 10:10:17.227000,414.0998121767132,103
2024-09-17 10:10:17.503000,414.1100763170824,101
2024-09-17 10:10:17.589000,414.09125791307446,998
2024-09-17 10:10:17.668000,414.0962369579479,11
2024-09-17 10:10:18.021000,414.28042610992463,103
2024-09-17 10:10:18.069000,414.12129774470776,1002
2024-09-17 10:10:18.105000,414.1687047329871,104
2024-09-17 10:10:18.114000,414.23827439463696,997
2024-09-17 10:10:18.117000,414.20946267826895,8
2024-09-17 10:10:18.139000,414.2015808430816,101
2024-09-17 10:10:18.201000,414.2728186430607,103
2024-09-17 10:10:18.210000,414.1404658119324,10
2024-09-17 10:10:18.286000,414.1568193565894,995
2024-09-17 10:10:18.300000,414.1371697176375,13
2024-09-17 10:10:18.362000,414.1713843946073,999
2024-09-17 10:10:18.382000,414.1164621285583,98
2024-09-17 10:10:18.508000,414.2134781638509,1005
2024-09-17 10:10:18.526000,414.2233273305274,95
2024-09-17 10:10:18.537000,414.11311989062017,105
2024-09-17 10:10:18.621000,414.25514316088857,99
2024-09-17 10:10:18.648000,414.12826336056025,100
2024-09-17 10:10:18.718000,414.131092022316,14
2024-09-17 10:10:18.775000,414.2164201696456,14
2024-09-17 10:10:18.834000,414.26595608808987,12
2024-09-17 10:10:18.881000,414.2798419982356,1003
2024-09-17 10:10:18.977000,414.1101905862418,6
2024-09-17 10:10:19.069000,414.28460143414407,996
2024-09-17 10:10:19.074000,414.2875173272777,999
2024-09-17 10:10:19.152000,414.22830728627554,1003
2024-09-17 10:10:19.166000,414.2566566981289,7
2024-09-17 10:10:19.167000,414.1755927780785,6
2024-09-17 10:10:19.197000,414.2327617478746,96
2024-09-17 10:10:19.232000,414.2162304716876,12
2024-09-17 10:10:19.291000,414.236456877303,1001
2024-09-17 10:10:19.305000,414.2171292896117,15
2024-09-17 10:10:19.366000,414.2797781154715,103
2024-09-17 10:10:19.476000,414.3019845202074,96
2024-09-17 10:10:19.512000,414.1980845307885,104
2024-09-17 10:10:19.517000,414.2084536044783,97
2024-09-17 10:10:19.575000,414.2153332893736,15
2024-09-17 10:10:19.595000,414.25362679457584,6
2024-09-17 10:10:19.608000,414.24785425756255,1004
2024-09-17 10:10:19.668000,414.22612270997,13
2024-09-17 10:10:19.716000,414.1952536691131,100
2024-09-17 10:10:19.730000,414.2565432138271,15
2024-09-17 10:10:19.755000,414.2699415480807,104
2024-09-17 10:10:19.824000,414.2858344561682,9
2024-09-17 10:10:19.910000,414.2480076239207,1001
2024-09-17 10:10:19.958000,414.18250539173096,96
2024-09-17 10:10:19.975000,414.2756805998533,103
2024-09-17 10:10:20.036000,414.2629437185114,97
2024-09-17 10:10:20.055000,414.27753161064015,96
2024-09-17 10:10:20.069000,414.2395534318932,104
2024-09-17 10:10:20.158000,414.28776929329496,95
2024-09-17 10:10:20.297000,414.2650720416638,998
2024-09-17 10:10:20.445000,414.2561907456857,1003
2024-09-17 10:10:20.495000,414.2806400628733,99
2024-09-17 10:10:20.602000,414.264430492492,995
2024-09-17 10:10:20.611000,414.27059889706567,95
2024-09-17 10:10:20.803000,414.2776289729453,1000
2024-09-17 10:10:20.814000,414.2563641187653,97
2024-09-17 10:10:20.856000,414.2747323253855,96
2024-09-17 10:10:21.005000,414.2879573088017,95
2024-09-17 10:10:21.009000,414.2673175039943,999
2024-09-17 10:10:21.170000,414.2152740205262,999
2024-09-17 10:10:21.215000,414.2969429313132,96
2024-09-17 10:10:21.307000,414.2646436406825,100
2024-09-17 10:10:21.391000,414.308763159427,9
2024-09-17 10:10:21.392000,414.273271682822,1001
2024-09-17 10:10:21.538000,414.2871858293119,11
2024-09-17 10:10:21.585000,414.22725865952543,104
2024-09-17 10:10:21.663000,414.1851331746912,98
2024-09-17 10:10:21.685000,414.2640938189524,96
2024-09-17 10:10:21.722000,414.2483523928268,14
2024-09-17 10:10:21.744000,414.2987228129004,7
2024-09-17 10:10:21.823000,414.266387158297,99
2024-09-17 10:10:21.837000,414.3071084222273,15
2024-09-17 10:10:21.847000,414.2127452037403,15
2024-09-17 10:10:21.994000,414.1839886996622,996
2024-09-17 10:10:22.033000,414.1975257772356,995
2024-09-17 10:10:22.122000,414.1789895732498,12
2024-09-17 10:10:22.125000,414.175871935875,11
2024-09-17 10:10:22.253000,414.1953256214985,1000
2024-09-17 10:10:22.307000,414.1797053761602,999
2024-09-17 10:10:22.385000,414.18976904565767,1001
2024-09-17 10:10:22.412000,414.2061253607556,10
2024-09-17 10:10:22.481000,414.2033646879157,999
2024-09-17 10:10:22.556000,414.21221458494233,1003
2024-09-17 10:10:22.607000,414.1881944891618,103
2024-09-17 10:10:22.648000,414.1894103711152,15
2024-09-17 10:10:22.774000,414.1809070922913,1001
2024-09-17 10:10:22.916000,414.1803796145038,99
2024-09-17 10:10:22.958000,414.2105009299273,8
2024-09-17 10:10:23.102000,414.1901537705921,99
2024-09-17 10:10:23.103000,414.1314609347424,102
2024-09-17 10:10:23.195000,414.1820569472269,6
2024-09-17 10:10:23.269000,414.1881903994311,5
2024-09-17 10:10:23.283000,414.1716883483362,1004
2024-09-17 10:10:23.339000,414.136692180434,97
2024-09-17 10:10:23.481000,414.160948238125,101
2024-09-17 10:10:23.501000,414.1248960897116,1005
2024-09-17 10:10:23.558000,414.1881958526118,101
2024-09-17 10:10:23.640000,414.1419076616871,1001
2024-09-17 10:10:23.743000,414.1514975866992,96
2024-09-17 10:10:23.864000,414.1723629525117,97
2024-09-17 10:10:23.946000,414.1334354387592,11
2024-09-17 10:10:23.949000,414.1221800783656,1001
2024-09-17 10:10:23.973000,414.1758630092079,99
2024-09-17 10:10:24.010000,414.2734284881429,10
2024-09-17 10:10:24.092000,414.1841769155568,101
2024-09-17 10:10:24.098000,414.2062031349965,13
2024-09-17 10:10:24.101000,414.20549976651006,95
2024-09-17 10:10:24.175000,414.1890369745153,1002
2024-09-17 10:10:24.189000,414.2567194686044,999
2024-09-17 10:10:24.233000,414.2531689177097,1005
2024-09-17 10:10:24.261000,414.2069657627806,98
2024-09-17 10:10:24.286000,414.1861416900664,1000
2024-09-17 10:10:24.400000,414.2037427334047,103
2024-09-17 10:10:24.441000,414.2225633525819,99
2024-09-17 10:10:24.443000,414.1952121376847,5
2024-09-17 10:10:24.484000,414.20141171569793,98
2024-09-17 10:10:24.487000,414.2059696221663,6
2024-09-17 10:10:24.520000,414.2173920545503,101
2024-09-17 10:10:24.532000,414.2686366244362,12
2024-09-17 10:10:24.541000,414.1990209352144,997
2024-09-17 10:10:24.785000,414.2557102071881,98
2024-09-17 10:10:24.845000,414.2207967458144,6
2024-09-17 10:10:24.861000,414.2113473415965,96
2024-09-17 10:10:24.883000,414.2275754588136,15
2024-09-17 10:10:24.901000,414.2293916357584,1005
2024-09-17 10:10:24.957000,414.23566001760753,95
2024-09-17 10:10:24.984000,414.2105641267335,102
2024-09-17 10:10:25.007000,414.2172013874586,12
2024-09-17 10:10:25.112000,414.2409785242296,101
2024-09-17 10:10:25.139000,414.1969250446463,7
2024-09-17 10:10:25.210000,414.2070822963856,97
2024-09-17 10:10:25.226000,414.2182521706329,104
2024-09-17 10:10:25.554000,414.2095793660212,1000
2024-09-17 10:10:25.778000,414.2230816495046,13
2024-09-17 10:10:25.817000,414.1993170351827,1003
2024-09-17 10:10:25.823000,414.2092430825386,101
2024-09-17 10:10:26.191000,414.2140523353834,9
2024-09-17 10:10:26.362000,414.2540015805354,8
2024-09-17 10:10:26.622000,414.2581949243095,104
2024-09-17 10:10:26.632000,414.23562641836025,8
2024-09-17 10:10:26.691000,414.2493713798509,12
2024-09-17 10:10:26.785000,414.264801575149,10
2024-09-17 10:10:26.807000,414.2600275004288,12
2024-09-17 10:10:26.939000,414.2499249485044,101
2024-09-17 10:10:27.010000,414.24354015446266,103
2024-09-17 10:10:27.534000,414.2306869886395,999
2024-09-17 10:10:27.539000,414.252171236463,12
2024-09-17 10:10:27.567000,414.2490310845839,1000
2024-09-17 10:10:27.632000,414.2067254269553,97
2024-09-17 10:10:27.738000,414.2420684929552,1003
2024-09-17 10:10:27.818000,414.26687919179193,96
2024-09-17 10:10:27.881000,414.22513404924086,96
2024-09-17 10:10:27.936000,414.2275278661164,12
2024-09-17 10:10:28.024000,414.2828760419984,6
2024-09-17 10:10:28.026000,414.2499885360119,103
2024-09-17 10:10:28.224000,414.2394286784926,5
2024-09-17 10:10:28.226000,414.2777769882614,98
2024-09-17 10:10:28.262000,414.2694015759976,1001
2024-09-17 10:10:28.368000,414.2813670810131,1004
2024-09-17 10:10:28.373000,414.2979959799941,1003
2024-09-17 10:10:28.387000,414.2475110689427,997
2024-09-17 10:10:28.392000,414.2680308371545,98
2024-09-17 10:10:28.436000,414.29442632475815,99
2024-09-17 10:10:28.576000,414.2406778101646,104
2024-09-17 10:10:28.610000,414.25747637517645,7
2024-09-17 10:10:28.688000,414.2598326782897,11
2024-09-17 10:10:28.701000,414.2574530404217,1003
2024-09-17 10:10:28.749000,414.2966007086725,15
2024-09-17 10:10:28.772000,414.25829975813394,100
2024-09-17 10:10:28.801000,414.2765132214993,102
2024-09-17 10:10:28.833000,414.2944139034856,97
2024-09-17 10:10:28.850000,414.2782538442528,97
2024-09-17 10:10:28.858000,414.2499968379989,12
2024-09-17 10:10:28.935000,414.2389289650256,10
2024-09-17 10:10:28.983000,414.2520330347387,1000
2024-09-17 10:10:29.028000,414.3392162621163,999
2024-09-17 10:10:29.039000,414.3303818252714,1005
2024-09-17 10:10:29.078000,414.3098557466436,101
2024-09-17 10:10:29.098000,414.2962930984505,12
2024-09-17 10:10:29.125000,414.3222091609086,996
2024-09-17 10:10:29.217000,414.3262582002936,996
2024-09-17 10:10:29.246000,414.3036924989151,98
2024-09-17 10:10:29.264000,414.31723616673423,996
2024-09-17 10:10:29.361000,414.3138705772551,96
2024-09-17 10:10:29.424000,414.3220854548469,995
2024-09-17 10:10:29.450000,414.29411978914544,12
2024-09-17 10:10:29.476000,414.30264689358506,104
2024-09-17 10:10:29.478000,414.2871211835856,1002
2024-09-17 10:10:29.499000,414.33267983809066,11
2024-09-17 10:10:29.505000,414.31703437170336,10
2024-09-17 10:10:29.509000,414.2996550762186,14
2024-09-17 10:10:29.513000,414.3310062052105,7
2024-09-17 10:10:29.517000,414.3090386833355,97
2024-09-17 10:10:29.531000,414.2999220044063,996
2024-09-17 10:10:29.618000,414.2847557906143,1000
2024-09-17 10:10:29.680000,414.33554498443874,105
2024-09-17 10:10:29.857000,414.30845963106486,14
2024-09-17 10:10:29.986000,414.3370983185703,9
2024-09-17 10:10:29.991000,414.333565678366,95
2024-09-17 10:10:30.006000,414.3558117522584,9
2024-09-17 10:10:30.033000,414.36731363246014,96
2024-09-17 10:10:30.035000,414.3572609508713,13
2024-09-17 10:10:30.045000,414.3575607201625,97
2024-09-17 10:10:30.138000,414.36696106894186,998
2024-09-17 10:10:30.162000,414.3798909113012,995
2024-09-17 10:10:30.182000,414.36914351937696,15
2024-09-17 10:10:30.216000,414.3480911749854,7
2024-09-17 10:10:30.315000,414.3541659655579,97
2024-09-17 10:10:30.345000,414.344499352993,1005
2024-09-17 10:10:30.447000,414.38044267731857,997
2024-09-17 10:10:30.473000,414.3538884443072,5
2024-09-17 10:10:30.485000,414.3626871782669,10
2024-09-17 10:10:30.514000,414.37531462854514,98
2024-09-17 10:10:30.551000,414.3560431308912,1005
2024-09-17 10:10:30.574000,414.3758439445892,100
2024-09-17 10:10:30.631000,414.3578437154963,95
2024-09-17 10:10:30.673000,414.3523405582836,99
2024-09-17 10:10:30.731000,414.3335145730608,1003
2024-09-17 10:10:30.736000,414.3358691329782,97
2024-09-17 10:10:30.803000,414.3794672499018,1005
2024-09-17 10:10:30.819000,414.3177213135708,1002
2024-09-17 10:10:30.841000,414.3226525966903,8
2024-09-17 10:10:30.917000,414.3681120791293,1002
2024-09-17 10:10:30.921000,414.3546673941733,12
2024-09-17 10:10:30.968000,414.326471569057,1000
2024-09-17 10:10:31.029000,414.372264702815,95
2024-09-17 10:10:31.079000,414.3730067883307,103
2024-09-17 10:10:31.161000,414.36483896666016,1000
2024-09-17 10:10:31.194000,414.3898825690191,96
2024-09-17 10:10:31.212000,414.3759043318527,1005
2024-09-17 10:10:31.269000,414.3618810572932,6
2024-09-17 10:10:31.272000,414.3865619529805,996
2024-09-17 10:10:31.313000,414.37352157445497,7
2024-09-17 10:10:31.320000,414.39567408185655,11
2024-09-17 10:10:31.330000,414.38809135750233,996
2024-09-17 10:10:31.381000,414.3676889064984,102
2024-09-17 10:10:31.388000,414.38027404099455,104
2024-09-17 10:10:31.480000,414.4065294547388,99
2024-09-17 10:10:31.491000,414.3807844692719,101
2024-09-17 10:10:31.630000,414.34411942987526,11
2024-09-17 10:10:31.636000,414.3491356642948,11
2024-09-17 10:10:31.709000,414.3671782034832,1000
2024-09-17 10:10:31.733000,414.3939369936815,98
2024-09-17 10:10:31.808000,414.3540389649566,999
2024-09-17 10:10:31.815000,414.3842816830802,8
2024-09-17 10:10:31.852000,414.3640340714699,9
2024-09-17 10:10:31.874000,414.3375422273396,105
2024-09-17 10:10:31.902000,414.39932040875846,1001
2024-09-17 10:10:31.943000,414.3996941294165,1005
2024-09-17 10:10:31.956000,414.3667337673048,102
2024-09-17 10:10:32.774000,414.3343111338946,1001
2024-09-17 10:10:32.798000,414.3620081710844,10
2024-09-17 10:10:33.012000,414.38069003548645,101
2024-09-17 10:10:33.136000,414.3848262507467,998
2024-09-17 10:10:33.198000,414.3709904772808,95
2024-09-17 10:10:33.367000,414.4062317965671,5
2024-09-17 10:10:33.468000,414.4126104502511,105
2024-09-17 10:10:33.698000,414.38507415068096,103
2024-09-17 10:10:33.720000,414.3542023252021,1005
2024-09-17 10:10:33.727000,414.35191644173096,12
2024-09-17 10:10:33.863000,414.3580914351308,101
2024-09-17 10:10:34.130000,414.4019041523377,98
2024-09-17 10:10:34.840000,414.420978234584,10
2024-09-17 10:10:35.162000,414.41496351112994,104
2024-09-17 10:10:35.390000,414.41689067981,96
2024-09-17 10:10:35.757000,414.432505598783,99
2024-09-17 10:10:35.801000,414.4041072583012,996
2024-09-17 10:10:35.847000,414.4283779593019,101
2024-09-17 10:10:36.171000,414.43440426285576,12
2024-09-17 10:10:36.485000,414.4217228247432,95
2024-09-17 10:10:37.018000,414.4172256456573,99
2024-09-17 10:10:37.025000,414.407538923196,13
2024-09-17 10:10:37.052000,414.3850108885503,101
2024-09-17 10:10:37.086000,414.3801408178126,10
2024-09-17 10:10:37.138000,414.3772750980164,103
2024-09-17 10:10:37.152000,414.3718245401385,15
2024-09-17 10:10:37.168000,414.3820603483423,100
2024-09-17 10:10:37.172000,414.3647340429282,103
2024-09-17 10:10:37.293000,414.3871205017352,96
2024-09-17 10:10:37.297000,414.4449286240444,12
2024-09-17 10:10:37.341000,414.4212374433354,12
2024-09-17 10:10:37.424000,414.4093654892432,101
2024-09-17 10:10:37.426000,414.413728577751,995
2024-09-17 10:10:37.462000,414.4074683693383,105
2024-09-17 10:10:37.515000,414.3694123465156,1000
2024-09-17 10:10:37.577000,414.3800343643362,99
2024-09-17 10:10:37.586000,414.3956005443085,14
2024-09-17 10:10:37.675000,414.4249800934383,8
2024-09-17 10:10:37.677000,414.436307391527,9
2024-09-17 10:10:37.692000,414.3840382668622,15
2024-09-17 10:10:37.765000,414.41821889537385,997
2024-09-17 10:10:37.767000,414.38624098848805,11
2024-09-17 10:10:37.772000,414.3945936763004,98
2024-09-17 10:10:37.917000,414.3888051430853,105
2024-09-17 10:10:37.977000,414.3700443946169,12
2024-09-17 10:10:37.986000,414.38547838852,14
2024-09-17 10:10:38.197000,414.39573418655743,105
2024-09-17 10:10:38.333000,414.40170081412936,996
2024-09-17 10:10:38.463000,414.3892504049086,1000
2024-09-17 10:10:38.578000,414.3934396684061,1000
2024-09-17 10:10:38.783000,414.3801979928944,11
2024-09-17 10:10:38.841000,414.37178938823496,97
2024-09-17 10:10:38.887000,414.38818007412345,997
2024-09-17 10:10:38.993000,414.3747121325041,14
2024-09-17 10:10:39.355000,414.400353572601,13
2024-09-17 10:10:39.378000,414.4113651562436,15
2024-09-17 10:10:40.030000,414.4520305706897,995
2024-09-17 10:10:40.150000,414.4729484858627,995
2024-09-17 10:10:40.337000,414.4161564720113,103
2024-09-17 10:10:40.360000,414.4661818246181,14
2024-09-17 10:10:40.384000,414.4106415815712,102
2024-09-17 10:10:40.398000,414.45402228985824,1001
2024-09-17 10:10:40.471000,414.4167078897331,101
2024-09-17 10:10:40.610000,414.45016638402194,101
2024-09-17 10:10:40.611000,414.4350066514222,5
2024-09-17 10:10:40.630000,414.4179515044797,1003
2024-09-17 10:10:40.701000,414.4403954623631,105
2024-09-17 10:10:40.779000,414.4258103650593,1000
2024-09-17 10:10:40.821000,414.4668209061939,14
2024-09-17 10:10:40.871000,414.4498269273689,996
2024-09-17 10:10:40.899000,414.44039519215977,98
2024-09-17 10:10:40.920000,414.4751896981682,99
2024-09-17 10:10:40.948000,414.4580815079979,102
2024-09-17 10:10:41.089000,414.4886122424768,5
2024-09-17 10:10:41.253000,414.4760365032556,99
2024-09-17 10:10:41.410000,414.4888584663608,998
2024-09-17 10:10:41.447000,414.4777606181597,9
2024-09-17 10:10:41.725000,414.47984983265366,6
2024-09-17 10:10:41.925000,414.4769223516281,995
2024-09-17 10:10:41.934000,414.4903479393392,97
2024-09-17 10:10:42.020000,414.5145648111724,100
2024-09-17 10:10:42.043000,414.5386999582872,100
2024-09-17 10:10:42.160000,414.5277711930901,995
2024-09-17 10:10:42.173000,414.5247047559818,100
2024-09-17 10:10:42.230000,414.5350414246776,11
2024-09-17 10:10:42.260000,414.5384928035997,10
2024-09-17 10:10:42.359000,414.5441272010796,998
2024-09-17 10:10:42.403000,414.5450052161959,1004
2024-09-17 10:10:42.415000,414.5281620599184,98
2024-09-17 10:10:42.480000,414.52043433669394,10
2024-09-17 10:10:42.616000,414.4881754576773,1004
2024-09-17 10:10:42.694000,414.52400442773103,102
2024-09-17 10:10:42.696000,414.5359233672325,1002
2024-09-17 10:10:42.845000,414.509197773594,97
2024-09-17 10:10:42.882000,414.49901183672927,1000
2024-09-17 10:10:42.882000,414.55038487297264,105
2024-09-17 10:10:42.884000,414.5067504029016,96
2024-09-17 10:10:42.894000,414.5434062196645,100
2024-09-17 10:10:42.935000,414.5491957453207,98
2024-09-17 10:10:42.939000,414.5362076825687,1003
2024-09-17 10:10:42.943000,414.51597654534936,11
2024-09-17 10:10:43.027000,414.4611484646332,1003
2024-09-17 10:10:43.177000,414.4759440566974,995
2024-09-17 10:10:43.256000,414.4859796120792,997
2024-09-17 10:10:43.585000,414.4673910451982,98
2024-09-17 10:10:43.626000,414.4645513053567,102
2024-09-17 10:10:43.900000,414.46188638973456,1001
2024-09-17 10:10:43.976000,414.4842466227188,104
2024-09-17 10:10:44.211000,414.5021469717954,105
2024-09-17 10:10:44.367000,414.507780519398,8
2024-09-17 10:10:44.415000,414.50484518761175,105
2024-09-17 10:10:44.421000,414.5044692554774,1003
2024-09-17 10:10:44.444000,414.4908954234765,96
2024-09-17 10:10:44.672000,414.4833920904964,103
2024-09-17 10:10:44.676000,414.516840733246,1005
2024-09-17 10:10:44.677000,414.4765846475007,1000
2024-09-17 10:10:44.686000,414.491871205541,96
2024-09-17 10:10:44.730000,414.48275527838166,999
2024-09-17 10:10:44.769000,414.48942916705175,102
2024-09-17 10:10:44.805000,414.4994518539313,13
2024-09-17 10:10:44.931000,414.5209500230597,95
2024-09-17 10:10:44.984000,414.5090851851265,7
2024-09-17 10:10:45,414.48696539019227,12
2024-09-17 10:10:45.096000,414.4753229100912,98
2024-09-17 10:10:45.181000,414.472761322122,9
2024-09-17 10:10:45.248000,414.4937355416763,15
2024-09-17 10:10:45.278000,414.4732694958028,104
2024-09-17 10:10:45.328000,414.48642617282894,103
2024-09-17 10:10:45.495000,414.490619566771,1005
2024-09-17 10:10:45.510000,414.4710274604761,1003
2024-09-17 10:10:45.773000,414.4961224861889,1005
2024-09-17 10:10:45.911000,414.4985743257853,97
2024-09-17 10:10:45.921000,414.4931742135665,11
2024-09-17 10:10:46.436000,414.4692698410546,995
2024-09-17 10:10:46.556000,414.4787619582708,15
2024-09-17 10:10:46.606000,414.4947699152612,98
2024-09-17 10:10:46.732000,414.4873190983015,1000
2024-09-17 10:10:46.772000,414.4731083606939,105
2024-09-17 10:10:47,414.5212007800199,103
2024-09-17 10:10:47.014000,414.5168585099321,95
2024-09-17 10:10:47.042000,414.5245578886127,102
2024-09-17 10:10:47.116000,414.5536074184048,105
2024-09-17 10:10:47.119000,414.5414573533593,998
2024-09-17 10:10:47.166000,414.50368054459904,103
2024-09-17 10:10:47.235000,414.5127368474584,104
2024-09-17 10:10:47.330000,414.5278484211123,1000
2024-09-17 10:10:47.359000,414.5045690026257,996
2024-09-17 10:10:47.414000,414.5066782977956,104
2024-09-17 10:10:47.525000,414.5405885961799,105
2024-09-17 10:10:47.775000,414.5238068639999,104
2024-09-17 10:10:47.814000,414.5170513757532,7
2024-09-17 10:10:47.842000,414.51346384901,995
2024-09-17 10:10:47.870000,414.5538666889401,9
2024-09-17 10:10:47.893000,414.52927898554987,1000
2024-09-17 10:10:47.920000,414.51375795012217,7
2024-09-17 10:10:47.949000,414.5315156513691,1003
2024-09-17 10:10:48.237000,414.43548736304575,13
2024-09-17 10:10:48.289000,414.5028244735682,104
2024-09-17 10:10:48.597000,414.4545544530134,998
2024-09-17 10:10:48.695000,414.4428123060187,995
2024-09-17 10:10:48.748000,414.4338513046648,14
2024-09-17 10:10:48.915000,414.4394454616802,13
2024-09-17 10:10:48.936000,414.4855561574924,1001
2024-09-17 10:10:49.169000,414.4565281454512,998
2024-09-17 10:10:49.357000,414.4677816823827,8
2024-09-17 10:10:49.399000,414.4479072754722,97
2024-09-17 10:10:49.488000,414.4599754153408,998
2024-09-17 10:10:49.492000,414.4628770427096,104
2024-09-17 10:10:49.693000,414.46215324623,1000
2024-09-17 10:10:49.714000,414.4578577310948,1001
2024-09-17 10:10:49.739000,414.47201622835536,98
2024-09-17 10:10:49.937000,414.4479128348585,102
2024-09-17 10:10:50.094000,414.462171467901,95
2024-09-17 10:10:50.112000,414.4586432216924,101
2024-09-17 10:10:50.164000,414.4499362185004,12
2024-09-17 10:10:50.181000,414.41874180508887,14
2024-09-17 10:10:50.312000,414.4385084515144,995
2024-09-17 10:10:50.429000,414.4119530300501,999
2024-09-17 10:10:50.443000,414.4164847780134,1002
2024-09-17 10:10:50.509000,414.39090078368935,9
2024-09-17 10:10:50.585000,414.4248208407624,102
2024-09-17 10:10:50.657000,414.43217261566593,999
2024-09-17 10:10:50.728000,414.406067470784,96
2024-09-17 10:10:50.747000,414.4115532642542,102
2024-09-17 10:10:50.796000,414.39799880275626,1002
2024-09-17 10:10:50.916000,414.4322309674177,12
2024-09-17 10:10:50.932000,414.4162326015341,1003
2024-09-17 10:10:50.962000,414.41366931600186,1002
2024-09-17 10:10:52.016000,414.31671174836544,1005
2024-09-17 10:10:52.110000,414.2891402164229,98
2024-09-17 10:10:52.130000,414.2978776152272,1005
2024-09-17 10:10:52.143000,414.3494234736568,9
2024-09-17 10:10:52.229000,414.3925682976076,102
2024-09-17 10:10:52.232000,414.3357869503666,96
2024-09-17 10:10:52.331000,414.3478182508592,7
2024-09-17 10:10:52.555000,414.3730512312327,98
2024-09-17 10:10:52.709000,414.2947805197393,12
2024-09-17 10:10:52.757000,414.3228875741257,102
2024-09-17 10:10:52.805000,414.3522086614841,95
2024-09-17 10:10:52.993000,414.3281276467807,1002
2024-09-17 10:10:53.029000,414.33894483969925,13
2024-09-17 10:10:53.035000,414.3323653302821,1000
2024-09-17 10:10:53.061000,414.3353610610304,1003
2024-09-17 10:10:53.080000,414.3376498188578,103
2024-09-17 10:10:53.081000,414.3321160012659,1005
2024-09-17 10:10:53.116000,414.3297758433402,1001
2024-09-17 10:10:53.161000,414.39188325585104,104
2024-09-17 10:10:53.183000,414.341911624211,100
2024-09-17 10:10:53.230000,414.3772550904324,996
2024-09-17 10:10:53.270000,414.3938985414522,1000
2024-09-17 10:10:53.284000,414.3280218666585,10
2024-09-17 10:10:53.321000,414.3383940525245,96
2024-09-17 10:10:53.412000,414.4091630182588,1002
2024-09-17 10:10:53.424000,414.3471271241751,13
2024-09-17 10:10:53.569000,414.4260836283512,6
2024-09-17 10:10:53.581000,414.3181558678986,999
2024-09-17 10:10:53.583000,414.4131931566666,9
2024-09-17 10:10:53.594000,414.4124919178253,7
2024-09-17 10:10:53.690000,414.3322979152508,1002
2024-09-17 10:10:53.737000,414.3523902490908,9
2024-09-17 10:10:53.759000,414.35489344666496,1004
2024-09-17 10:10:53.765000,414.3397949704639,102
2024-09-17 10:10:53.766000,414.34330464616113,6
2024-09-17 10:10:53.771000,414.32098538255,101
2024-09-17 10:10:53.776000,414.32717683961374,102
2024-09-17 10:10:53.853000,414.3385581445302,103
2024-09-17 10:10:53.943000,414.4038736440567,999
2024-09-17 10:10:54.010000,414.5067304714368,996
2024-09-17 10:10:54.041000,414.4203092477628,11
2024-09-17 10:10:54.101000,414.45470559505145,99
2024-09-17 10:10:54.108000,414.47153010910057,999
2024-09-17 10:10:54.152000,414.4254705903185,10
2024-09-17 10:10:54.195000,414.4954969330425,1002
2024-09-17 10:10:54.199000,414.4423009662498,7
2024-09-17 10:10:54.266000,414.51499915023226,11
2024-09-17 10:10:54.286000,414.4919895104669,99
2024-09-17 10:10:54.308000,414.5189847869749,1004
2024-09-17 10:10:54.350000,414.4948981638918,98
2024-09-17 10:10:54.385000,414.46473476191534,1005
2024-09-17 10:10:54.580000,414.446131323774,999
2024-09-17 10:10:54.602000,414.4819047158852,1004
2024-09-17 10:10:54.613000,414.4823130706209,96
2024-09-17 10:10:54.614000,414.4421073948776,1005
2024-09-17 10:10:54.654000,414.5252431755048,15
2024-09-17 10:10:54.668000,414.5258145387071,105
2024-09-17 10:10:54.692000,414.5449906088193,10
2024-09-17 10:10:54.772000,414.4781621533546,96
2024-09-17 10:10:54.864000,414.434982370161,9
2024-09-17 10:10:54.938000,414.4598303157892,104
2024-09-17 10:10:54.987000,414.49398055470334,101
2024-09-17 10:10:55.339000,414.54806850008856,103
2024-09-17 10:10:55.380000,414.5581155310468,9
2024-09-17 10:10:55.404000,414.5739547393876,99
2024-09-17 10:10:55.427000,414.5587069468112,14
2024-09-17 10:10:55.496000,414.5824204023302,101
2024-09-17 10:10:55.540000,414.5535498654156,101
2024-09-17 10:10:55.547000,414.5719516501708,1000
2024-09-17 10:10:55.686000,414.55943984841264,11
2024-09-17 10:10:55.707000,414.53443869468896,14
2024-09-17 10:10:55.748000,414.558585847283,1004
2024-09-17 10:10:55.780000,414.5366136602213,1001
2024-09-17 10:10:55.953000,414.5243307122656,9
2024-09-17 10:10:56.031000,414.5809534434546,98
2024-09-17 10:10:56.037000,414.58047085150656,11
2024-09-17 10:10:56.131000,414.60345813181647,97
2024-09-17 10:10:56.197000,414.56790040490125,14
2024-09-17 10:10:56.212000,414.56290196609393,14
2024-09-17 10:10:56.246000,414.5788838886425,997
2024-09-17 10:10:56.263000,414.5727027153176,1002
2024-09-17 10:10:56.273000,414.5498555335422,12
2024-09-17 10:10:56.367000,414.5956768033792,1005
2024-09-17 10:10:56.374000,414.5756325063461,997
2024-09-17 10:10:56.520000,414.5745519123757,997
2024-09-17 10:10:56.607000,414.5779126206543,97
2024-09-17 10:10:56.608000,414.5841331192025,95
2024-09-17 10:10:56.654000,414.5989198666775,11
2024-09-17 10:10:56.750000,414.5722180603158,999
2024-09-17 10:10:56.790000,414.6001012331965,7
2024-09-17 10:10:56.813000,414.5821511590348,6
2024-09-17 10:10:56.871000,414.5961816780629,13
2024-09-17 10:10:56.873000,414.59600411834566,99
2024-09-17 10:10:56.940000,414.59002137506354,102
2024-09-17 10:10:56.968000,414.5905110524943,11
2024-09-17 10:10:57.104000,414.58388038459645,97
2024-09-17 10:10:57.185000,414.584465889182,105
2024-09-17 10:10:57.378000,414.5802446822347,9
2024-09-17 10:10:57.386000,414.5932093982508,98
2024-09-17 10:10:57.393000,414.5732603068411,1002
2024-09-17 10:10:57.585000,414.57684539812107,1003
2024-09-17 10:10:57.632000,414.6019942964463,997
2024-09-17 10:10:57.677000,414.6100137885202,96
2024-09-17 10:10:57.751000,414.6123296703363,995
2024-09-17 10:10:57.786000,414.591778674474,105
2024-09-17 10:10:57.812000,414.60499806779967,97
2024-09-17 10:10:57.868000,414.57638060020565,101
2024-09-17 10:10:57.874000,414.5909022416386,996
2024-09-17 10:10:57.960000,414.6075723290555,1000
2024-09-17 10:10:58.035000,414.57465533353513,997
2024-09-17 10:10:58.075000,414.5651424807954,998
2024-09-17 10:10:58.079000,414.5896656167981,7
2024-09-17 10:10:58.086000,414.5833003853525,5
2024-09-17 10:10:58.115000,414.5807891521554,97
2024-09-17 10:10:58.241000,414.558186008,1002
2024-09-17 10:10:58.261000,414.553245526579,12
2024-09-17 10:10:58.267000,414.5545570861,97
2024-09-17 10:10:58.330000,414.5552143727329,8
2024-09-17 10:10:58.408000,414.5544159574811,11
2024-09-17 10:10:58.426000,414.5787036539222,1005
2024-09-17 10:10:58.430000,414.5669593138418,105
2024-09-17 10:10:58.448000,414.5900667883368,7
2024-09-17 10:10:58.505000,414.5825607896018,13
2024-09-17 10:10:58.514000,414.5444398946554,101
2024-09-17 10:10:58.578000,414.5846101742281,10
2024-09-17 10:10:58.642000,414.5706086771492,1005
2024-09-17 10:10:58.672000,414.5716904157715,5
2024-09-17 10:10:58.673000,414.5535723914807,997
2024-09-17 10:10:58.731000,414.5728163886996,101
2024-09-17 10:10:58.773000,414.58873033924885,100
2024-09-17 10:10:58.774000,414.5813307651418,96
2024-09-17 10:10:58.785000,414.55417920910753,13
2024-09-17 10:10:58.795000,414.57416512631,98
2024-09-17 10:10:58.822000,414.56513965368384,96
2024-09-17 10:10:58.871000,414.5739961171442,998
2024-09-17 10:10:58.896000,414.5926480643533,102
2024-09-17 10:10:59.083000,414.58377088955046,7
2024-09-17 10:10:59.330000,414.57652121778847,11
2024-09-17 10:10:59.437000,414.6038207831405,104
2024-09-17 10:10:59.611000,414.5847119114055,1003
2024-09-17 10:10:59.734000,414.5923239329568,10
2024-09-17 10:10:59.856000,414.5730203768631,997
2024-09-17 10:10:59.997000,414.587509226064,11
