Timestamp,Price,Size
2024-09-16 14:11:00.029000,415.3544367386783,99
2024-09-16 14:11:00.083000,415.41139868128863,100
2024-09-16 14:11:00.287000,415.38527238476746,15
2024-09-16 14:11:00.371000,415.380967687939,99
2024-09-16 14:11:00.397000,415.3877400540873,9
2024-09-16 14:11:00.488000,415.4054051419111,1002
2024-09-16 14:11:00.508000,415.4103193065909,1005
2024-09-16 14:11:00.589000,415.4060788425126,97
2024-09-16 14:11:00.732000,415.39348157126,10
2024-09-16 14:11:00.927000,415.3955720531458,6
2024-09-16 14:11:00.944000,415.4035611696527,13
2024-09-16 14:11:01.028000,415.3713425787063,101
2024-09-16 14:11:01.087000,415.3602050158918,95
2024-09-16 14:11:01.186000,415.365380512202,998
2024-09-16 14:11:01.343000,415.3775443863912,9
2024-09-16 14:11:01.351000,415.3783782245082,99
2024-09-16 14:11:01.862000,415.3422890256402,102
2024-09-16 14:11:01.955000,415.3437213080687,103
2024-09-16 14:11:02.110000,415.3759667020255,105
2024-09-16 14:11:02.162000,415.3997228424405,96
2024-09-16 14:11:02.186000,415.35448115981393,101
2024-09-16 14:11:02.198000,415.374548832972,14
2024-09-16 14:11:02.240000,415.4090577569201,998
2024-09-16 14:11:02.280000,415.3597516456583,995
2024-09-16 14:11:02.312000,415.3745671149774,99
2024-09-16 14:11:02.361000,415.3906559221928,104
2024-09-16 14:11:02.389000,415.3576475688888,104
2024-09-16 14:11:02.450000,415.4133570308989,12
2024-09-16 14:11:02.531000,415.3961031615916,104
2024-09-16 14:11:02.628000,415.382532473243,998
2024-09-16 14:11:02.662000,415.379129852374,1002
2024-09-16 14:11:02.696000,415.38990314345983,101
2024-09-16 14:11:02.762000,415.3495701786984,15
2024-09-16 14:11:02.824000,415.3797653216064,95
2024-09-16 14:11:02.897000,415.40548579079217,97
2024-09-16 14:11:02.985000,415.3483824886616,11
2024-09-16 14:11:02.988000,415.3803545223743,995
2024-09-16 14:11:03.040000,415.3670865060941,1004
2024-09-16 14:11:03.045000,415.3887644002111,999
2024-09-16 14:11:03.100000,415.3889546336431,6
2024-09-16 14:11:03.131000,415.3981180088477,98
2024-09-16 14:11:03.426000,415.3718531880775,8
2024-09-16 14:11:03.451000,415.3686743092696,103
2024-09-16 14:11:03.561000,415.3673386743511,12
2024-09-16 14:11:03.605000,415.3651461060617,13
2024-09-16 14:11:03.742000,415.38130314252265,102
2024-09-16 14:11:03.940000,415.3855174719325,6
2024-09-16 14:11:03.957000,415.37089261943606,1003
2024-09-16 14:11:04.431000,415.38546285259656,14
2024-09-16 14:11:04.534000,415.3712499312769,1001
2024-09-16 14:11:05.263000,415.4072965711098,15
2024-09-16 14:11:05.270000,415.4837042063213,95
2024-09-16 14:11:05.333000,415.458114321186,9
2024-09-16 14:11:05.426000,415.43881115453377,998
2024-09-16 14:11:05.614000,415.4151121919804,1001
2024-09-16 14:11:05.652000,415.4329348191366,10
2024-09-16 14:11:05.751000,415.4323173125088,15
2024-09-16 14:11:05.770000,415.4717385365804,8
2024-09-16 14:11:05.806000,415.4570123922288,1003
2024-09-16 14:11:05.864000,415.37707229451775,101
2024-09-16 14:11:05.881000,415.4649425897966,13
2024-09-16 14:11:05.892000,415.39284464493016,105
2024-09-16 14:11:05.973000,415.4414840450436,13
2024-09-16 14:11:05.975000,415.39057356145065,995
2024-09-16 14:11:05.984000,415.40788956496334,11
2024-09-16 14:11:06.033000,415.4168224787968,996
2024-09-16 14:11:06.059000,415.43430086237015,97
2024-09-16 14:11:06.071000,415.3960479150614,97
2024-09-16 14:11:06.119000,415.4107430677844,103
2024-09-16 14:11:06.188000,415.48266666433454,11
2024-09-16 14:11:06.199000,415.4239737995045,7
2024-09-16 14:11:06.217000,415.4618090511278,1001
2024-09-16 14:11:06.228000,415.4272388662182,99
2024-09-16 14:11:06.250000,415.3966347716887,1000
2024-09-16 14:11:06.281000,415.41811791706857,7
2024-09-16 14:11:06.312000,415.385973731339,11
2024-09-16 14:11:06.330000,415.4699559445809,5
2024-09-16 14:11:06.364000,415.403067308944,14
2024-09-16 14:11:06.434000,415.3840830281014,9
2024-09-16 14:11:06.555000,415.4826981422499,1002
2024-09-16 14:11:06.566000,415.43282017572847,102
2024-09-16 14:11:06.596000,415.4287462558135,998
2024-09-16 14:11:06.607000,415.3925840156751,996
2024-09-16 14:11:06.607000,415.4372770096912,103
2024-09-16 14:11:06.616000,415.4230560049364,8
2024-09-16 14:11:06.619000,415.4103151475171,997
2024-09-16 14:11:06.640000,415.4604233525722,95
2024-09-16 14:11:06.732000,415.47626968031807,100
2024-09-16 14:11:06.827000,415.42796408244914,101
2024-09-16 14:11:06.828000,415.4739727847476,95
2024-09-16 14:11:06.837000,415.4734145548669,1001
2024-09-16 14:11:06.877000,415.4607381911142,14
2024-09-16 14:11:07.025000,415.3951696051341,11
2024-09-16 14:11:07.126000,415.4006426224021,101
2024-09-16 14:11:07.240000,415.3906181482573,1003
2024-09-16 14:11:07.293000,415.4080108053049,96
2024-09-16 14:11:07.673000,415.3844585850258,104
2024-09-16 14:11:07.735000,415.3836345717435,105
2024-09-16 14:11:07.928000,415.38531258119167,7
2024-09-16 14:11:07.938000,415.385449816348,1000
2024-09-16 14:11:08.026000,415.4024087844027,9
2024-09-16 14:11:08.420000,415.4076610040884,1003
2024-09-16 14:11:08.450000,415.40619681931554,14
2024-09-16 14:11:08.557000,415.41240313946906,998
2024-09-16 14:11:08.655000,415.4060389903383,1005
2024-09-16 14:11:08.713000,415.4127838799163,102
2024-09-16 14:11:08.860000,415.4150051117505,999
2024-09-16 14:11:08.912000,415.4060897989476,995
2024-09-16 14:11:08.926000,415.41118919768223,5
2024-09-16 14:11:09.053000,415.3838242597362,100
2024-09-16 14:11:09.062000,415.4170372631982,103
2024-09-16 14:11:09.076000,415.351415735033,9
2024-09-16 14:11:09.120000,415.37830541235,998
2024-09-16 14:11:09.134000,415.37347720125206,15
2024-09-16 14:11:09.149000,415.4152806891053,104
2024-09-16 14:11:09.358000,415.3726912037304,13
2024-09-16 14:11:09.369000,415.363082487382,1002
2024-09-16 14:11:09.392000,415.36845882468936,13
2024-09-16 14:11:09.430000,415.3998556356274,11
2024-09-16 14:11:09.607000,415.3616798218593,105
2024-09-16 14:11:09.635000,415.3507908220207,1003
2024-09-16 14:11:09.664000,415.40600007802095,1002
2024-09-16 14:11:09.741000,415.3744889119413,8
2024-09-16 14:11:09.743000,415.3901314887918,996
2024-09-16 14:11:09.754000,415.3651384194234,12
2024-09-16 14:11:09.759000,415.3752593659971,100
2024-09-16 14:11:09.877000,415.3537926619984,1000
2024-09-16 14:11:09.915000,415.3852577444581,103
2024-09-16 14:11:09.927000,415.3811089257658,995
2024-09-16 14:11:10.251000,415.4088802968709,995
2024-09-16 14:11:10.462000,415.39826108415,1005
2024-09-16 14:11:10.751000,415.3816667728147,102
2024-09-16 14:11:10.813000,415.4188931451786,1005
2024-09-16 14:11:10.864000,415.3845136728892,9
2024-09-16 14:11:11.069000,415.37499781072745,99
2024-09-16 14:11:11.133000,415.4043722318231,998
2024-09-16 14:11:11.153000,415.428586143852,100
2024-09-16 14:11:11.193000,415.4071333022363,95
2024-09-16 14:11:11.259000,415.4395260686343,1004
2024-09-16 14:11:11.372000,415.393505362609,9
2024-09-16 14:11:11.419000,415.4424793313262,99
2024-09-16 14:11:11.435000,415.4410851002584,98
2024-09-16 14:11:11.437000,415.4498159930161,15
2024-09-16 14:11:11.442000,415.4571054084439,103
2024-09-16 14:11:11.445000,415.4014718869253,1003
2024-09-16 14:11:11.649000,415.42494759646087,13
2024-09-16 14:11:11.655000,415.4479789407685,10
2024-09-16 14:11:11.719000,415.4272034984453,12
2024-09-16 14:11:11.741000,415.43894454476174,104
2024-09-16 14:11:11.809000,415.4242129352005,97
2024-09-16 14:11:11.810000,415.3906964300509,14
2024-09-16 14:11:11.838000,415.4489222426284,15
2024-09-16 14:11:11.842000,415.4115214609859,15
2024-09-16 14:11:11.850000,415.40546062504376,9
2024-09-16 14:11:11.925000,415.4294110223032,1001
2024-09-16 14:11:11.938000,415.4225793850935,7
2024-09-16 14:11:11.944000,415.4251068564546,996
2024-09-16 14:11:13.048000,415.4233714659784,100
2024-09-16 14:11:13.078000,415.42576114684175,98
2024-09-16 14:11:13.186000,415.4075584255099,101
2024-09-16 14:11:13.238000,415.3977733414988,11
2024-09-16 14:11:13.352000,415.3908325958567,1001
2024-09-16 14:11:13.410000,415.40397126574,1001
2024-09-16 14:11:13.506000,415.380000304822,1002
2024-09-16 14:11:13.556000,415.4305051648431,5
2024-09-16 14:11:13.625000,415.4146654400748,104
2024-09-16 14:11:13.640000,415.40373083824494,997
2024-09-16 14:11:13.647000,415.3868553676688,15
2024-09-16 14:11:13.663000,415.4159603599074,101
2024-09-16 14:11:13.668000,415.4337774379566,1003
2024-09-16 14:11:13.677000,415.4148632070627,11
2024-09-16 14:11:13.678000,415.39346899007904,6
2024-09-16 14:11:13.684000,415.4382399485535,103
2024-09-16 14:11:13.701000,415.40910524300926,996
2024-09-16 14:11:13.703000,415.4199440182841,100
2024-09-16 14:11:13.939000,415.403089224277,997
2024-09-16 14:11:13.962000,415.40628204126017,998
2024-09-16 14:11:13.981000,415.4110870829927,5
2024-09-16 14:11:14.083000,415.410212048638,104
2024-09-16 14:11:14.092000,415.379395071142,99
2024-09-16 14:11:14.246000,415.39763547421785,104
2024-09-16 14:11:14.304000,415.42052930913815,102
2024-09-16 14:11:14.386000,415.3658855760266,13
2024-09-16 14:11:14.543000,415.37180989783536,101
2024-09-16 14:11:14.692000,415.4164040753567,998
2024-09-16 14:11:14.933000,415.37619055055177,996
2024-09-16 14:11:14.968000,415.414903125196,103
2024-09-16 14:11:14.989000,415.3839950764514,14
2024-09-16 14:11:15.371000,415.4082123297681,15
2024-09-16 14:11:15.390000,415.4099231658813,13
2024-09-16 14:11:15.617000,415.4089633598995,1001
2024-09-16 14:11:15.918000,415.4025249536436,8
2024-09-16 14:11:16.245000,415.38298109255766,1002
2024-09-16 14:11:16.344000,415.37267158727326,15
2024-09-16 14:11:16.360000,415.3737749365237,15
2024-09-16 14:11:16.390000,415.4041140969119,95
2024-09-16 14:11:16.459000,415.402946523357,6
2024-09-16 14:11:16.471000,415.3970022998651,8
2024-09-16 14:11:16.472000,415.40830704061005,8
2024-09-16 14:11:16.543000,415.3712282626463,998
2024-09-16 14:11:16.629000,415.3826758840658,105
2024-09-16 14:11:16.683000,415.3610955790051,1002
2024-09-16 14:11:16.699000,415.3926038103498,102
2024-09-16 14:11:16.731000,415.3989111969001,15
2024-09-16 14:11:17.040000,415.3533458949283,13
2024-09-16 14:11:17.139000,415.3826960104136,11
2024-09-16 14:11:17.148000,415.3541382004455,1001
2024-09-16 14:11:17.153000,415.3564824197597,13
2024-09-16 14:11:17.221000,415.3526278547929,8
2024-09-16 14:11:17.234000,415.3941663277439,1004
2024-09-16 14:11:17.256000,415.3719566015162,1005
2024-09-16 14:11:17.258000,415.3453058018126,998
2024-09-16 14:11:17.317000,415.35584708214753,10
2024-09-16 14:11:17.387000,415.3543989118995,997
2024-09-16 14:11:17.399000,415.3825436031425,1001
2024-09-16 14:11:17.407000,415.36736843314657,8
2024-09-16 14:11:17.427000,415.3703032419433,997
2024-09-16 14:11:17.555000,415.3976611422605,13
2024-09-16 14:11:17.580000,415.3600360203332,105
2024-09-16 14:11:17.648000,415.35717182455903,998
2024-09-16 14:11:17.667000,415.3819579432415,997
2024-09-16 14:11:17.698000,415.3779319574074,95
2024-09-16 14:11:17.726000,415.3666455401633,97
2024-09-16 14:11:17.766000,415.3841086344671,7
2024-09-16 14:11:17.770000,415.38705662562097,102
2024-09-16 14:11:17.777000,415.3643968446966,999
2024-09-16 14:11:17.896000,415.38061591357246,8
2024-09-16 14:11:17.896000,415.39259824902297,1001
2024-09-16 14:11:17.914000,415.3646504432852,101
2024-09-16 14:11:18.034000,415.4194201663052,1004
2024-09-16 14:11:18.041000,415.3667914494175,99
2024-09-16 14:11:18.077000,415.3854366037292,1002
2024-09-16 14:11:18.113000,415.3715004317943,12
2024-09-16 14:11:18.121000,415.4185614759718,100
2024-09-16 14:11:18.314000,415.3898385274449,103
2024-09-16 14:11:18.378000,415.4200654126537,995
2024-09-16 14:11:18.513000,415.3775676472416,1000
2024-09-16 14:11:18.592000,415.4129010125882,100
2024-09-16 14:11:18.727000,415.4024950220714,13
2024-09-16 14:11:18.766000,415.3923275313916,7
2024-09-16 14:11:18.843000,415.3903915277538,995
2024-09-16 14:11:19.003000,415.4170914494086,6
2024-09-16 14:11:19.027000,415.40214913693495,995
2024-09-16 14:11:19.047000,415.37872680762223,99
2024-09-16 14:11:19.099000,415.3748694205677,7
2024-09-16 14:11:19.125000,415.4177473427733,999
2024-09-16 14:11:19.193000,415.3849644858767,11
2024-09-16 14:11:19.233000,415.4072300467512,99
2024-09-16 14:11:19.264000,415.396910271054,97
2024-09-16 14:11:19.326000,415.4305962448655,7
2024-09-16 14:11:19.328000,415.4165529317138,8
2024-09-16 14:11:19.358000,415.41631911562894,11
2024-09-16 14:11:19.456000,415.4124386292593,6
2024-09-16 14:11:19.569000,415.4057084531271,105
2024-09-16 14:11:19.575000,415.4137795119955,99
2024-09-16 14:11:19.599000,415.413660759919,15
2024-09-16 14:11:19.628000,415.3709346118795,996
2024-09-16 14:11:19.693000,415.4198648943864,104
2024-09-16 14:11:19.837000,415.4106465778814,998
2024-09-16 14:11:19.899000,415.4075301014781,995
2024-09-16 14:11:19.903000,415.3748642620444,95
2024-09-16 14:11:19.989000,415.4144965529997,999
2024-09-16 14:11:20,415.4028398056088,7
2024-09-16 14:11:20.009000,415.4135917629654,1002
2024-09-16 14:11:20.066000,415.4395012097727,995
2024-09-16 14:11:20.160000,415.3749578095085,98
2024-09-16 14:11:20.227000,415.3869440305712,995
2024-09-16 14:11:20.237000,415.41406352781553,996
2024-09-16 14:11:20.238000,415.4153659797466,1005
2024-09-16 14:11:20.240000,415.38467184545567,105
2024-09-16 14:11:20.251000,415.406577975878,998
2024-09-16 14:11:20.370000,415.4019157802768,5
2024-09-16 14:11:20.490000,415.3835510272071,98
2024-09-16 14:11:20.508000,415.4245026817805,12
2024-09-16 14:11:20.595000,415.39301379272354,6
2024-09-16 14:11:20.606000,415.4153087476379,996
2024-09-16 14:11:20.620000,415.41675555812,99
2024-09-16 14:11:20.638000,415.4302352802701,96
2024-09-16 14:11:20.679000,415.3856016464642,9
2024-09-16 14:11:20.742000,415.411749953488,15
2024-09-16 14:11:20.765000,415.4173181121608,104
2024-09-16 14:11:20.814000,415.4222379956185,12
2024-09-16 14:11:20.840000,415.4093963849178,1001
2024-09-16 14:11:20.843000,415.4092618661066,102
2024-09-16 14:11:20.846000,415.380991101653,7
2024-09-16 14:11:20.856000,415.3715670719287,998
2024-09-16 14:11:20.880000,415.41619199285856,1001
2024-09-16 14:11:20.899000,415.3730239939952,103
2024-09-16 14:11:20.942000,415.3746784343507,96
2024-09-16 14:11:20.952000,415.41950702943046,1001
2024-09-16 14:11:20.987000,415.41007227459227,1004
2024-09-16 14:11:21.091000,415.3843462015784,1001
2024-09-16 14:11:21.148000,415.3808537323463,996
2024-09-16 14:11:21.165000,415.4047771473468,103
2024-09-16 14:11:21.389000,415.37472525081984,14
2024-09-16 14:11:21.666000,415.3810021410218,9
2024-09-16 14:11:21.677000,415.3521645686448,1002
2024-09-16 14:11:21.712000,415.3816069100522,5
2024-09-16 14:11:21.757000,415.3841611264444,12
2024-09-16 14:11:21.888000,415.3518682642434,97
2024-09-16 14:11:21.966000,415.3890901819025,13
2024-09-16 14:11:22.023000,415.36601526939006,1001
2024-09-16 14:11:22.271000,415.3461429764445,101
2024-09-16 14:11:22.494000,415.3535479306113,12
2024-09-16 14:11:22.569000,415.3532463009316,14
2024-09-16 14:11:22.752000,415.37201260897945,999
2024-09-16 14:11:22.796000,415.35542841461137,95
2024-09-16 14:11:22.992000,415.377026703653,95
2024-09-16 14:11:23.367000,415.3484075498345,999
2024-09-16 14:11:23.806000,415.3276953476413,104
2024-09-16 14:11:23.857000,415.3467437934124,13
2024-09-16 14:11:23.891000,415.3627953307686,10
2024-09-16 14:11:24.302000,415.33204653540855,105
2024-09-16 14:11:25.049000,415.3509163024596,7
2024-09-16 14:11:25.163000,415.3564548975402,98
2024-09-16 14:11:25.183000,415.3622879513998,1001
2024-09-16 14:11:25.282000,415.3708247370315,10
2024-09-16 14:11:25.449000,415.329657226494,1002
2024-09-16 14:11:25.494000,415.36944090221306,101
2024-09-16 14:11:25.543000,415.342131912394,997
2024-09-16 14:11:25.650000,415.3596542029904,9
2024-09-16 14:11:25.737000,415.3572820795852,6
2024-09-16 14:11:25.755000,415.36434156900975,1000
2024-09-16 14:11:25.818000,415.3301071026761,13
2024-09-16 14:11:26.013000,415.3111211754985,996
2024-09-16 14:11:26.023000,415.3627120754231,995
2024-09-16 14:11:26.047000,415.3476532215099,103
2024-09-16 14:11:26.064000,415.3155001409062,10
2024-09-16 14:11:26.132000,415.3321553941151,15
2024-09-16 14:11:26.214000,415.3329309174177,15
2024-09-16 14:11:26.214000,415.3389252892487,14
2024-09-16 14:11:26.241000,415.34626011782393,1000
2024-09-16 14:11:26.247000,415.3456814262781,1001
2024-09-16 14:11:26.259000,415.3301399718774,995
2024-09-16 14:11:26.329000,415.3262622342232,15
2024-09-16 14:11:26.329000,415.3275047777786,1000
2024-09-16 14:11:26.345000,415.29000994167694,6
2024-09-16 14:11:26.361000,415.33952842667486,11
2024-09-16 14:11:26.371000,415.3583648856246,1002
2024-09-16 14:11:26.521000,415.341242079386,1002
2024-09-16 14:11:26.561000,415.3197817432346,15
2024-09-16 14:11:26.596000,415.3602258034885,100
2024-09-16 14:11:26.649000,415.33703954979205,1005
2024-09-16 14:11:26.665000,415.3399549991264,998
2024-09-16 14:11:26.670000,415.3166683279407,102
2024-09-16 14:11:26.699000,415.3176690833732,999
2024-09-16 14:11:26.701000,415.3430926844488,98
2024-09-16 14:11:26.708000,415.3074480589486,11
2024-09-16 14:11:26.769000,415.2981907041847,5
2024-09-16 14:11:26.883000,415.3289133086709,995
2024-09-16 14:11:26.923000,415.30594640390586,997
2024-09-16 14:11:27.243000,415.28299229170426,104
2024-09-16 14:11:28.010000,415.3001483611865,1001
2024-09-16 14:11:28.045000,415.2768160825808,6
2024-09-16 14:11:28.047000,415.27291488558535,1003
2024-09-16 14:11:28.063000,415.268389574113,98
2024-09-16 14:11:28.096000,415.2695811007903,999
2024-09-16 14:11:28.113000,415.29550146361794,1005
2024-09-16 14:11:28.190000,415.2913357804166,1003
2024-09-16 14:11:28.238000,415.29068540126366,995
2024-09-16 14:11:28.344000,415.3040351389389,1005
2024-09-16 14:11:28.378000,415.299128402402,9
2024-09-16 14:11:28.391000,415.2621602070705,99
2024-09-16 14:11:28.418000,415.2766900675479,10
2024-09-16 14:11:28.451000,415.2830982925723,101
2024-09-16 14:11:28.530000,415.28902349444405,101
2024-09-16 14:11:28.599000,415.27345416206646,12
2024-09-16 14:11:28.643000,415.3158821543212,96
2024-09-16 14:11:28.676000,415.2815134398292,1001
2024-09-16 14:11:28.699000,415.3045757418588,1004
2024-09-16 14:11:28.712000,415.30451601225707,101
2024-09-16 14:11:28.762000,415.27693780457497,12
2024-09-16 14:11:28.857000,415.2621370879267,998
2024-09-16 14:11:28.864000,415.2909275942289,5
2024-09-16 14:11:28.877000,415.2649886902185,1000
2024-09-16 14:11:28.884000,415.2732448644953,9
2024-09-16 14:11:28.976000,415.2675070021375,97
2024-09-16 14:11:29.129000,415.1813383741261,997
2024-09-16 14:11:29.145000,415.278026087116,1005
2024-09-16 14:11:29.210000,415.2756310037846,12
2024-09-16 14:11:29.234000,415.17834075794417,1003
2024-09-16 14:11:29.561000,415.2778036316335,5
2024-09-16 14:11:29.658000,415.2046188439471,105
2024-09-16 14:11:29.710000,415.2196629702079,1002
2024-09-16 14:11:29.840000,415.2548676372308,1002
2024-09-16 14:11:29.877000,415.1785475322511,104
2024-09-16 14:11:29.896000,415.22627988820847,104
2024-09-16 14:11:29.931000,415.2800740579363,5
2024-09-16 14:11:29.936000,415.22513102281954,996
2024-09-16 14:11:30.030000,415.2519495674287,1001
2024-09-16 14:11:30.110000,415.1988289923629,11
2024-09-16 14:11:30.114000,415.20468599491176,101
2024-09-16 14:11:30.128000,415.2056725523512,102
2024-09-16 14:11:30.218000,415.2004492792769,1000
2024-09-16 14:11:30.249000,415.18353149168126,9
2024-09-16 14:11:30.258000,415.200342147532,1001
2024-09-16 14:11:30.317000,415.1951389237989,1005
2024-09-16 14:11:30.337000,415.2150535726017,1000
2024-09-16 14:11:30.370000,415.2093912836258,96
2024-09-16 14:11:30.372000,415.1986827834824,1002
2024-09-16 14:11:30.400000,415.3206548369951,1001
2024-09-16 14:11:30.502000,415.1909691015766,14
2024-09-16 14:11:30.515000,415.2040596655959,13
2024-09-16 14:11:30.521000,415.3026152593141,96
2024-09-16 14:11:30.859000,415.3174626039695,99
2024-09-16 14:11:30.885000,415.2097958869773,13
2024-09-16 14:11:30.914000,415.26436048852776,103
2024-09-16 14:11:30.958000,415.18608559310576,1005
2024-09-16 14:11:30.972000,415.2136378773114,102
2024-09-16 14:11:31.050000,415.31062551073336,14
2024-09-16 14:11:31.831000,415.3154446665091,98
2024-09-16 14:11:32.067000,415.3362031828246,1004
2024-09-16 14:11:32.339000,415.3452065788839,10
2024-09-16 14:11:32.395000,415.327815940728,998
2024-09-16 14:11:32.521000,415.31753537861846,95
2024-09-16 14:11:32.636000,415.31867543495525,1000
2024-09-16 14:11:32.774000,415.3106667668627,102
2024-09-16 14:11:32.798000,415.315629673212,99
2024-09-16 14:11:32.830000,415.33451968298266,8
2024-09-16 14:11:32.902000,415.32600035214017,999
2024-09-16 14:11:33.232000,415.2780952530132,999
2024-09-16 14:11:33.253000,415.2796806946919,95
2024-09-16 14:11:33.339000,415.30536363807767,8
2024-09-16 14:11:33.346000,415.3222608465507,7
2024-09-16 14:11:33.357000,415.3007099041214,103
2024-09-16 14:11:33.448000,415.28368032330127,96
2024-09-16 14:11:33.471000,415.31563374115655,103
2024-09-16 14:11:33.475000,415.2929778573248,1004
2024-09-16 14:11:33.511000,415.2723773285912,95
2024-09-16 14:11:33.543000,415.285282114166,99
2024-09-16 14:11:33.554000,415.3121233390247,995
2024-09-16 14:11:33.673000,415.3002222081601,102
2024-09-16 14:11:33.808000,415.3007270692702,12
2024-09-16 14:11:33.888000,415.2626146866759,998
2024-09-16 14:11:33.901000,415.3189047563542,98
2024-09-16 14:11:33.925000,415.2761471491327,1005
2024-09-16 14:11:33.981000,415.2834686296527,103
2024-09-16 14:11:33.989000,415.30984494911775,1004
2024-09-16 14:11:34.213000,415.2657394699057,999
2024-09-16 14:11:34.267000,415.2665848253965,1004
2024-09-16 14:11:34.356000,415.2486273546467,1002
2024-09-16 14:11:34.446000,415.27475268572624,96
2024-09-16 14:11:34.645000,415.2727241720028,15
2024-09-16 14:11:34.945000,415.2752506896549,104
2024-09-16 14:11:34.968000,415.2600020711844,1004
2024-09-16 14:11:35.171000,415.2539760458372,14
2024-09-16 14:11:35.204000,415.2614286342673,97
2024-09-16 14:11:35.502000,415.2658691255163,1003
2024-09-16 14:11:35.757000,415.2490496886784,996
2024-09-16 14:11:35.759000,415.27711530532366,5
2024-09-16 14:11:35.806000,415.2803891937178,1001
2024-09-16 14:11:37.011000,415.2716241319684,103
2024-09-16 14:11:37.113000,415.24281891755743,1001
2024-09-16 14:11:37.175000,415.2611565615603,999
2024-09-16 14:11:37.187000,415.23840599032576,999
2024-09-16 14:11:37.246000,415.25968458228186,1001
2024-09-16 14:11:37.329000,415.23269982135537,8
2024-09-16 14:11:37.551000,415.2644609574588,105
2024-09-16 14:11:37.557000,415.2639488842064,1001
2024-09-16 14:11:37.686000,415.26858384759146,100
2024-09-16 14:11:37.843000,415.2376575699492,999
2024-09-16 14:11:37.992000,415.2390779255445,1002
2024-09-16 14:11:38.010000,415.2422617549724,1003
2024-09-16 14:11:38.175000,415.27140322648586,97
2024-09-16 14:11:38.200000,415.2201150340605,10
2024-09-16 14:11:38.219000,415.24672806733673,101
2024-09-16 14:11:38.302000,415.198633538481,14
2024-09-16 14:11:38.304000,415.2916616188447,5
2024-09-16 14:11:38.317000,415.26047475018817,1003
2024-09-16 14:11:38.317000,415.24753520024,8
2024-09-16 14:11:38.408000,415.2472644384897,8
2024-09-16 14:11:38.411000,415.2768695887449,96
2024-09-16 14:11:38.414000,415.2677282120577,1003
2024-09-16 14:11:38.419000,415.2701179151443,98
2024-09-16 14:11:38.429000,415.2647185344114,13
2024-09-16 14:11:38.462000,415.2350684987204,105
2024-09-16 14:11:38.524000,415.2744527866872,14
2024-09-16 14:11:38.561000,415.2360868840682,1001
2024-09-16 14:11:38.579000,415.26619666055456,996
2024-09-16 14:11:38.584000,415.251708549335,13
2024-09-16 14:11:38.585000,415.2576912202314,11
2024-09-16 14:11:38.621000,415.27001403633926,1001
2024-09-16 14:11:38.662000,415.24945556738953,96
2024-09-16 14:11:38.667000,415.2326271243608,98
2024-09-16 14:11:38.711000,415.27402249162463,103
2024-09-16 14:11:38.879000,415.2328886146636,999
2024-09-16 14:11:38.890000,415.27713565627073,999
2024-09-16 14:11:38.964000,415.23553553531326,102
2024-09-16 14:11:38.967000,415.2156589758186,15
2024-09-16 14:11:39.023000,415.12520539662455,95
2024-09-16 14:11:39.043000,415.1253372867889,999
2024-09-16 14:11:39.094000,415.17181252309496,15
2024-09-16 14:11:39.123000,415.12395366137616,15
2024-09-16 14:11:39.159000,415.1490924700382,996
2024-09-16 14:11:39.196000,415.1179545072589,13
2024-09-16 14:11:39.245000,415.2459888448619,98
2024-09-16 14:11:39.255000,415.1802254479595,1000
2024-09-16 14:11:39.281000,415.1539751328551,96
2024-09-16 14:11:39.294000,415.22891975213565,96
2024-09-16 14:11:39.300000,415.17529026554126,1001
2024-09-16 14:11:39.405000,415.1950625067762,96
2024-09-16 14:11:39.406000,415.1170123129517,13
2024-09-16 14:11:39.437000,415.22623167777647,6
2024-09-16 14:11:39.560000,415.12630437351896,14
2024-09-16 14:11:39.562000,415.1521172769818,103
2024-09-16 14:11:39.562000,415.1458307157386,7
2024-09-16 14:11:39.589000,415.1979430194848,97
2024-09-16 14:11:39.615000,415.2544986730079,15
2024-09-16 14:11:39.624000,415.2399769135174,998
2024-09-16 14:11:39.668000,415.18905017663405,9
2024-09-16 14:11:39.678000,415.1461737931169,100
2024-09-16 14:11:39.722000,415.1750352079751,97
2024-09-16 14:11:39.755000,415.1973480088312,104
2024-09-16 14:11:39.789000,415.2464542529837,999
2024-09-16 14:11:39.799000,415.2459363230431,997
2024-09-16 14:11:40.179000,415.1832559098551,9
2024-09-16 14:11:40.208000,415.1849221325045,105
2024-09-16 14:11:40.322000,415.18747357821854,101
2024-09-16 14:11:40.556000,415.1804352191703,6
2024-09-16 14:11:41.103000,415.1670272233514,1002
2024-09-16 14:11:41.135000,415.154496141032,8
2024-09-16 14:11:41.176000,415.1443685960023,998
2024-09-16 14:11:41.266000,415.1696559323081,105
2024-09-16 14:11:41.370000,415.17750000046897,999
2024-09-16 14:11:41.386000,415.16494550152026,15
2024-09-16 14:11:41.420000,415.1253485141504,1001
2024-09-16 14:11:41.599000,415.1999596826848,1001
2024-09-16 14:11:41.689000,415.1507079630925,98
2024-09-16 14:11:41.691000,415.1689948589802,1001
2024-09-16 14:11:41.741000,415.1868788656279,103
2024-09-16 14:11:41.802000,415.1585473217836,97
2024-09-16 14:11:41.830000,415.1381318662495,105
2024-09-16 14:11:41.941000,415.1401221238576,15
2024-09-16 14:11:42.043000,415.1374516107617,104
2024-09-16 14:11:42.043000,415.1279733663205,995
2024-09-16 14:11:42.091000,415.1362284121404,104
2024-09-16 14:11:42.170000,415.1343959314272,98
2024-09-16 14:11:42.202000,415.1386141886175,103
2024-09-16 14:11:42.208000,415.13459285425927,99
2024-09-16 14:11:42.256000,415.1230283658098,995
2024-09-16 14:11:42.310000,415.1275155450007,1001
2024-09-16 14:11:42.370000,415.137036454093,95
2024-09-16 14:11:42.375000,415.117923001442,7
2024-09-16 14:11:42.415000,415.1192054753604,11
2024-09-16 14:11:42.516000,415.12367467316415,98
2024-09-16 14:11:42.568000,415.11068174890113,9
2024-09-16 14:11:42.655000,415.133832109656,103
2024-09-16 14:11:42.666000,415.122660189429,15
2024-09-16 14:11:42.722000,415.1290155679302,13
2024-09-16 14:11:42.804000,415.1098183986316,105
2024-09-16 14:11:42.806000,415.1451307880593,13
2024-09-16 14:11:42.855000,415.1132144995005,5
2024-09-16 14:11:42.873000,415.1369210708873,97
2024-09-16 14:11:42.884000,415.15155102452377,1001
2024-09-16 14:11:42.901000,415.1384191527524,6
2024-09-16 14:11:42.907000,415.1347432449486,1001
2024-09-16 14:11:42.948000,415.1184369301333,995
2024-09-16 14:11:43.316000,415.15335034617055,7
2024-09-16 14:11:43.553000,415.137713984825,13
2024-09-16 14:11:43.995000,415.15876933405247,1004
2024-09-16 14:11:44.055000,415.1707119637431,997
2024-09-16 14:11:44.080000,415.1640522957058,6
2024-09-16 14:11:44.082000,415.2219173361197,8
2024-09-16 14:11:44.159000,415.231402005489,996
2024-09-16 14:11:44.163000,415.2419520059599,103
2024-09-16 14:11:44.211000,415.2291970462361,98
2024-09-16 14:11:44.407000,415.2401798278081,998
2024-09-16 14:11:44.518000,415.2210194067928,1000
2024-09-16 14:11:44.568000,415.2194299049973,9
2024-09-16 14:11:44.718000,415.2080806270184,996
2024-09-16 14:11:44.772000,415.1648824699965,15
2024-09-16 14:11:44.896000,415.20269066963056,105
2024-09-16 14:11:44.910000,415.228747490294,102
2024-09-16 14:11:44.931000,415.2017297661386,13
2024-09-16 14:11:44.967000,415.223541960807,7
2024-09-16 14:11:44.967000,415.18897482252726,105
2024-09-16 14:11:45.024000,415.223650504582,104
2024-09-16 14:11:45.038000,415.200162589264,100
2024-09-16 14:11:45.044000,415.2151812177408,1001
2024-09-16 14:11:45.054000,415.1710826622571,96
2024-09-16 14:11:45.073000,415.23838503335895,996
2024-09-16 14:11:45.075000,415.2370072768655,104
2024-09-16 14:11:45.093000,415.18944859923545,1003
2024-09-16 14:11:45.155000,415.1849543054472,8
2024-09-16 14:11:45.265000,415.23067492052695,9
2024-09-16 14:11:45.433000,415.1752513928701,8
2024-09-16 14:11:45.435000,415.1956531942224,102
2024-09-16 14:11:45.449000,415.2331685070619,103
2024-09-16 14:11:45.542000,415.2142670830487,98
2024-09-16 14:11:45.572000,415.21854755831816,7
2024-09-16 14:11:45.613000,415.2391157485507,6
2024-09-16 14:11:45.651000,415.24398778366896,7
2024-09-16 14:11:45.660000,415.2280926572764,11
2024-09-16 14:11:45.699000,415.2089385850461,10
2024-09-16 14:11:45.874000,415.1854399165887,97
2024-09-16 14:11:45.942000,415.2231912493189,98
2024-09-16 14:11:45.955000,415.24059914306855,104
2024-09-16 14:11:46.022000,415.2477708470717,6
2024-09-16 14:11:46.043000,415.2303268201903,12
2024-09-16 14:11:46.072000,415.2342966710015,11
2024-09-16 14:11:46.081000,415.2393110747274,15
2024-09-16 14:11:46.103000,415.2157823885859,99
2024-09-16 14:11:46.158000,415.212389578789,11
2024-09-16 14:11:46.231000,415.23175044574856,1003
2024-09-16 14:11:46.313000,415.22668834807706,102
2024-09-16 14:11:46.322000,415.1944792763656,103
2024-09-16 14:11:46.346000,415.2351216888029,1003
2024-09-16 14:11:46.375000,415.2031061497783,8
2024-09-16 14:11:46.432000,415.22290042212217,14
2024-09-16 14:11:46.456000,415.2482331300138,10
2024-09-16 14:11:46.588000,415.25228944262494,5
2024-09-16 14:11:46.664000,415.1932193377734,1001
2024-09-16 14:11:46.895000,415.2538202523101,1004
2024-09-16 14:11:46.896000,415.26324596860326,997
2024-09-16 14:11:46.900000,415.20951192168144,102
2024-09-16 14:11:46.913000,415.2157224860875,996
2024-09-16 14:11:46.981000,415.2252374409858,101
2024-09-16 14:11:47.469000,415.2013514962726,100
2024-09-16 14:11:48.056000,415.2981393137181,14
2024-09-16 14:11:48.068000,415.2677021777367,98
2024-09-16 14:11:48.088000,415.2456030700992,11
2024-09-16 14:11:48.128000,415.3124130818167,1001
2024-09-16 14:11:48.145000,415.2775816616764,99
2024-09-16 14:11:48.205000,415.2530326826926,1001
2024-09-16 14:11:48.271000,415.23500489951846,99
2024-09-16 14:11:48.290000,415.27662968657046,99
2024-09-16 14:11:48.300000,415.27663999405297,102
2024-09-16 14:11:48.320000,415.2812263449111,1000
2024-09-16 14:11:48.343000,415.3160080077624,1000
2024-09-16 14:11:48.346000,415.3019637911031,1001
2024-09-16 14:11:48.361000,415.28822691251753,997
2024-09-16 14:11:48.463000,415.2956232885508,997
2024-09-16 14:11:48.490000,415.28648993344393,5
2024-09-16 14:11:48.498000,415.21043577252095,96
2024-09-16 14:11:48.506000,415.3005414643956,1000
2024-09-16 14:11:48.552000,415.30653267110176,997
2024-09-16 14:11:48.553000,415.2970867800642,8
2024-09-16 14:11:48.569000,415.2121141757384,12
2024-09-16 14:11:48.595000,415.2066003799473,98
2024-09-16 14:11:48.638000,415.2949011794546,104
2024-09-16 14:11:48.657000,415.315680812345,1000
2024-09-16 14:11:48.669000,415.3158519950496,999
2024-09-16 14:11:48.817000,415.2128171438321,9
2024-09-16 14:11:48.829000,415.3094726614329,999
2024-09-16 14:11:48.851000,415.1973639109611,999
2024-09-16 14:11:48.863000,415.31770186863525,10
2024-09-16 14:11:48.872000,415.3147823710394,1003
2024-09-16 14:11:48.899000,415.2918745718497,1000
2024-09-16 14:11:49.043000,415.34264131339296,1004
2024-09-16 14:11:49.175000,415.3160460702288,103
2024-09-16 14:11:49.282000,415.3421578734086,8
2024-09-16 14:11:49.376000,415.36754153391246,7
2024-09-16 14:11:49.612000,415.3770759772425,97
2024-09-16 14:11:49.620000,415.4019384065679,102
2024-09-16 14:11:49.664000,415.3168588053696,7
2024-09-16 14:11:49.842000,415.3251858383516,104
2024-09-16 14:11:49.951000,415.3426757861096,14
2024-09-16 14:11:49.993000,415.3292454990627,1001
2024-09-16 14:11:51.014000,415.4560399076258,103
2024-09-16 14:11:51.038000,415.4536022604024,10
2024-09-16 14:11:51.052000,415.4644056256614,1000
2024-09-16 14:11:51.065000,415.4946629281643,1005
2024-09-16 14:11:51.136000,415.45126934722055,8
2024-09-16 14:11:51.207000,415.48199383040026,104
2024-09-16 14:11:51.234000,415.4783751950222,997
2024-09-16 14:11:51.309000,415.42623679633385,11
2024-09-16 14:11:51.406000,415.5029409555944,7
2024-09-16 14:11:51.413000,415.4298500533912,6
2024-09-16 14:11:51.448000,415.4979566204,1005
2024-09-16 14:11:51.494000,415.4408650565825,6
2024-09-16 14:11:51.503000,415.4331503384295,95
2024-09-16 14:11:51.534000,415.4682284673253,14
2024-09-16 14:11:51.546000,415.4945511305054,997
2024-09-16 14:11:51.584000,415.4559132263077,1000
2024-09-16 14:11:51.592000,415.4401595282169,7
2024-09-16 14:11:51.620000,415.4069457472612,9
2024-09-16 14:11:51.719000,415.46466107866513,1001
2024-09-16 14:11:51.739000,415.4394710155381,104
2024-09-16 14:11:51.779000,415.4681454869955,105
2024-09-16 14:11:51.805000,415.4274273060082,998
2024-09-16 14:11:51.858000,415.4512278553519,8
2024-09-16 14:11:51.872000,415.4390207176489,11
2024-09-16 14:11:51.873000,415.4797823860303,6
2024-09-16 14:11:51.935000,415.4524343965912,100
2024-09-16 14:11:51.961000,415.445820479639,1003
2024-09-16 14:11:51.973000,415.45600277920414,99
2024-09-16 14:11:51.980000,415.446227072247,1001
2024-09-16 14:11:52.052000,415.4787701027388,11
2024-09-16 14:11:52.086000,415.4871970773111,9
2024-09-16 14:11:52.435000,415.4907273235999,999
2024-09-16 14:11:52.508000,415.48412592907823,99
2024-09-16 14:11:52.682000,415.498595781817,5
2024-09-16 14:11:52.796000,415.48413059898274,97
2024-09-16 14:11:52.829000,415.4946954552736,104
2024-09-16 14:11:52.834000,415.51138306083845,5
2024-09-16 14:11:52.837000,415.468505125762,6
2024-09-16 14:11:52.857000,415.4819468207173,8
2024-09-16 14:11:52.864000,415.4825665604809,8
2024-09-16 14:11:53.010000,415.4626889467496,99
2024-09-16 14:11:53.112000,415.4898592735029,12
2024-09-16 14:11:53.207000,415.4627852728247,104
2024-09-16 14:11:53.300000,415.4457326807343,14
2024-09-16 14:11:53.323000,415.47705874952,997
2024-09-16 14:11:53.534000,415.445246823853,1003
2024-09-16 14:11:53.647000,415.4450677770958,99
2024-09-16 14:11:53.664000,415.4544019434965,1004
2024-09-16 14:11:53.774000,415.46256064733166,1005
2024-09-16 14:11:53.895000,415.4571327727339,1003
2024-09-16 14:11:53.917000,415.4704968863152,5
2024-09-16 14:11:54.273000,415.4642553031314,8
2024-09-16 14:11:54.327000,415.44622509646473,997
2024-09-16 14:11:54.542000,415.4650257162499,1003
2024-09-16 14:11:54.625000,415.4501750650023,998
2024-09-16 14:11:54.692000,415.4738500925159,996
2024-09-16 14:11:54.712000,415.4647282614471,1005
2024-09-16 14:11:54.750000,415.4707730291605,100
2024-09-16 14:11:54.769000,415.43488555650686,105
2024-09-16 14:11:54.848000,415.4729066170577,103
2024-09-16 14:11:54.906000,415.4528474954858,999
2024-09-16 14:11:54.951000,415.43603499866657,8
2024-09-16 14:11:55.007000,415.4730035360522,14
2024-09-16 14:11:55.043000,415.4553045264581,1001
2024-09-16 14:11:55.085000,415.46110821964544,13
2024-09-16 14:11:55.145000,415.4707512688064,8
2024-09-16 14:11:55.172000,415.48046036257233,5
2024-09-16 14:11:55.176000,415.4500813071837,1003
2024-09-16 14:11:55.216000,415.4533296777658,104
2024-09-16 14:11:55.249000,415.442147383596,999
2024-09-16 14:11:55.278000,415.4537636040157,11
2024-09-16 14:11:55.316000,415.4383897602919,1004
2024-09-16 14:11:55.359000,415.4590147895337,101
2024-09-16 14:11:55.517000,415.46852405565335,99
2024-09-16 14:11:55.540000,415.45678342088826,105
2024-09-16 14:11:55.601000,415.4660855368583,9
2024-09-16 14:11:55.703000,415.4594396867932,100
2024-09-16 14:11:55.851000,415.4721391205934,100
2024-09-16 14:11:55.924000,415.4585880786067,10
2024-09-16 14:11:55.925000,415.4372382677898,10
2024-09-16 14:11:56.036000,415.4517469315854,1004
2024-09-16 14:11:56.053000,415.4593038426855,14
2024-09-16 14:11:56.117000,415.4043078514047,100
2024-09-16 14:11:56.131000,415.4208760358104,5
2024-09-16 14:11:56.163000,415.4322614332083,13
2024-09-16 14:11:56.262000,415.4160813709596,101
2024-09-16 14:11:56.277000,415.4498930433609,14
2024-09-16 14:11:56.281000,415.4110113034848,1002
2024-09-16 14:11:56.347000,415.47789526285055,95
2024-09-16 14:11:56.417000,415.449003376185,995
2024-09-16 14:11:56.503000,415.4561324438169,13
2024-09-16 14:11:56.554000,415.4711253091746,104
2024-09-16 14:11:56.555000,415.4598666326953,1004
2024-09-16 14:11:56.622000,415.46647076122287,101
2024-09-16 14:11:56.715000,415.3932319635003,998
2024-09-16 14:11:56.719000,415.4630758701931,102
2024-09-16 14:11:56.778000,415.4726968605344,1003
2024-09-16 14:11:56.783000,415.440193842419,1004
2024-09-16 14:11:56.813000,415.4582596928217,14
2024-09-16 14:11:56.879000,415.430891570531,96
2024-09-16 14:11:56.880000,415.4377754058653,998
2024-09-16 14:11:56.927000,415.4099981814485,1003
2024-09-16 14:11:57.042000,415.3883319410528,11
2024-09-16 14:11:57.103000,415.4393298415234,14
2024-09-16 14:11:57.146000,415.4823498238029,9
2024-09-16 14:11:57.182000,415.44935451191947,101
2024-09-16 14:11:57.192000,415.4134722949431,6
2024-09-16 14:11:57.225000,415.3988940208385,103
2024-09-16 14:11:57.236000,415.4825070675485,1005
2024-09-16 14:11:57.273000,415.41054383731154,11
2024-09-16 14:11:57.276000,415.4158120997038,995
2024-09-16 14:11:57.345000,415.4498127447719,9
2024-09-16 14:11:57.486000,415.4879694288084,103
2024-09-16 14:11:57.496000,415.4101551555618,105
2024-09-16 14:11:57.648000,415.4880277735047,102
2024-09-16 14:11:57.684000,415.41077732856274,15
2024-09-16 14:11:57.749000,415.43560186771407,99
2024-09-16 14:11:57.970000,415.4276138140606,104
2024-09-16 14:11:58.047000,415.5118974054519,1005
2024-09-16 14:11:58.089000,415.5167050385413,14
2024-09-16 14:11:58.174000,415.5235529549012,1004
2024-09-16 14:11:58.178000,415.5299882199909,102
2024-09-16 14:11:58.179000,415.5288728683437,97
2024-09-16 14:11:58.203000,415.5198327453865,1003
2024-09-16 14:11:58.249000,415.5255834536953,5
2024-09-16 14:11:58.263000,415.4950064599032,1002
2024-09-16 14:11:58.434000,415.4967497219904,97
2024-09-16 14:11:58.453000,415.5216757531285,105
2024-09-16 14:11:58.547000,415.5294366273168,14
2024-09-16 14:11:58.556000,415.5285153782958,1003
2024-09-16 14:11:58.717000,415.5056596054952,104
2024-09-16 14:11:58.768000,415.5170815021111,999
2024-09-16 14:11:58.884000,415.50254530139466,1004
2024-09-16 14:11:58.942000,415.5332620959784,11
2024-09-16 14:11:58.975000,415.5431190459242,99
2024-09-16 14:11:59.074000,415.529801102479,996
2024-09-16 14:11:59.207000,415.5287196474754,100
2024-09-16 14:11:59.209000,415.50699985448887,1005
2024-09-16 14:11:59.324000,415.52732663315226,995
2024-09-16 14:11:59.338000,415.5301360670738,97
2024-09-16 14:11:59.349000,415.5260197682475,1005
2024-09-16 14:11:59.446000,415.5179112246528,997
2024-09-16 14:11:59.451000,415.5126369937668,996
2024-09-16 14:11:59.502000,415.5295395282539,999
2024-09-16 14:11:59.521000,415.5163704883791,104
2024-09-16 14:11:59.523000,415.5319396213136,999
2024-09-16 14:11:59.534000,415.5268139270588,7
2024-09-16 14:11:59.549000,415.51415995710806,98
2024-09-16 14:11:59.663000,415.4981476588772,15
2024-09-16 14:11:59.715000,415.5216555932374,103
2024-09-16 14:11:59.763000,415.5269215730568,6
2024-09-16 14:11:59.824000,415.5109708438335,101
2024-09-16 14:11:59.855000,415.5131725579693,998
2024-09-16 14:11:59.864000,415.5410475067084,1003
2024-09-16 14:11:59.900000,415.5333385846587,13
2024-09-16 14:11:59.939000,415.5152187317145,999
2024-09-16 14:11:59.952000,415.49683013178935,15
2024-09-16 14:11:59.998000,415.51971441823935,996
