Timestamp,Price,Size
2024-09-18 10:50:00.203000,412.4693540851731,97
2024-09-18 10:50:00.283000,412.4641370493964,1000
2024-09-18 10:50:00.342000,412.4449409051685,5
2024-09-18 10:50:00.350000,412.5157932520967,104
2024-09-18 10:50:00.376000,412.4296675308936,105
2024-09-18 10:50:00.383000,412.47871538465625,99
2024-09-18 10:50:00.446000,412.42019400941047,10
2024-09-18 10:50:00.474000,412.4720734807259,11
2024-09-18 10:50:00.538000,412.4812024146737,97
2024-09-18 10:50:00.599000,412.4568096812345,98
2024-09-18 10:50:00.610000,412.488018445274,105
2024-09-18 10:50:00.680000,412.4987873321208,8
2024-09-18 10:50:00.686000,412.5132659732751,15
2024-09-18 10:50:00.693000,412.4951927177189,95
2024-09-18 10:50:00.720000,412.4919047620143,98
2024-09-18 10:50:00.723000,412.4982093791252,95
2024-09-18 10:50:00.739000,412.4515877716387,98
2024-09-18 10:50:00.877000,412.50260121816586,101
2024-09-18 10:50:00.969000,412.4382793404367,12
2024-09-18 10:50:01.014000,412.53365546950783,97
2024-09-18 10:50:01.068000,412.5037762841048,95
2024-09-18 10:50:01.177000,412.4929853613297,105
2024-09-18 10:50:01.418000,412.5446217686078,998
2024-09-18 10:50:01.448000,412.5029157418544,8
2024-09-18 10:50:01.453000,412.52286653192647,1004
2024-09-18 10:50:01.453000,412.4952770175525,1000
2024-09-18 10:50:01.502000,412.48994024314777,104
2024-09-18 10:50:01.565000,412.5180530581724,9
2024-09-18 10:50:01.714000,412.46833274172377,104
2024-09-18 10:50:01.738000,412.515142129954,1002
2024-09-18 10:50:01.756000,412.5082574302816,11
2024-09-18 10:50:01.878000,412.5168881546538,9
2024-09-18 10:50:02.308000,412.5617972364538,996
2024-09-18 10:50:02.319000,412.5260114501869,100
2024-09-18 10:50:02.539000,412.53335167487177,11
2024-09-18 10:50:02.638000,412.551709286956,103
2024-09-18 10:50:02.706000,412.5703802060029,5
2024-09-18 10:50:03.541000,412.5697717159732,97
2024-09-18 10:50:03.746000,412.56709407384886,999
2024-09-18 10:50:03.951000,412.586373690141,15
2024-09-18 10:50:04.040000,412.499768612507,1004
2024-09-18 10:50:04.048000,412.5187588476257,1000
2024-09-18 10:50:04.054000,412.5242064767892,104
2024-09-18 10:50:04.151000,412.50768584052366,1001
2024-09-18 10:50:04.196000,412.54751752710825,6
2024-09-18 10:50:04.231000,412.5077731191631,1001
2024-09-18 10:50:04.284000,412.5111512334479,998
2024-09-18 10:50:04.297000,412.5148491529291,1003
2024-09-18 10:50:04.430000,412.52367699010495,6
2024-09-18 10:50:04.580000,412.52963333675206,1001
2024-09-18 10:50:04.699000,412.517093076856,5
2024-09-18 10:50:04.754000,412.5191284714989,98
2024-09-18 10:50:04.760000,412.5498952663423,101
2024-09-18 10:50:04.783000,412.5122914395629,104
2024-09-18 10:50:04.784000,412.5352706843485,96
2024-09-18 10:50:04.795000,412.5350338500701,11
2024-09-18 10:50:04.811000,412.5110117355346,15
2024-09-18 10:50:04.847000,412.5139451004225,10
2024-09-18 10:50:04.878000,412.5222391648013,5
2024-09-18 10:50:04.890000,412.5087318038797,97
2024-09-18 10:50:04.896000,412.5386667810519,10
2024-09-18 10:50:04.938000,412.5317868287369,8
2024-09-18 10:50:04.978000,412.5088175036304,11
2024-09-18 10:50:05.050000,412.47975112550586,101
2024-09-18 10:50:05.083000,412.4884231683736,97
2024-09-18 10:50:05.088000,412.4970568145418,7
2024-09-18 10:50:05.116000,412.4768266552343,996
2024-09-18 10:50:05.290000,412.4831290393221,8
2024-09-18 10:50:05.341000,412.4852003644199,10
2024-09-18 10:50:05.370000,412.5347370029577,6
2024-09-18 10:50:05.375000,412.51199840702367,14
2024-09-18 10:50:05.380000,412.4688076287273,9
2024-09-18 10:50:05.430000,412.502087634182,15
2024-09-18 10:50:05.494000,412.4967693548963,1004
2024-09-18 10:50:05.506000,412.4762677353828,98
2024-09-18 10:50:05.525000,412.4793861536254,100
2024-09-18 10:50:05.654000,412.4789986115063,997
2024-09-18 10:50:05.661000,412.47888101410194,998
2024-09-18 10:50:05.769000,412.47279924818207,8
2024-09-18 10:50:05.776000,412.4629390305846,996
2024-09-18 10:50:05.827000,412.46917897258334,1003
2024-09-18 10:50:05.927000,412.4519842703395,103
2024-09-18 10:50:05.937000,412.4731181399128,995
2024-09-18 10:50:05.970000,412.5156823704969,96
2024-09-18 10:50:05.988000,412.4475621288578,8
2024-09-18 10:50:06.011000,412.4701981212051,15
2024-09-18 10:50:06.135000,412.4450624950648,6
2024-09-18 10:50:06.170000,412.4547814124552,998
2024-09-18 10:50:06.179000,412.4714220248833,1001
2024-09-18 10:50:06.227000,412.45806142034746,997
2024-09-18 10:50:06.277000,412.4753934057467,995
2024-09-18 10:50:06.290000,412.4461685009102,5
2024-09-18 10:50:06.314000,412.46579474959714,97
2024-09-18 10:50:06.380000,412.4562741764119,12
2024-09-18 10:50:06.435000,412.47319925402746,98
2024-09-18 10:50:06.562000,412.46468403094303,10
2024-09-18 10:50:06.595000,412.4416633862648,1003
2024-09-18 10:50:06.608000,412.4756446389767,105
2024-09-18 10:50:06.622000,412.4553764880709,996
2024-09-18 10:50:06.655000,412.4362275473685,100
2024-09-18 10:50:06.726000,412.4409370119635,96
2024-09-18 10:50:06.783000,412.437719505004,102
2024-09-18 10:50:06.800000,412.4401641597317,7
2024-09-18 10:50:07.033000,412.4995917250656,7
2024-09-18 10:50:07.136000,412.4751604736577,98
2024-09-18 10:50:07.171000,412.4936120841345,996
2024-09-18 10:50:07.342000,412.4870968651328,995
2024-09-18 10:50:07.347000,412.5116073660279,104
2024-09-18 10:50:07.499000,412.4995059711952,999
2024-09-18 10:50:07.621000,412.49600192266246,1001
2024-09-18 10:50:07.761000,412.4890317125981,1002
2024-09-18 10:50:07.933000,412.5027497736193,1002
2024-09-18 10:50:08.006000,412.47842179336607,98
2024-09-18 10:50:08.022000,412.5003831274116,996
2024-09-18 10:50:08.046000,412.4891064446896,1003
2024-09-18 10:50:08.062000,412.485212105659,97
2024-09-18 10:50:08.096000,412.4833614202772,102
2024-09-18 10:50:08.190000,412.49831740694873,6
2024-09-18 10:50:08.354000,412.4788584037047,95
2024-09-18 10:50:08.515000,412.4909439012756,96
2024-09-18 10:50:08.529000,412.47933577975954,7
2024-09-18 10:50:08.555000,412.4855677347192,101
2024-09-18 10:50:08.675000,412.4900905086808,10
2024-09-18 10:50:08.692000,412.4924981636998,15
2024-09-18 10:50:08.826000,412.49351358219553,101
2024-09-18 10:50:08.828000,412.4693759631953,100
2024-09-18 10:50:08.836000,412.4719613647878,1001
2024-09-18 10:50:08.862000,412.4765837495797,6
2024-09-18 10:50:08.926000,412.476837340797,6
2024-09-18 10:50:08.969000,412.4903855408081,1005
2024-09-18 10:50:08.977000,412.48161975736224,15
2024-09-18 10:50:08.986000,412.4931808542248,1001
2024-09-18 10:50:09.198000,412.4487769040353,101
2024-09-18 10:50:09.405000,412.45612973234495,10
2024-09-18 10:50:09.454000,412.4624462132049,999
2024-09-18 10:50:09.457000,412.4605007854749,1002
2024-09-18 10:50:09.509000,412.4830014294405,1005
2024-09-18 10:50:09.519000,412.4640771804419,1001
2024-09-18 10:50:09.544000,412.4443211451222,9
2024-09-18 10:50:09.659000,412.4544205919771,101
2024-09-18 10:50:09.744000,412.46744131133687,100
2024-09-18 10:50:09.977000,412.4429419654503,97
2024-09-18 10:50:10.055000,412.48253383191866,11
2024-09-18 10:50:10.066000,412.48040469055127,1001
2024-09-18 10:50:10.077000,412.45508967409967,97
2024-09-18 10:50:10.138000,412.46567777232303,10
2024-09-18 10:50:10.156000,412.4667484481304,10
2024-09-18 10:50:10.322000,412.4587932396146,96
2024-09-18 10:50:10.366000,412.4654551479288,8
2024-09-18 10:50:10.397000,412.4757282138299,101
2024-09-18 10:50:10.415000,412.4400812594768,1005
2024-09-18 10:50:10.444000,412.4626194959552,1005
2024-09-18 10:50:10.454000,412.45227622329486,101
2024-09-18 10:50:10.468000,412.4620594052452,9
2024-09-18 10:50:10.469000,412.4570855940813,997
2024-09-18 10:50:10.703000,412.46757655397664,998
2024-09-18 10:50:10.765000,412.4683016052812,13
2024-09-18 10:50:11.020000,412.4315863858224,1003
2024-09-18 10:50:11.043000,412.4621674203052,102
2024-09-18 10:50:11.063000,412.4297869060208,105
2024-09-18 10:50:11.121000,412.4532022492101,995
2024-09-18 10:50:11.898000,412.44813559160974,1003
2024-09-18 10:50:11.954000,412.4279530038681,996
2024-09-18 10:50:12.171000,412.4197935392031,102
2024-09-18 10:50:12.284000,412.37119176008366,14
2024-09-18 10:50:12.314000,412.4099216690325,8
2024-09-18 10:50:12.336000,412.3716749972008,100
2024-09-18 10:50:12.459000,412.4331762107178,105
2024-09-18 10:50:12.481000,412.4185150151144,100
2024-09-18 10:50:12.524000,412.41822097564665,8
2024-09-18 10:50:12.538000,412.3902355469992,1004
2024-09-18 10:50:12.637000,412.4251100386202,11
2024-09-18 10:50:12.688000,412.3851661348593,1004
2024-09-18 10:50:12.715000,412.4249162893374,1000
2024-09-18 10:50:12.731000,412.4268657959944,5
2024-09-18 10:50:12.732000,412.4099264436485,100
2024-09-18 10:50:12.787000,412.3562497207056,8
2024-09-18 10:50:12.819000,412.3953286519924,104
2024-09-18 10:50:12.935000,412.44615771894496,1005
2024-09-18 10:50:13.005000,412.3650723178213,998
2024-09-18 10:50:13.013000,412.4055653699504,9
2024-09-18 10:50:13.076000,412.3683480295912,95
2024-09-18 10:50:13.109000,412.3686852636351,1004
2024-09-18 10:50:13.190000,412.349848658781,996
2024-09-18 10:50:13.257000,412.416937449237,1000
2024-09-18 10:50:13.284000,412.36507804441845,99
2024-09-18 10:50:13.387000,412.3905629807352,8
2024-09-18 10:50:13.424000,412.3859598425056,996
2024-09-18 10:50:13.492000,412.3953188223143,995
2024-09-18 10:50:13.585000,412.3717355712901,15
2024-09-18 10:50:13.604000,412.396957170828,100
2024-09-18 10:50:13.630000,412.3766945249093,11
2024-09-18 10:50:13.690000,412.3660787646723,999
2024-09-18 10:50:13.710000,412.3587225415221,96
2024-09-18 10:50:13.726000,412.3664261059869,98
2024-09-18 10:50:13.736000,412.383803040747,101
2024-09-18 10:50:13.825000,412.37993048813024,999
2024-09-18 10:50:13.879000,412.36344509164655,5
2024-09-18 10:50:13.893000,412.37785877063664,1004
2024-09-18 10:50:13.925000,412.39802104984295,999
2024-09-18 10:50:13.926000,412.3656742748836,14
2024-09-18 10:50:13.957000,412.386390805904,1000
2024-09-18 10:50:13.985000,412.4098582273351,105
2024-09-18 10:50:14.163000,412.3993745665239,103
2024-09-18 10:50:14.277000,412.39606764503895,1001
2024-09-18 10:50:14.321000,412.4023915428349,11
2024-09-18 10:50:14.393000,412.4053306354614,6
2024-09-18 10:50:14.589000,412.4102175644234,12
2024-09-18 10:50:14.815000,412.4086802744274,1002
2024-09-18 10:50:15.050000,412.41546417431647,101
2024-09-18 10:50:15.069000,412.37870049569113,995
2024-09-18 10:50:15.072000,412.4080192041984,998
2024-09-18 10:50:15.098000,412.3559076357639,999
2024-09-18 10:50:15.104000,412.406015099898,105
2024-09-18 10:50:15.121000,412.3492567177583,997
2024-09-18 10:50:15.234000,412.411387181722,1005
2024-09-18 10:50:15.291000,412.4182563921332,7
2024-09-18 10:50:15.328000,412.3976960735819,8
2024-09-18 10:50:15.355000,412.3905329884937,1001
2024-09-18 10:50:15.406000,412.360475089576,105
2024-09-18 10:50:15.445000,412.4160406874866,9
2024-09-18 10:50:15.472000,412.42373417364206,105
2024-09-18 10:50:15.473000,412.3608218017612,11
2024-09-18 10:50:15.573000,412.4231255178424,1003
2024-09-18 10:50:15.621000,412.4217445197575,8
2024-09-18 10:50:15.653000,412.3865293274474,1001
2024-09-18 10:50:15.677000,412.4087030666625,8
2024-09-18 10:50:15.811000,412.3804630809569,99
2024-09-18 10:50:15.823000,412.3708808745026,998
2024-09-18 10:50:15.826000,412.418053310091,103
2024-09-18 10:50:15.894000,412.3705336708473,98
2024-09-18 10:50:15.962000,412.38472007000695,9
2024-09-18 10:50:16.016000,412.3645150464719,104
2024-09-18 10:50:16.033000,412.3411630011557,14
2024-09-18 10:50:16.063000,412.3101077169764,103
2024-09-18 10:50:16.091000,412.35802339072313,996
2024-09-18 10:50:16.094000,412.3102371111864,1000
2024-09-18 10:50:16.122000,412.384929185034,1003
2024-09-18 10:50:16.127000,412.389683460323,998
2024-09-18 10:50:16.163000,412.3505786471488,99
2024-09-18 10:50:16.249000,412.4051501383334,8
2024-09-18 10:50:16.294000,412.3259369880353,105
2024-09-18 10:50:16.326000,412.36092359964033,1005
2024-09-18 10:50:16.345000,412.300077803822,12
2024-09-18 10:50:16.347000,412.3000365622015,9
2024-09-18 10:50:16.357000,412.3527045255162,7
2024-09-18 10:50:16.511000,412.3672989688397,13
2024-09-18 10:50:16.566000,412.3234260474373,99
2024-09-18 10:50:16.568000,412.3461430445981,995
2024-09-18 10:50:16.605000,412.3587562915117,95
2024-09-18 10:50:16.607000,412.3487199127592,14
2024-09-18 10:50:16.609000,412.340326965637,104
2024-09-18 10:50:16.655000,412.3385435384602,12
2024-09-18 10:50:16.665000,412.357461085094,7
2024-09-18 10:50:16.710000,412.3594624621295,1000
2024-09-18 10:50:16.712000,412.341581267315,96
2024-09-18 10:50:16.730000,412.3222398340845,10
2024-09-18 10:50:16.765000,412.3102318586775,995
2024-09-18 10:50:16.945000,412.3529716866851,999
2024-09-18 10:50:16.952000,412.3685764911076,96
2024-09-18 10:50:17.040000,412.300312285023,9
2024-09-18 10:50:17.068000,412.2578886214479,5
2024-09-18 10:50:17.201000,412.2470388471502,998
2024-09-18 10:50:17.328000,412.3187843492007,1003
2024-09-18 10:50:17.359000,412.2629590042104,995
2024-09-18 10:50:17.436000,412.2600459806277,12
2024-09-18 10:50:17.442000,412.2541830801621,15
2024-09-18 10:50:17.445000,412.3149354303653,7
2024-09-18 10:50:17.447000,412.272323773137,6
2024-09-18 10:50:17.462000,412.2576305994581,98
2024-09-18 10:50:17.488000,412.309132021457,103
2024-09-18 10:50:17.507000,412.237569471114,102
2024-09-18 10:50:17.602000,412.2828164848853,12
2024-09-18 10:50:17.604000,412.3083962133976,100
2024-09-18 10:50:17.649000,412.24552903073175,103
2024-09-18 10:50:17.777000,412.23757260440215,998
2024-09-18 10:50:17.782000,412.25661130923385,100
2024-09-18 10:50:17.788000,412.2497638097813,1000
2024-09-18 10:50:17.959000,412.2955735124237,100
2024-09-18 10:50:18.011000,412.2545749634747,11
2024-09-18 10:50:18.012000,412.2578121987108,1000
2024-09-18 10:50:18.124000,412.2586743108749,6
2024-09-18 10:50:18.139000,412.2435634716052,11
2024-09-18 10:50:18.216000,412.243732616731,13
2024-09-18 10:50:18.334000,412.249546892942,998
2024-09-18 10:50:18.350000,412.25211506800105,14
2024-09-18 10:50:18.375000,412.255085424594,99
2024-09-18 10:50:18.630000,412.2557135594327,100
2024-09-18 10:50:18.642000,412.26978636036426,97
2024-09-18 10:50:18.726000,412.27698103457874,995
2024-09-18 10:50:18.750000,412.2638334257636,12
2024-09-18 10:50:18.937000,412.2560154011164,102
2024-09-18 10:50:19.089000,412.2503838736487,99
2024-09-18 10:50:19.110000,412.25272756591227,102
2024-09-18 10:50:19.120000,412.2528114981557,97
2024-09-18 10:50:19.157000,412.29249367731154,99
2024-09-18 10:50:19.163000,412.23329793110906,105
2024-09-18 10:50:19.209000,412.2468573036879,8
2024-09-18 10:50:19.462000,412.2686539658341,1000
2024-09-18 10:50:19.575000,412.24294932975886,97
2024-09-18 10:50:19.580000,412.232845535106,96
2024-09-18 10:50:19.619000,412.25283849362734,1002
2024-09-18 10:50:19.663000,412.2943215252541,97
2024-09-18 10:50:19.671000,412.2550099254695,100
2024-09-18 10:50:19.688000,412.285037181129,102
2024-09-18 10:50:19.697000,412.2492271569929,99
2024-09-18 10:50:19.738000,412.29478506319145,14
2024-09-18 10:50:19.826000,412.2690756262686,104
2024-09-18 10:50:19.967000,412.2695706837344,1001
2024-09-18 10:50:19.977000,412.26259960676896,105
2024-09-18 10:50:20.005000,412.2373874660513,101
2024-09-18 10:50:20.009000,412.2469552199437,103
2024-09-18 10:50:20.099000,412.30790841223984,11
2024-09-18 10:50:20.145000,412.256615465991,996
2024-09-18 10:50:20.195000,412.23663026868246,9
2024-09-18 10:50:20.241000,412.2571442383044,1000
2024-09-18 10:50:20.259000,412.2480086769414,5
2024-09-18 10:50:20.269000,412.23519134394496,1002
2024-09-18 10:50:20.361000,412.24057977892136,995
2024-09-18 10:50:20.469000,412.2468357625463,8
2024-09-18 10:50:20.580000,412.24134206425015,1001
2024-09-18 10:50:20.792000,412.2617273705014,1003
2024-09-18 10:50:20.837000,412.30382525322153,95
2024-09-18 10:50:20.838000,412.2863405467554,998
2024-09-18 10:50:20.851000,412.239805874337,103
2024-09-18 10:50:20.919000,412.2445050734167,998
2024-09-18 10:50:20.975000,412.2506702181073,995
2024-09-18 10:50:21.102000,412.3383385507296,97
2024-09-18 10:50:21.140000,412.2945414919698,99
2024-09-18 10:50:21.162000,412.2843101406633,13
2024-09-18 10:50:21.205000,412.302632781342,15
2024-09-18 10:50:21.406000,412.32256775399975,9
2024-09-18 10:50:21.444000,412.25992746332247,1005
2024-09-18 10:50:21.489000,412.33968450974817,5
2024-09-18 10:50:21.521000,412.3158902742615,100
2024-09-18 10:50:21.545000,412.317404948101,103
2024-09-18 10:50:21.569000,412.268048581778,15
2024-09-18 10:50:21.592000,412.3429453533912,11
2024-09-18 10:50:21.623000,412.3375796843012,1000
2024-09-18 10:50:21.746000,412.31562912901313,12
2024-09-18 10:50:22.007000,412.1956292632353,101
2024-09-18 10:50:22.026000,412.25911335769325,15
2024-09-18 10:50:22.069000,412.2184502901248,999
2024-09-18 10:50:22.247000,412.2128277593772,95
2024-09-18 10:50:22.339000,412.1903229784447,1004
2024-09-18 10:50:22.398000,412.2840761105484,12
2024-09-18 10:50:22.478000,412.2301006067887,1002
2024-09-18 10:50:22.507000,412.1936721197888,101
2024-09-18 10:50:22.575000,412.2393921931871,996
2024-09-18 10:50:22.806000,412.3172978369967,6
2024-09-18 10:50:22.809000,412.2075746049204,11
2024-09-18 10:50:22.816000,412.2239998145412,1003
2024-09-18 10:50:22.861000,412.2923707632504,15
2024-09-18 10:50:22.876000,412.28810950550246,7
2024-09-18 10:50:22.896000,412.2035039473379,101
2024-09-18 10:50:22.902000,412.2880434691119,99
2024-09-18 10:50:22.907000,412.2982110981979,12
2024-09-18 10:50:23.579000,412.21780985270505,1000
2024-09-18 10:50:23.670000,412.2266162151144,1002
2024-09-18 10:50:26.157000,412.25339381633705,104
2024-09-18 10:50:26.187000,412.2256622614877,1001
2024-09-18 10:50:26.262000,412.2256030307287,104
2024-09-18 10:50:26.588000,412.2178734078617,997
2024-09-18 10:50:26.610000,412.23846742690233,99
2024-09-18 10:50:26.730000,412.2543461889958,12
2024-09-18 10:50:27.200000,412.1972721911423,97
2024-09-18 10:50:27.336000,412.2224783965572,102
2024-09-18 10:50:27.337000,412.2176395339076,9
2024-09-18 10:50:27.553000,412.2038294190895,995
2024-09-18 10:50:27.581000,412.2130104728862,10
2024-09-18 10:50:27.742000,412.2135667817229,105
2024-09-18 10:50:27.780000,412.2113420938206,5
2024-09-18 10:50:27.849000,412.2181588871089,1004
2024-09-18 10:50:27.935000,412.21378583486666,9
2024-09-18 10:50:28.085000,412.1778682290538,1001
2024-09-18 10:50:28.147000,412.1869655694071,5
2024-09-18 10:50:28.208000,412.1871396743823,11
2024-09-18 10:50:28.321000,412.1276431146563,1001
2024-09-18 10:50:28.415000,412.14565045231456,1005
2024-09-18 10:50:28.515000,412.1957524942551,997
2024-09-18 10:50:28.518000,412.1419896221714,103
2024-09-18 10:50:28.560000,412.19283338609097,13
2024-09-18 10:50:28.672000,412.1389655057564,98
2024-09-18 10:50:28.807000,412.1763641278685,5
2024-09-18 10:50:28.826000,412.1110964896073,1002
2024-09-18 10:50:29.002000,412.1313116630778,104
2024-09-18 10:50:29.006000,412.14720974093217,12
2024-09-18 10:50:29.016000,412.1610180993248,997
2024-09-18 10:50:29.023000,412.099481730606,1003
2024-09-18 10:50:29.047000,412.1393245969123,15
2024-09-18 10:50:29.049000,412.1187668178657,14
2024-09-18 10:50:29.093000,412.1475549290521,13
2024-09-18 10:50:29.130000,412.10604136466543,995
2024-09-18 10:50:29.291000,412.1085311303301,101
2024-09-18 10:50:29.301000,412.1189796037834,998
2024-09-18 10:50:29.374000,412.10694210865,97
2024-09-18 10:50:29.423000,412.13008804136894,5
2024-09-18 10:50:29.480000,412.1277224584571,98
2024-09-18 10:50:29.511000,412.1165820570479,12
2024-09-18 10:50:29.515000,412.1035635927224,12
2024-09-18 10:50:29.523000,412.11407142363953,13
2024-09-18 10:50:29.612000,412.1117701495223,1005
2024-09-18 10:50:29.620000,412.11176779932725,1000
2024-09-18 10:50:29.701000,412.1201115728954,7
2024-09-18 10:50:29.738000,412.1051733811022,996
2024-09-18 10:50:29.772000,412.1540542585079,1003
2024-09-18 10:50:29.788000,412.11674150364826,1002
2024-09-18 10:50:29.825000,412.1030142129909,8
2024-09-18 10:50:29.883000,412.1113098563688,1001
2024-09-18 10:50:29.949000,412.10787215106336,999
2024-09-18 10:50:30.141000,412.1395695972452,1003
2024-09-18 10:50:30.162000,412.1415446722007,997
2024-09-18 10:50:30.400000,412.1393801461477,1003
2024-09-18 10:50:30.422000,412.1400120741563,14
2024-09-18 10:50:30.642000,412.1382327637359,101
2024-09-18 10:50:30.675000,412.15010395288505,1000
2024-09-18 10:50:30.957000,412.1360618600505,1004
2024-09-18 10:50:31.038000,412.1656926703537,995
2024-09-18 10:50:31.038000,412.1705221932001,1003
2024-09-18 10:50:31.107000,412.1643786200669,11
2024-09-18 10:50:31.111000,412.16250033749407,103
2024-09-18 10:50:31.134000,412.1407346837336,1000
2024-09-18 10:50:31.140000,412.1641050305375,103
2024-09-18 10:50:31.153000,412.1705618560957,1000
2024-09-18 10:50:31.222000,412.1581368929952,103
2024-09-18 10:50:31.245000,412.1378295799747,6
2024-09-18 10:50:31.258000,412.15870331615776,100
2024-09-18 10:50:31.303000,412.1391488662603,1000
2024-09-18 10:50:31.371000,412.15132365290106,100
2024-09-18 10:50:31.501000,412.1370682833246,1002
2024-09-18 10:50:31.618000,412.1714070583896,996
2024-09-18 10:50:31.643000,412.1679418883508,1000
2024-09-18 10:50:31.650000,412.1561672690413,7
2024-09-18 10:50:31.733000,412.1541326062683,9
2024-09-18 10:50:31.758000,412.1190393342162,1003
2024-09-18 10:50:31.812000,412.1509625100743,105
2024-09-18 10:50:31.861000,412.163535033416,10
2024-09-18 10:50:31.871000,412.15866463821794,100
2024-09-18 10:50:32.004000,412.2915775721001,1001
2024-09-18 10:50:32.034000,412.1888915000517,105
2024-09-18 10:50:32.102000,412.2538473821047,102
2024-09-18 10:50:32.139000,412.1904024044207,5
2024-09-18 10:50:32.168000,412.27826462988014,10
2024-09-18 10:50:32.224000,412.1842496190804,999
2024-09-18 10:50:32.271000,412.20332796136313,1005
2024-09-18 10:50:32.294000,412.3044044874465,98
2024-09-18 10:50:32.342000,412.2389557242289,1002
2024-09-18 10:50:32.384000,412.27953195177855,105
2024-09-18 10:50:32.390000,412.1840125037685,1005
2024-09-18 10:50:32.440000,412.2716932480507,11
2024-09-18 10:50:32.468000,412.2796586469988,1000
2024-09-18 10:50:32.476000,412.2005584241439,10
2024-09-18 10:50:32.490000,412.2062038765527,5
2024-09-18 10:50:32.593000,412.1772627272815,95
2024-09-18 10:50:32.670000,412.2869655753428,13
2024-09-18 10:50:32.738000,412.269226111044,9
2024-09-18 10:50:32.748000,412.2602948399075,8
2024-09-18 10:50:32.759000,412.1939257951105,13
2024-09-18 10:50:32.896000,412.2797073201375,103
2024-09-18 10:50:32.986000,412.2249514301623,8
2024-09-18 10:50:33.001000,412.2984040012082,5
2024-09-18 10:50:33.083000,412.27754067805125,1004
2024-09-18 10:50:33.113000,412.26573520458135,97
2024-09-18 10:50:33.130000,412.2677754368121,998
2024-09-18 10:50:33.139000,412.2655773509555,96
2024-09-18 10:50:33.158000,412.2782444420156,999
2024-09-18 10:50:33.316000,412.2547133457759,1001
2024-09-18 10:50:33.369000,412.278450660198,1002
2024-09-18 10:50:33.497000,412.2877828549023,995
2024-09-18 10:50:33.575000,412.2812771119413,102
2024-09-18 10:50:33.577000,412.3032730162743,102
2024-09-18 10:50:33.759000,412.2738706683695,96
2024-09-18 10:50:33.845000,412.2703058440224,997
2024-09-18 10:50:33.857000,412.2621351637077,10
2024-09-18 10:50:33.864000,412.3038537735959,9
2024-09-18 10:50:34.101000,412.32939443535446,995
2024-09-18 10:50:34.119000,412.2999200906793,14
2024-09-18 10:50:34.139000,412.3006325808324,14
2024-09-18 10:50:34.330000,412.29543955872487,1003
2024-09-18 10:50:34.455000,412.2863420865745,7
2024-09-18 10:50:34.471000,412.30978732279846,95
2024-09-18 10:50:34.513000,412.3055082558284,102
2024-09-18 10:50:34.517000,412.29825833359024,1002
2024-09-18 10:50:34.583000,412.3098285871417,8
2024-09-18 10:50:34.634000,412.31979135193984,15
2024-09-18 10:50:34.706000,412.2791795200828,14
2024-09-18 10:50:34.852000,412.3142851254133,104
2024-09-18 10:50:34.864000,412.2982724014954,1003
2024-09-18 10:50:35.189000,412.2746528947904,13
2024-09-18 10:50:35.216000,412.289017504079,996
2024-09-18 10:50:35.342000,412.2976627052885,10
2024-09-18 10:50:35.347000,412.2851985258658,996
2024-09-18 10:50:35.371000,412.2917325906861,9
2024-09-18 10:50:35.378000,412.3003242107379,14
2024-09-18 10:50:35.580000,412.2769096710524,997
2024-09-18 10:50:35.621000,412.27620305704266,95
2024-09-18 10:50:35.627000,412.2825885559353,1004
2024-09-18 10:50:35.643000,412.2993995683795,10
2024-09-18 10:50:35.662000,412.2990587345858,95
2024-09-18 10:50:35.666000,412.3014475934265,1004
2024-09-18 10:50:35.801000,412.303815102198,8
2024-09-18 10:50:35.802000,412.29869225822455,104
2024-09-18 10:50:35.813000,412.293740091626,96
2024-09-18 10:50:35.895000,412.3027287973951,1001
2024-09-18 10:50:36.004000,412.2230842246588,103
2024-09-18 10:50:36.023000,412.2801038681586,105
2024-09-18 10:50:36.085000,412.23049858462576,104
2024-09-18 10:50:36.093000,412.1937096526008,102
2024-09-18 10:50:36.121000,412.2582629204156,999
2024-09-18 10:50:36.218000,412.26229245988793,102
2024-09-18 10:50:36.228000,412.2100851903216,995
2024-09-18 10:50:36.229000,412.2703332440414,1002
2024-09-18 10:50:36.311000,412.2254714358504,998
2024-09-18 10:50:36.344000,412.2871792929955,98
2024-09-18 10:50:36.382000,412.2613960010265,997
2024-09-18 10:50:36.465000,412.2808264096883,15
2024-09-18 10:50:36.465000,412.19944814821145,103
2024-09-18 10:50:36.587000,412.2118788522189,12
2024-09-18 10:50:36.601000,412.2985985196776,14
2024-09-18 10:50:36.606000,412.2282112815353,1005
2024-09-18 10:50:36.631000,412.2740890922792,998
2024-09-18 10:50:36.637000,412.193443481115,12
2024-09-18 10:50:36.725000,412.2783462863762,6
2024-09-18 10:50:36.768000,412.2576910493959,7
2024-09-18 10:50:36.769000,412.2679497711967,7
2024-09-18 10:50:36.778000,412.2114654786655,10
2024-09-18 10:50:36.868000,412.2856847769577,12
2024-09-18 10:50:36.885000,412.1967020819092,14
2024-09-18 10:50:37.043000,412.2199660353296,97
2024-09-18 10:50:37.133000,412.2498363165277,13
2024-09-18 10:50:37.133000,412.246652962611,11
2024-09-18 10:50:37.199000,412.2907952105935,100
2024-09-18 10:50:37.211000,412.25113161192354,101
2024-09-18 10:50:37.440000,412.18421241932447,997
2024-09-18 10:50:37.464000,412.2792296964407,103
2024-09-18 10:50:37.464000,412.23328118447233,999
2024-09-18 10:50:37.469000,412.2429990419107,998
2024-09-18 10:50:37.624000,412.2907538734154,1004
2024-09-18 10:50:37.677000,412.2596134287378,98
2024-09-18 10:50:37.724000,412.24177385215785,1000
2024-09-18 10:50:37.849000,412.24848150806434,998
2024-09-18 10:50:37.874000,412.1865714537446,97
2024-09-18 10:50:37.875000,412.28973443301095,1005
2024-09-18 10:50:37.906000,412.1677214499238,99
2024-09-18 10:50:37.916000,412.17963967123615,15
2024-09-18 10:50:37.916000,412.251463883675,999
2024-09-18 10:50:37.943000,412.1819739997818,1001
2024-09-18 10:50:37.955000,412.201354187877,5
2024-09-18 10:50:38.014000,412.2936977791999,8
2024-09-18 10:50:38.126000,412.2943077989488,1000
2024-09-18 10:50:38.206000,412.3048562831676,104
2024-09-18 10:50:38.241000,412.2954449471722,1001
2024-09-18 10:50:38.293000,412.2391379764522,104
2024-09-18 10:50:38.410000,412.2851237933696,996
2024-09-18 10:50:38.433000,412.2803073718756,103
2024-09-18 10:50:38.484000,412.2549902832446,100
2024-09-18 10:50:38.508000,412.28568924630827,1003
2024-09-18 10:50:38.598000,412.3133513189708,105
2024-09-18 10:50:38.649000,412.3009442431654,11
2024-09-18 10:50:38.671000,412.30322676647,997
2024-09-18 10:50:38.773000,412.2735853985212,14
2024-09-18 10:50:38.807000,412.2929494290572,13
2024-09-18 10:50:38.826000,412.2830100177176,998
2024-09-18 10:50:38.858000,412.31427900070713,995
2024-09-18 10:50:38.868000,412.2961222274833,99
2024-09-18 10:50:38.869000,412.3091863925528,97
2024-09-18 10:50:38.901000,412.3003866050885,95
2024-09-18 10:50:38.946000,412.3044090377513,101
2024-09-18 10:50:39.443000,412.1969725283664,12
2024-09-18 10:50:39.535000,412.2149585115457,997
2024-09-18 10:50:39.575000,412.22665920110535,995
2024-09-18 10:50:39.702000,412.1917217980112,995
2024-09-18 10:50:39.946000,412.2335272051594,100
2024-09-18 10:50:40.029000,412.1858282723512,6
2024-09-18 10:50:40.056000,412.1981579221992,999
2024-09-18 10:50:40.066000,412.2404914128225,96
2024-09-18 10:50:40.069000,412.2217252565812,98
2024-09-18 10:50:40.197000,412.1877658113205,103
2024-09-18 10:50:40.205000,412.17987177837136,96
2024-09-18 10:50:40.212000,412.1849744884721,96
2024-09-18 10:50:40.247000,412.19585980155074,1000
2024-09-18 10:50:40.379000,412.1894489126139,1005
2024-09-18 10:50:40.421000,412.178038190547,7
2024-09-18 10:50:40.426000,412.1840762835083,97
2024-09-18 10:50:40.464000,412.16240979336186,15
2024-09-18 10:50:40.514000,412.1941285625775,98
2024-09-18 10:50:40.686000,412.194638525886,11
2024-09-18 10:50:40.741000,412.2070529921288,12
2024-09-18 10:50:40.749000,412.1953085055745,1000
2024-09-18 10:50:40.802000,412.178210106459,98
2024-09-18 10:50:40.836000,412.17832742010376,15
2024-09-18 10:50:40.861000,412.1842079714686,999
2024-09-18 10:50:41.017000,412.2441544569188,999
2024-09-18 10:50:41.063000,412.25431528598057,96
2024-09-18 10:50:41.071000,412.2233847357544,11
2024-09-18 10:50:41.092000,412.22823157855584,105
2024-09-18 10:50:41.199000,412.2233968667133,5
2024-09-18 10:50:41.292000,412.3114329292874,8
2024-09-18 10:50:41.589000,412.1788984017589,103
2024-09-18 10:50:41.649000,412.2960187893697,1003
2024-09-18 10:50:41.694000,412.1963193568496,104
2024-09-18 10:50:41.768000,412.2259783540457,1001
2024-09-18 10:50:41.794000,412.30580829927794,1003
2024-09-18 10:50:41.851000,412.2910589404599,9
2024-09-18 10:50:41.864000,412.2020955044112,7
2024-09-18 10:50:41.876000,412.20391723670303,96
2024-09-18 10:50:41.985000,412.2656281206672,5
2024-09-18 10:50:42.009000,412.3209796400635,7
2024-09-18 10:50:42.076000,412.2899082915402,999
2024-09-18 10:50:42.121000,412.3146161416763,96
2024-09-18 10:50:42.162000,412.303770021968,997
2024-09-18 10:50:42.223000,412.2818725666322,6
2024-09-18 10:50:42.322000,412.3114300570178,13
2024-09-18 10:50:42.344000,412.3178335211983,98
2024-09-18 10:50:42.522000,412.30451527140775,103
2024-09-18 10:50:42.526000,412.2931928102068,95
2024-09-18 10:50:42.605000,412.2924157606988,15
2024-09-18 10:50:42.632000,412.3119424427222,1004
2024-09-18 10:50:42.677000,412.3179680691385,15
2024-09-18 10:50:42.679000,412.3214713872494,10
2024-09-18 10:50:42.702000,412.2929080251594,12
2024-09-18 10:50:42.781000,412.32601256721136,15
2024-09-18 10:50:42.851000,412.3156244071533,103
2024-09-18 10:50:42.995000,412.2997806964889,1003
2024-09-18 10:50:43.005000,412.32010808647897,999
2024-09-18 10:50:43.011000,412.3524520853418,995
2024-09-18 10:50:43.020000,412.31585517480136,9
2024-09-18 10:50:43.020000,412.3872104707697,1004
2024-09-18 10:50:43.122000,412.3852456083449,1005
2024-09-18 10:50:43.185000,412.3960886126718,95
2024-09-18 10:50:43.281000,412.3770125900253,98
2024-09-18 10:50:43.313000,412.3223982108559,12
2024-09-18 10:50:43.363000,412.33556294933095,8
2024-09-18 10:50:43.505000,412.3943937340017,9
2024-09-18 10:50:43.533000,412.4078463936458,99
2024-09-18 10:50:43.590000,412.441232055045,10
2024-09-18 10:50:43.593000,412.3462444975424,1004
2024-09-18 10:50:43.655000,412.3624638493101,995
2024-09-18 10:50:43.669000,412.4092026858343,101
2024-09-18 10:50:43.702000,412.33895770008326,8
2024-09-18 10:50:43.703000,412.3054654751373,9
2024-09-18 10:50:43.795000,412.3808193817189,99
2024-09-18 10:50:43.815000,412.4250502617773,95
2024-09-18 10:50:43.828000,412.3864516574826,1002
2024-09-18 10:50:43.875000,412.3044852871691,995
2024-09-18 10:50:43.904000,412.3908907530979,13
2024-09-18 10:50:43.941000,412.39536873817696,999
2024-09-18 10:50:43.949000,412.3550993625747,1002
2024-09-18 10:50:43.995000,412.31388610918,1002
2024-09-18 10:50:44.036000,412.6478437713893,96
2024-09-18 10:50:44.049000,412.5298367816595,998
2024-09-18 10:50:44.105000,412.595159974347,104
2024-09-18 10:50:44.201000,412.4817817914188,97
2024-09-18 10:50:44.258000,412.5481031374685,1000
2024-09-18 10:50:44.262000,412.45063357126816,97
2024-09-18 10:50:44.289000,412.63055841337695,12
2024-09-18 10:50:44.413000,412.523784855308,1004
2024-09-18 10:50:44.435000,412.4980265869298,97
2024-09-18 10:50:44.443000,412.56167652533264,996
2024-09-18 10:50:44.456000,412.6209931722476,103
2024-09-18 10:50:44.480000,412.559042114775,8
2024-09-18 10:50:44.496000,412.5862964008677,95
2024-09-18 10:50:44.497000,412.6637498607058,11
2024-09-18 10:50:44.528000,412.4561541441152,99
2024-09-18 10:50:44.549000,412.5336396766609,1002
2024-09-18 10:50:44.565000,412.6076870949712,5
2024-09-18 10:50:44.638000,412.5720607838893,99
2024-09-18 10:50:44.648000,412.5585888470374,6
2024-09-18 10:50:44.745000,412.6439353215437,1005
2024-09-18 10:50:44.822000,412.4541802710475,1004
2024-09-18 10:50:44.854000,412.4640433097516,10
2024-09-18 10:50:44.865000,412.5565437784905,14
2024-09-18 10:50:44.899000,412.52434745571856,1002
2024-09-18 10:50:44.907000,412.6583173242951,11
2024-09-18 10:50:45.019000,412.6458277240296,104
2024-09-18 10:50:45.050000,412.6502467000818,105
2024-09-18 10:50:45.101000,412.67392492840594,95
2024-09-18 10:50:45.196000,412.6684491372568,1004
2024-09-18 10:50:45.288000,412.6707428804697,1005
2024-09-18 10:50:45.507000,412.64892700683714,100
2024-09-18 10:50:46.208000,412.66940343456326,8
2024-09-18 10:50:46.543000,412.5969914946371,104
2024-09-18 10:50:46.603000,412.65883054702186,1000
2024-09-18 10:50:46.604000,412.65590530070256,996
2024-09-18 10:50:46.671000,412.61107254018174,95
2024-09-18 10:50:46.732000,412.6515862630673,1005
2024-09-18 10:50:46.743000,412.6639378923948,998
2024-09-18 10:50:46.750000,412.6440193984223,1001
2024-09-18 10:50:46.801000,412.65845659440953,105
2024-09-18 10:50:46.818000,412.66418311833183,999
2024-09-18 10:50:46.849000,412.6364611966915,11
2024-09-18 10:50:47.021000,412.6297972527687,13
2024-09-18 10:50:47.041000,412.6362985782754,15
2024-09-18 10:50:47.112000,412.6582419123067,96
2024-09-18 10:50:47.147000,412.6447318608353,13
2024-09-18 10:50:47.369000,412.6499585981496,10
2024-09-18 10:50:47.400000,412.6106351007162,1005
2024-09-18 10:50:47.426000,412.6595913680034,999
2024-09-18 10:50:47.640000,412.66063861871896,995
2024-09-18 10:50:47.659000,412.6280994240129,105
2024-09-18 10:50:47.760000,412.652478574766,98
2024-09-18 10:50:47.802000,412.607922342597,9
2024-09-18 10:50:47.808000,412.6487674411292,104
2024-09-18 10:50:47.915000,412.6234135959379,5
2024-09-18 10:50:47.981000,412.65022293646217,999
2024-09-18 10:50:48.057000,412.6609830092016,13
2024-09-18 10:50:48.116000,412.6500785582936,95
2024-09-18 10:50:48.228000,412.6474241217157,998
2024-09-18 10:50:48.261000,412.6610919243455,1001
2024-09-18 10:50:48.289000,412.64822323734535,997
2024-09-18 10:50:48.290000,412.6701291953281,997
2024-09-18 10:50:48.338000,412.6704180400617,998
2024-09-18 10:50:48.420000,412.66369156266126,7
2024-09-18 10:50:48.524000,412.6625672935051,11
2024-09-18 10:50:48.566000,412.6533404288824,1003
2024-09-18 10:50:48.863000,412.6421857277097,1003
2024-09-18 10:50:49.002000,412.6619820072425,95
2024-09-18 10:50:49.005000,412.6906351391751,6
2024-09-18 10:50:49.044000,412.6906628292523,1000
2024-09-18 10:50:49.063000,412.7000490017491,6
2024-09-18 10:50:49.097000,412.6665106454061,12
2024-09-18 10:50:49.114000,412.7083439011402,6
2024-09-18 10:50:49.155000,412.65749009449047,996
2024-09-18 10:50:49.195000,412.63131777887054,99
2024-09-18 10:50:49.233000,412.66237847257565,6
2024-09-18 10:50:49.245000,412.6066504549773,100
2024-09-18 10:50:49.320000,412.6610830029412,999
2024-09-18 10:50:49.521000,412.6982647081271,6
2024-09-18 10:50:49.568000,412.6852901677304,96
2024-09-18 10:50:49.596000,412.6335255932943,1002
2024-09-18 10:50:49.633000,412.67326746238336,996
2024-09-18 10:50:49.672000,412.6481978663574,15
2024-09-18 10:50:49.678000,412.6094375893842,1004
2024-09-18 10:50:49.734000,412.65647069101067,13
2024-09-18 10:50:49.745000,412.6510199552996,97
2024-09-18 10:50:49.842000,412.6422460610374,105
2024-09-18 10:50:49.866000,412.6365138600096,15
2024-09-18 10:50:49.876000,412.6707061230256,997
2024-09-18 10:50:49.932000,412.62276584626,104
2024-09-18 10:50:49.937000,412.6843554723644,104
2024-09-18 10:50:49.949000,412.6370532040992,8
2024-09-18 10:50:50.002000,412.7716974271259,98
2024-09-18 10:50:50.044000,412.7059293177887,1002
2024-09-18 10:50:50.060000,412.7216634461487,13
2024-09-18 10:50:50.075000,412.7914847204892,6
2024-09-18 10:50:50.081000,412.76389076325177,95
2024-09-18 10:50:50.101000,412.7018935961232,99
2024-09-18 10:50:50.134000,412.6984364770364,11
2024-09-18 10:50:50.266000,412.7375320816409,100
2024-09-18 10:50:50.284000,412.7242287283047,103
2024-09-18 10:50:50.307000,412.7760152542056,11
2024-09-18 10:50:50.358000,412.75646217907786,999
2024-09-18 10:50:50.374000,412.74646937829647,12
2024-09-18 10:50:50.551000,412.74838672337154,9
2024-09-18 10:50:50.557000,412.7493579582713,99
2024-09-18 10:50:50.562000,412.7447164392768,1000
2024-09-18 10:50:50.564000,412.77257714244695,1001
2024-09-18 10:50:50.616000,412.77478665631344,7
2024-09-18 10:50:50.652000,412.7763218941155,100
2024-09-18 10:50:50.674000,412.7641657962471,13
2024-09-18 10:50:50.676000,412.7538932283529,7
2024-09-18 10:50:50.692000,412.7784186022338,95
2024-09-18 10:50:50.808000,412.75370909521416,1004
2024-09-18 10:50:50.818000,412.7185597873783,105
2024-09-18 10:50:50.896000,412.7697917561837,998
2024-09-18 10:50:50.935000,412.74689283069546,999
2024-09-18 10:50:50.975000,412.7488494611955,1005
2024-09-18 10:50:50.982000,412.76728532625145,10
2024-09-18 10:50:51.084000,412.7446995361479,105
2024-09-18 10:50:51.120000,412.77125678912313,999
2024-09-18 10:50:51.189000,412.7545831922971,8
2024-09-18 10:50:51.326000,412.7527638900047,10
2024-09-18 10:50:51.344000,412.7713467358983,101
2024-09-18 10:50:51.383000,412.7184915927613,104
2024-09-18 10:50:51.429000,412.73665703214704,101
2024-09-18 10:50:51.509000,412.7254999675805,7
2024-09-18 10:50:51.512000,412.7107200585152,1002
2024-09-18 10:50:51.512000,412.7640003975625,998
2024-09-18 10:50:51.561000,412.7578850896408,98
2024-09-18 10:50:51.604000,412.770586277644,1003
2024-09-18 10:50:51.620000,412.74999575299046,100
2024-09-18 10:50:51.710000,412.7195902698541,1003
2024-09-18 10:50:51.800000,412.7480441590588,10
2024-09-18 10:50:51.840000,412.7638027251517,999
2024-09-18 10:50:52.017000,412.66820712276814,1001
2024-09-18 10:50:52.181000,412.7161932191832,104
2024-09-18 10:50:52.276000,412.64491729076514,7
2024-09-18 10:50:52.336000,412.7075295904077,1003
2024-09-18 10:50:52.367000,412.6433661090915,11
2024-09-18 10:50:52.369000,412.6369090911708,12
2024-09-18 10:50:52.405000,412.63565611118577,99
2024-09-18 10:50:52.468000,412.6848792768655,97
2024-09-18 10:50:52.525000,412.6491506656997,998
2024-09-18 10:50:52.526000,412.62557173972704,95
2024-09-18 10:50:52.532000,412.6235294367426,1000
2024-09-18 10:50:52.560000,412.6607008588613,999
2024-09-18 10:50:52.694000,412.6284418288153,104
2024-09-18 10:50:52.767000,412.6453153335732,998
2024-09-18 10:50:52.785000,412.64598238471126,996
2024-09-18 10:50:52.798000,412.6302594551312,103
2024-09-18 10:50:52.979000,412.6301846301028,8
2024-09-18 10:50:53.202000,412.6641455207308,1005
2024-09-18 10:50:53.564000,412.65235037537474,1001
2024-09-18 10:50:53.596000,412.65956855049205,6
2024-09-18 10:50:53.662000,412.67213930148057,8
2024-09-18 10:50:53.737000,412.67771385619295,96
2024-09-18 10:50:53.953000,412.6555040630012,6
2024-09-18 10:50:53.955000,412.6473093625312,997
2024-09-18 10:50:54.058000,412.6050151822815,95
2024-09-18 10:50:54.066000,412.598703581432,999
2024-09-18 10:50:54.083000,412.5862603479495,1005
2024-09-18 10:50:54.122000,412.60683133731646,102
2024-09-18 10:50:54.153000,412.6160107317327,1000
2024-09-18 10:50:54.157000,412.5959359836506,6
2024-09-18 10:50:54.180000,412.5860959684171,998
2024-09-18 10:50:54.181000,412.5985355437203,996
2024-09-18 10:50:54.253000,412.5895458274372,9
2024-09-18 10:50:54.285000,412.5788330466038,999
2024-09-18 10:50:54.355000,412.6080686202316,8
2024-09-18 10:50:54.368000,412.567279474829,1001
2024-09-18 10:50:54.383000,412.5833250214114,101
2024-09-18 10:50:54.385000,412.59809674333394,8
2024-09-18 10:50:54.476000,412.5855187484535,102
2024-09-18 10:50:54.492000,412.61002187284896,1004
2024-09-18 10:50:54.549000,412.6124489255249,6
2024-09-18 10:50:54.560000,412.6236334481617,98
2024-09-18 10:50:54.738000,412.6182835978383,95
2024-09-18 10:50:54.747000,412.587757326238,9
2024-09-18 10:50:54.792000,412.58752506473184,995
2024-09-18 10:50:54.797000,412.6143744960573,998
2024-09-18 10:50:54.855000,412.6491817715449,15
2024-09-18 10:50:54.857000,412.5868218331397,5
2024-09-18 10:50:54.901000,412.6087727390479,100
2024-09-18 10:50:54.912000,412.5799168144512,995
2024-09-18 10:50:54.913000,412.61971396643935,1000
2024-09-18 10:50:54.995000,412.569693712288,11
2024-09-18 10:50:55.034000,412.6272255702444,101
2024-09-18 10:50:55.048000,412.6222675844915,1004
2024-09-18 10:50:55.123000,412.637190615173,1001
2024-09-18 10:50:55.159000,412.6329340708465,996
2024-09-18 10:50:55.281000,412.630791283919,98
2024-09-18 10:50:55.462000,412.6411159663521,9
2024-09-18 10:50:55.510000,412.6362989819659,1000
2024-09-18 10:50:55.555000,412.64530790709625,11
2024-09-18 10:50:55.621000,412.6257052216443,1000
2024-09-18 10:50:55.685000,412.6301237126715,999
2024-09-18 10:50:55.694000,412.6269847511648,9
2024-09-18 10:50:55.782000,412.6282687029804,7
2024-09-18 10:50:55.851000,412.62753709099496,105
2024-09-18 10:50:55.874000,412.63153706436094,1000
2024-09-18 10:50:55.893000,412.64556419663154,96
2024-09-18 10:50:55.899000,412.6487233629761,5
2024-09-18 10:50:55.909000,412.6281628240901,995
2024-09-18 10:50:56.211000,412.6020956623328,97
2024-09-18 10:50:56.292000,412.5992962746692,8
2024-09-18 10:50:56.326000,412.5981443868187,995
2024-09-18 10:50:56.382000,412.5879731818512,996
2024-09-18 10:50:56.396000,412.5953612675277,95
2024-09-18 10:50:56.499000,412.60150346661584,10
2024-09-18 10:50:56.636000,412.5943077722754,102
2024-09-18 10:50:56.983000,412.6003698417055,8
2024-09-18 10:50:57.211000,412.57028467351387,101
2024-09-18 10:50:57.300000,412.55031470742347,96
2024-09-18 10:50:57.319000,412.5345034031082,95
2024-09-18 10:50:57.376000,412.5887779988952,100
2024-09-18 10:50:57.555000,412.5749326148096,13
2024-09-18 10:50:57.597000,412.57828227468246,1004
2024-09-18 10:50:57.626000,412.5534452671567,996
2024-09-18 10:50:57.677000,412.58726747573775,999
2024-09-18 10:50:57.720000,412.5672513030291,15
2024-09-18 10:50:57.802000,412.57923204327386,1004
2024-09-18 10:50:57.921000,412.5813010842976,98
2024-09-18 10:50:57.982000,412.56909509116826,7
2024-09-18 10:50:58.008000,412.4869994979013,96
2024-09-18 10:50:58.050000,412.5156599815653,96
2024-09-18 10:50:58.262000,412.5157887940017,99
2024-09-18 10:50:58.293000,412.4718772011717,6
2024-09-18 10:50:58.353000,412.48569238853935,95
2024-09-18 10:50:58.387000,412.4836690840106,995
2024-09-18 10:50:58.535000,412.4857097649445,1003
2024-09-18 10:50:58.576000,412.4726710052503,10
2024-09-18 10:50:58.947000,412.4913117758447,8
2024-09-18 10:50:58.961000,412.525218348384,105
2024-09-18 10:50:59.104000,412.479481225216,998
2024-09-18 10:50:59.236000,412.4869843722515,104
2024-09-18 10:50:59.345000,412.5019564405081,102
2024-09-18 10:50:59.362000,412.4772663858521,1000
2024-09-18 10:50:59.379000,412.48680021210725,9
2024-09-18 10:50:59.413000,412.4799899587599,1000
2024-09-18 10:50:59.425000,412.4749073371465,12
2024-09-18 10:50:59.485000,412.5159380126784,97
2024-09-18 10:50:59.574000,412.4733353484608,99
2024-09-18 10:50:59.576000,412.4798087410691,9
2024-09-18 10:50:59.780000,412.5145152596944,10
2024-09-18 10:50:59.902000,412.49104836092914,105
2024-09-18 10:50:59.950000,412.47807635504927,100
2024-09-18 10:50:59.986000,412.4755363357891,6
