Timestamp,Price,Size
2024-09-19 15:58:00.011000,420.7775731174577,8
2024-09-19 15:58:00.029000,420.6899918384775,102
2024-09-19 15:58:00.138000,420.7273117247685,999
2024-09-19 15:58:00.153000,420.7281882955891,101
2024-09-19 15:58:00.159000,420.74242410552176,14
2024-09-19 15:58:00.161000,420.741704268358,998
2024-09-19 15:58:00.198000,420.7154275575351,102
2024-09-19 15:58:00.209000,420.6983780307681,1005
2024-09-19 15:58:00.256000,420.7809521586032,95
2024-09-19 15:58:00.298000,420.7226087124075,11
2024-09-19 15:58:00.375000,420.7022933617217,11
2024-09-19 15:58:00.389000,420.7776990573494,14
2024-09-19 15:58:00.394000,420.72185970081546,96
2024-09-19 15:58:00.480000,420.7101802022503,5
2024-09-19 15:58:00.503000,420.7153259701524,999
2024-09-19 15:58:00.508000,420.7116569559472,12
2024-09-19 15:58:00.567000,420.7107691416009,104
2024-09-19 15:58:00.584000,420.721848616926,996
2024-09-19 15:58:00.682000,420.7108194146591,1003
2024-09-19 15:58:00.714000,420.70827327924576,97
2024-09-19 15:58:00.722000,420.7406950880366,1004
2024-09-19 15:58:00.753000,420.7253694228452,1004
2024-09-19 15:58:00.776000,420.7241463360451,7
2024-09-19 15:58:00.854000,420.7277022089023,998
2024-09-19 15:58:00.918000,420.667880036481,104
2024-09-19 15:58:00.969000,420.7336593548014,101
2024-09-19 15:58:00.993000,420.75279459411,97
2024-09-19 15:58:01.106000,420.73364441933785,1003
2024-09-19 15:58:01.130000,420.7611660024604,99
2024-09-19 15:58:01.356000,420.7451211398067,997
2024-09-19 15:58:01.375000,420.7266692864812,5
2024-09-19 15:58:01.589000,420.7063335893248,999
2024-09-19 15:58:01.659000,420.749411855771,9
2024-09-19 15:58:01.999000,420.71682146639495,1003
2024-09-19 15:58:02.032000,420.6577803409973,1000
2024-09-19 15:58:02.129000,420.7496024724797,12
2024-09-19 15:58:02.140000,420.6731594164097,998
2024-09-19 15:58:02.203000,420.760064537421,13
2024-09-19 15:58:02.266000,420.7554145715823,1005
2024-09-19 15:58:02.297000,420.7637405505823,999
2024-09-19 15:58:02.298000,420.6674272283013,1003
2024-09-19 15:58:02.389000,420.7521103280935,6
2024-09-19 15:58:02.391000,420.7593041884208,6
2024-09-19 15:58:02.530000,420.7502879287616,1003
2024-09-19 15:58:02.540000,420.7032689208083,14
2024-09-19 15:58:02.562000,420.73685513903706,103
2024-09-19 15:58:02.563000,420.6996166154077,103
2024-09-19 15:58:02.651000,420.68108556659934,1003
2024-09-19 15:58:02.663000,420.7485417955172,15
2024-09-19 15:58:02.709000,420.7213117203867,996
2024-09-19 15:58:02.729000,420.6697341768034,1000
2024-09-19 15:58:02.735000,420.7567192395721,1000
2024-09-19 15:58:02.783000,420.67463249270673,1004
2024-09-19 15:58:02.794000,420.71941884742296,99
2024-09-19 15:58:02.839000,420.6724230516761,97
2024-09-19 15:58:02.868000,420.67208235847534,1003
2024-09-19 15:58:02.885000,420.6983401591506,1003
2024-09-19 15:58:02.924000,420.7121405309752,7
2024-09-19 15:58:02.945000,420.6877550850247,104
2024-09-19 15:58:02.955000,420.7470930381936,1003
2024-09-19 15:58:02.983000,420.74954876388233,101
2024-09-19 15:58:02.987000,420.746867978932,99
2024-09-19 15:58:02.997000,420.6571610529176,98
2024-09-19 15:58:03.054000,420.7277507241625,105
2024-09-19 15:58:03.125000,420.75480125136266,11
2024-09-19 15:58:03.137000,420.785990492292,6
2024-09-19 15:58:03.196000,420.7816171138528,105
2024-09-19 15:58:03.275000,420.7223370459058,11
2024-09-19 15:58:03.342000,420.7462707776031,999
2024-09-19 15:58:03.421000,420.7762822931479,104
2024-09-19 15:58:03.436000,420.7654811039517,101
2024-09-19 15:58:03.519000,420.7573880611415,7
2024-09-19 15:58:03.521000,420.73620657934015,10
2024-09-19 15:58:03.574000,420.7852100484968,14
2024-09-19 15:58:03.578000,420.7503495694936,1005
2024-09-19 15:58:03.589000,420.78945906923246,10
2024-09-19 15:58:03.594000,420.75719534848855,1000
2024-09-19 15:58:03.606000,420.7400504292952,1002
2024-09-19 15:58:03.627000,420.7613000419977,14
2024-09-19 15:58:03.675000,420.7879712508834,1004
2024-09-19 15:58:03.729000,420.7651150730634,1005
2024-09-19 15:58:03.923000,420.7613709069572,10
2024-09-19 15:58:03.928000,420.7450884221562,1005
2024-09-19 15:58:03.992000,420.7273531055221,11
2024-09-19 15:58:04.001000,420.8551355128159,96
2024-09-19 15:58:04.035000,420.8494914646524,99
2024-09-19 15:58:04.104000,420.7871571896915,1004
2024-09-19 15:58:04.413000,420.77685186572666,12
2024-09-19 15:58:04.571000,420.8213188734012,11
2024-09-19 15:58:04.586000,420.8695930066435,15
2024-09-19 15:58:04.719000,420.8465500021764,997
2024-09-19 15:58:04.752000,420.77854821088215,1002
2024-09-19 15:58:04.768000,420.7927000761711,103
2024-09-19 15:58:04.817000,420.8382857590494,5
2024-09-19 15:58:04.822000,420.7727481345232,11
2024-09-19 15:58:04.825000,420.78749017994,101
2024-09-19 15:58:04.881000,420.8895053606472,100
2024-09-19 15:58:04.956000,420.791788958826,14
2024-09-19 15:58:05.013000,420.809673898534,12
2024-09-19 15:58:05.072000,420.88736339765074,100
2024-09-19 15:58:05.156000,420.8143497017136,13
2024-09-19 15:58:05.226000,420.8891498499211,996
2024-09-19 15:58:05.387000,420.753728157114,105
2024-09-19 15:58:05.427000,420.8260689154511,6
2024-09-19 15:58:05.442000,420.863377305167,1004
2024-09-19 15:58:05.457000,420.8951363012288,105
2024-09-19 15:58:05.462000,420.7991125430301,12
2024-09-19 15:58:05.503000,420.8506571901858,14
2024-09-19 15:58:05.507000,420.89305837569793,996
2024-09-19 15:58:05.526000,420.7704071431182,1001
2024-09-19 15:58:05.621000,420.8503820049933,100
2024-09-19 15:58:05.635000,420.7439446443176,98
2024-09-19 15:58:05.642000,420.8914294480669,97
2024-09-19 15:58:05.685000,420.7886713935294,999
2024-09-19 15:58:05.750000,420.7561608903737,97
2024-09-19 15:58:05.767000,420.7943946726848,104
2024-09-19 15:58:05.820000,420.8589626062521,14
2024-09-19 15:58:05.872000,420.8740371713976,13
2024-09-19 15:58:05.928000,420.8797102049538,13
2024-09-19 15:58:05.975000,420.75249918016175,1001
2024-09-19 15:58:06.550000,420.74377901613536,97
2024-09-19 15:58:07.064000,420.7475592044052,1000
2024-09-19 15:58:07.106000,420.7234732656479,95
2024-09-19 15:58:07.160000,420.7054852411135,10
2024-09-19 15:58:07.266000,420.7180542455529,996
2024-09-19 15:58:07.294000,420.7211941110715,1005
2024-09-19 15:58:07.358000,420.6999814318672,995
2024-09-19 15:58:07.412000,420.7284417323564,13
2024-09-19 15:58:07.520000,420.6982903499375,1004
2024-09-19 15:58:07.562000,420.7129436276788,1003
2024-09-19 15:58:07.602000,420.7258576858731,98
2024-09-19 15:58:07.648000,420.68319330172665,995
2024-09-19 15:58:07.902000,420.7366746569001,100
2024-09-19 15:58:09.358000,420.7494944346078,96
2024-09-19 15:58:09.367000,420.7223442033687,101
2024-09-19 15:58:09.438000,420.7556768854389,14
2024-09-19 15:58:09.788000,420.7382788487139,999
2024-09-19 15:58:10.023000,420.7387810581622,996
2024-09-19 15:58:10.029000,420.7557893739072,995
2024-09-19 15:58:10.094000,420.7463325588616,95
2024-09-19 15:58:10.120000,420.7655582128004,103
2024-09-19 15:58:10.183000,420.7494231697939,14
2024-09-19 15:58:10.191000,420.7626568372912,6
2024-09-19 15:58:10.251000,420.7553920989674,6
2024-09-19 15:58:10.297000,420.7450365919796,100
2024-09-19 15:58:10.301000,420.7471743278278,5
2024-09-19 15:58:10.328000,420.7547249357237,1004
2024-09-19 15:58:10.414000,420.7789211144955,7
2024-09-19 15:58:10.439000,420.7439457618479,10
2024-09-19 15:58:10.478000,420.7788214849394,9
2024-09-19 15:58:10.509000,420.7427413187824,98
2024-09-19 15:58:10.544000,420.7586555908578,1003
2024-09-19 15:58:10.594000,420.7651822014493,998
2024-09-19 15:58:10.612000,420.7648874057304,997
2024-09-19 15:58:10.629000,420.74286059696607,998
2024-09-19 15:58:10.671000,420.7572746599911,105
2024-09-19 15:58:10.702000,420.7734800887435,104
2024-09-19 15:58:10.740000,420.75757469024416,12
2024-09-19 15:58:10.792000,420.7565640742087,1003
2024-09-19 15:58:10.831000,420.7608353370623,95
2024-09-19 15:58:10.883000,420.7352380715121,15
2024-09-19 15:58:10.955000,420.7449834688277,101
2024-09-19 15:58:10.975000,420.7333358283149,995
2024-09-19 15:58:10.984000,420.7463808070517,100
2024-09-19 15:58:10.993000,420.7689125963917,96
2024-09-19 15:58:11.002000,420.72737401195934,101
2024-09-19 15:58:11.041000,420.7542288557533,14
2024-09-19 15:58:11.045000,420.7354345634832,14
2024-09-19 15:58:11.137000,420.72399873631696,105
2024-09-19 15:58:11.153000,420.7139389712937,996
2024-09-19 15:58:11.199000,420.7079668351425,996
2024-09-19 15:58:11.201000,420.7252180163205,5
2024-09-19 15:58:11.226000,420.7590496951283,105
2024-09-19 15:58:11.318000,420.717895258117,15
2024-09-19 15:58:11.358000,420.71534674493824,996
2024-09-19 15:58:11.380000,420.7396438371006,105
2024-09-19 15:58:11.490000,420.73032171157126,1000
2024-09-19 15:58:11.545000,420.73682878058287,10
2024-09-19 15:58:11.552000,420.72193943346434,11
2024-09-19 15:58:11.563000,420.7327221808029,98
2024-09-19 15:58:11.608000,420.7204356963949,100
2024-09-19 15:58:11.609000,420.734008741808,103
2024-09-19 15:58:11.651000,420.7274590689064,10
2024-09-19 15:58:11.661000,420.7443230277463,96
2024-09-19 15:58:11.804000,420.7090442482069,104
2024-09-19 15:58:11.966000,420.7385941155386,95
2024-09-19 15:58:11.974000,420.72294017682265,9
2024-09-19 15:58:12.026000,420.7524971280855,1000
2024-09-19 15:58:12.076000,420.7563960267768,104
2024-09-19 15:58:12.178000,420.7752607502552,13
2024-09-19 15:58:12.193000,420.77884529671314,1003
2024-09-19 15:58:12.355000,420.77123353158606,14
2024-09-19 15:58:12.390000,420.7653338061251,95
2024-09-19 15:58:12.449000,420.7492248038599,8
2024-09-19 15:58:12.562000,420.7315222261328,102
2024-09-19 15:58:12.571000,420.7396553107722,999
2024-09-19 15:58:12.684000,420.75423543082695,8
2024-09-19 15:58:12.693000,420.7734068089636,15
2024-09-19 15:58:12.749000,420.7588209009127,97
2024-09-19 15:58:12.755000,420.72841842061854,996
2024-09-19 15:58:12.782000,420.7512040593148,1004
2024-09-19 15:58:12.799000,420.761727250469,1003
2024-09-19 15:58:12.801000,420.7351417354603,97
2024-09-19 15:58:12.809000,420.75760643920137,97
2024-09-19 15:58:12.825000,420.7407834384407,105
2024-09-19 15:58:12.928000,420.7491487563578,102
2024-09-19 15:58:12.938000,420.7831902180162,995
2024-09-19 15:58:13.155000,420.703038704032,995
2024-09-19 15:58:13.158000,420.6790043182523,98
2024-09-19 15:58:13.218000,420.73344079780975,97
2024-09-19 15:58:13.271000,420.7243093797662,999
2024-09-19 15:58:13.331000,420.6932493816979,14
2024-09-19 15:58:13.363000,420.6797156618448,1004
2024-09-19 15:58:13.437000,420.7056343374767,9
2024-09-19 15:58:13.498000,420.7090017150577,997
2024-09-19 15:58:13.527000,420.69467032041024,97
2024-09-19 15:58:13.551000,420.7252162263974,999
2024-09-19 15:58:13.912000,420.6576528286877,105
2024-09-19 15:58:14.538000,420.6864321048803,95
2024-09-19 15:58:14.666000,420.6869334104911,1002
2024-09-19 15:58:14.693000,420.705190716324,97
2024-09-19 15:58:15.037000,419.7653502162009,1005
2024-09-19 15:58:15.091000,419.7767385053368,105
2024-09-19 15:58:15.623000,420.7366790522051,97
2024-09-19 15:58:15.786000,420.7638995683199,5
2024-09-19 15:58:15.950000,420.7487968499108,995
2024-09-19 15:58:15.950000,420.7548119358495,97
2024-09-19 15:58:16.003000,420.7256433795687,8
2024-09-19 15:58:16.068000,420.7430933651601,999
2024-09-19 15:58:16.264000,420.741767058863,105
2024-09-19 15:58:16.326000,420.7594207364004,998
2024-09-19 15:58:16.328000,420.7222232144471,11
2024-09-19 15:58:16.387000,420.7260390537046,14
2024-09-19 15:58:16.485000,420.7280408102555,95
2024-09-19 15:58:16.735000,420.7311882005128,997
2024-09-19 15:58:16.737000,420.7449247121676,95
2024-09-19 15:58:16.865000,420.74579981284194,15
2024-09-19 15:58:17.250000,420.73580328064935,1005
2024-09-19 15:58:17.270000,420.7541947136673,15
2024-09-19 15:58:17.277000,420.73153587025087,14
2024-09-19 15:58:17.304000,420.7458579634312,1005
2024-09-19 15:58:17.565000,420.7674053432744,11
2024-09-19 15:58:17.777000,420.77185046121895,8
2024-09-19 15:58:17.891000,420.7570603161439,11
2024-09-19 15:58:17.915000,420.7654309077538,105
2024-09-19 15:58:17.928000,420.7400249974911,101
2024-09-19 15:58:18.137000,420.78526786703793,96
2024-09-19 15:58:18.356000,420.8033489033475,95
2024-09-19 15:58:18.431000,420.7849796293941,1000
2024-09-19 15:58:18.451000,420.7659012217416,97
2024-09-19 15:58:18.466000,420.7661371788532,1001
2024-09-19 15:58:18.708000,420.77330910734895,102
2024-09-19 15:58:18.830000,420.7809660080813,997
2024-09-19 15:58:19.223000,420.7366060408434,9
2024-09-19 15:58:19.269000,420.7495012019541,100
2024-09-19 15:58:19.345000,420.7462855549978,1003
2024-09-19 15:58:19.431000,420.8286540812763,103
2024-09-19 15:58:19.474000,420.7849367252781,1003
2024-09-19 15:58:19.564000,420.7945965072209,6
2024-09-19 15:58:19.564000,420.7388218629548,105
2024-09-19 15:58:19.583000,420.8204479295621,7
2024-09-19 15:58:19.643000,420.7832203745706,104
2024-09-19 15:58:19.664000,420.8225210615223,96
2024-09-19 15:58:19.755000,420.8080367588394,95
2024-09-19 15:58:19.757000,420.7663864362767,5
2024-09-19 15:58:19.761000,420.78886660633,6
2024-09-19 15:58:19.786000,420.7506855064794,996
2024-09-19 15:58:19.830000,420.7828335848352,101
2024-09-19 15:58:19.848000,420.7378013646015,10
2024-09-19 15:58:19.863000,420.77096236427656,1000
2024-09-19 15:58:19.955000,420.75574292767175,7
2024-09-19 15:58:19.973000,420.7434520839398,95
2024-09-19 15:58:20.063000,420.72997514210766,9
2024-09-19 15:58:20.235000,420.71670670367854,998
2024-09-19 15:58:20.292000,420.7411217835245,95
2024-09-19 15:58:20.378000,420.7189411960841,7
2024-09-19 15:58:20.496000,420.7442379345517,1003
2024-09-19 15:58:20.751000,420.7202943334844,15
2024-09-19 15:58:20.852000,420.7060914100615,997
2024-09-19 15:58:20.935000,420.74039835685255,1003
2024-09-19 15:58:21.032000,420.7158988633846,996
2024-09-19 15:58:21.040000,420.7780031054396,998
2024-09-19 15:58:21.103000,420.7070999015133,15
2024-09-19 15:58:21.108000,420.74814200878313,6
2024-09-19 15:58:21.148000,420.70994707547857,7
2024-09-19 15:58:21.210000,420.7518197020487,9
2024-09-19 15:58:21.330000,420.7800064601826,1004
2024-09-19 15:58:21.372000,420.7386253093855,999
2024-09-19 15:58:21.396000,420.702380806367,1003
2024-09-19 15:58:21.464000,420.7531830772834,11
2024-09-19 15:58:21.529000,420.7585930686892,13
2024-09-19 15:58:21.559000,420.7471552509172,103
2024-09-19 15:58:21.575000,420.7070568578199,8
2024-09-19 15:58:21.620000,420.7850409739663,102
2024-09-19 15:58:21.625000,420.7513544504191,996
2024-09-19 15:58:21.696000,420.71343168577886,102
2024-09-19 15:58:21.704000,420.78047652616976,1003
2024-09-19 15:58:21.712000,420.7834808519905,102
2024-09-19 15:58:21.907000,420.7569899365455,1003
2024-09-19 15:58:21.912000,420.6827945385653,5
2024-09-19 15:58:21.925000,420.7899698469977,6
2024-09-19 15:58:21.937000,420.7922097560303,1000
2024-09-19 15:58:21.942000,420.7862357326743,1005
2024-09-19 15:58:21.955000,420.7809556571042,103
2024-09-19 15:58:22.241000,420.83951436435854,12
2024-09-19 15:58:22.782000,420.8259125448527,10
2024-09-19 15:58:22.819000,420.8364507671092,105
2024-09-19 15:58:22.904000,420.84320179582807,9
2024-09-19 15:58:22.946000,420.8060945925292,96
2024-09-19 15:58:23.035000,420.8531359632692,8
2024-09-19 15:58:23.092000,420.8753034966187,99
2024-09-19 15:58:23.104000,420.8347950205868,1004
2024-09-19 15:58:23.154000,420.9035225208775,8
2024-09-19 15:58:23.169000,420.89977624152914,104
2024-09-19 15:58:23.176000,420.8758884365647,996
2024-09-19 15:58:23.185000,420.8457723501561,1002
2024-09-19 15:58:23.229000,420.88330208334986,95
2024-09-19 15:58:23.254000,420.8456199546621,102
2024-09-19 15:58:23.348000,420.8932543817202,1003
2024-09-19 15:58:23.352000,420.877750624949,1004
2024-09-19 15:58:23.369000,420.87171640948776,14
2024-09-19 15:58:23.572000,420.90287911408734,1004
2024-09-19 15:58:23.598000,420.906992125017,103
2024-09-19 15:58:23.605000,420.91916759768,97
2024-09-19 15:58:23.605000,420.87665263001225,999
2024-09-19 15:58:23.650000,420.8399589675119,7
2024-09-19 15:58:23.669000,420.8845188236239,6
2024-09-19 15:58:23.678000,420.8635926177405,102
2024-09-19 15:58:23.784000,420.8953765537442,15
2024-09-19 15:58:23.785000,420.8696143512236,97
2024-09-19 15:58:23.799000,420.8626104834558,97
2024-09-19 15:58:23.819000,420.88173095166513,997
2024-09-19 15:58:23.890000,420.912188613662,97
2024-09-19 15:58:23.990000,420.86145549781713,996
2024-09-19 15:58:23.991000,420.87425527675714,105
2024-09-19 15:58:24.010000,421.0149042177512,95
2024-09-19 15:58:24.057000,421.0151176209813,1002
2024-09-19 15:58:24.126000,420.9884986378999,98
2024-09-19 15:58:24.153000,421.00470127348336,100
2024-09-19 15:58:24.201000,420.91382147612194,14
2024-09-19 15:58:24.209000,420.941342084613,96
2024-09-19 15:58:24.224000,421.0168583652322,8
2024-09-19 15:58:24.256000,421.02133843101694,997
2024-09-19 15:58:24.291000,421.0048327408108,1001
2024-09-19 15:58:24.336000,420.9240541132246,102
2024-09-19 15:58:24.360000,420.964191491324,13
2024-09-19 15:58:24.420000,421.02171068810367,15
2024-09-19 15:58:24.471000,421.005717596719,6
2024-09-19 15:58:24.492000,420.9919191791757,104
2024-09-19 15:58:24.552000,420.9151246171539,1004
2024-09-19 15:58:24.575000,421.01650415273184,998
2024-09-19 15:58:24.588000,420.91947636946594,997
2024-09-19 15:58:24.701000,420.9284198206696,7
2024-09-19 15:58:24.761000,420.9731437474844,1003
2024-09-19 15:58:24.776000,420.9499064340388,6
2024-09-19 15:58:24.797000,421.0169364567322,15
2024-09-19 15:58:24.842000,421.0194378418448,998
2024-09-19 15:58:24.852000,420.9611665079948,998
2024-09-19 15:58:24.862000,420.9815338165821,96
2024-09-19 15:58:24.893000,420.9611740511254,7
2024-09-19 15:58:24.897000,421.00890975783307,8
2024-09-19 15:58:24.934000,420.98316318201455,15
2024-09-19 15:58:24.984000,420.9971950714158,1004
2024-09-19 15:58:25.021000,421.0167642358166,8
2024-09-19 15:58:25.101000,421.01836647576505,11
2024-09-19 15:58:25.105000,421.02687686613456,1002
2024-09-19 15:58:25.252000,421.02769204629976,11
2024-09-19 15:58:25.257000,421.01677309397184,100
2024-09-19 15:58:25.349000,421.04985713140366,8
2024-09-19 15:58:25.356000,421.05631093148406,101
2024-09-19 15:58:25.540000,421.059617809493,12
2024-09-19 15:58:25.626000,421.0365659636365,10
2024-09-19 15:58:25.773000,421.02290132027497,999
2024-09-19 15:58:25.931000,421.007935868771,997
2024-09-19 15:58:25.974000,421.02217327838696,9
2024-09-19 15:58:25.982000,421.00898734981325,96
2024-09-19 15:58:26.194000,421.06265409306326,100
2024-09-19 15:58:26.249000,421.0397220753872,1004
2024-09-19 15:58:26.336000,421.06874189182753,15
2024-09-19 15:58:26.435000,421.03659424156655,96
2024-09-19 15:58:26.675000,421.046985864528,9
2024-09-19 15:58:26.715000,421.0260921239947,1003
2024-09-19 15:58:26.733000,421.0621156080911,14
2024-09-19 15:58:26.770000,421.023719608589,10
2024-09-19 15:58:26.940000,421.05257692317633,10
2024-09-19 15:58:26.984000,421.0385753527721,99
2024-09-19 15:58:27.002000,421.0254061515397,103
2024-09-19 15:58:27.113000,421.0128697355487,5
2024-09-19 15:58:27.224000,421.0292739593194,1001
2024-09-19 15:58:27.262000,421.01075611506434,1002
2024-09-19 15:58:27.288000,421.0538355878421,14
2024-09-19 15:58:27.311000,421.0318489659787,99
2024-09-19 15:58:27.312000,421.04942509632446,7
2024-09-19 15:58:27.323000,420.98799492241966,13
2024-09-19 15:58:27.451000,421.03572719413313,11
2024-09-19 15:58:27.462000,421.0235804604727,104
2024-09-19 15:58:27.464000,421.0174641306504,14
2024-09-19 15:58:27.476000,420.9827947381696,12
2024-09-19 15:58:27.477000,420.97717182765257,9
2024-09-19 15:58:27.479000,421.0082655092756,95
2024-09-19 15:58:27.514000,421.0110204415327,999
2024-09-19 15:58:27.514000,421.0161385421189,1005
2024-09-19 15:58:27.514000,420.9876433170261,100
2024-09-19 15:58:27.522000,420.9840057505782,7
2024-09-19 15:58:27.615000,421.01172319799264,100
2024-09-19 15:58:27.711000,421.0609425565085,13
2024-09-19 15:58:27.713000,421.0118271136684,102
2024-09-19 15:58:27.755000,421.0102556174701,1003
2024-09-19 15:58:27.768000,420.9960246572852,95
2024-09-19 15:58:27.874000,420.9973273033949,1003
2024-09-19 15:58:27.877000,421.028093072388,13
2024-09-19 15:58:27.944000,421.01913625428375,1000
2024-09-19 15:58:27.950000,420.9941185807025,101
2024-09-19 15:58:27.977000,421.0223786246669,96
2024-09-19 15:58:28.027000,420.9000438575035,9
2024-09-19 15:58:28.120000,420.9500417259589,104
2024-09-19 15:58:28.193000,420.9218681166859,996
2024-09-19 15:58:28.341000,420.9280657795308,7
2024-09-19 15:58:28.345000,420.910843293438,997
2024-09-19 15:58:28.574000,420.96484140792353,104
2024-09-19 15:58:28.583000,420.9365916216199,8
2024-09-19 15:58:28.600000,420.9243286660107,14
2024-09-19 15:58:28.614000,420.9006419187568,997
2024-09-19 15:58:28.667000,420.9045364333936,12
2024-09-19 15:58:28.680000,420.89835662456727,11
2024-09-19 15:58:28.688000,420.8984152198868,996
2024-09-19 15:58:28.769000,420.904006058191,15
2024-09-19 15:58:28.798000,420.9437066664887,10
2024-09-19 15:58:28.817000,420.9017949601409,103
2024-09-19 15:58:28.934000,420.9148290586015,13
2024-09-19 15:58:28.971000,420.96279424312473,15
2024-09-19 15:58:29.024000,420.9114520205638,995
2024-09-19 15:58:29.125000,420.92799103967866,101
2024-09-19 15:58:29.135000,420.9239300338011,104
2024-09-19 15:58:29.308000,420.8792480803046,8
2024-09-19 15:58:29.319000,420.9393338850476,99
2024-09-19 15:58:29.355000,420.8866264809308,995
2024-09-19 15:58:29.356000,420.9153617316427,997
2024-09-19 15:58:29.358000,420.93775814519984,98
2024-09-19 15:58:29.362000,420.9274080048653,103
2024-09-19 15:58:29.375000,420.9241383407573,95
2024-09-19 15:58:29.483000,420.9388954332487,6
2024-09-19 15:58:29.497000,420.91797796430217,105
2024-09-19 15:58:29.558000,420.930159735436,10
2024-09-19 15:58:29.670000,420.9273425030257,12
2024-09-19 15:58:29.737000,420.9085053091678,11
2024-09-19 15:58:29.833000,420.9085048744768,100
2024-09-19 15:58:29.867000,420.92111653499376,13
2024-09-19 15:58:29.884000,420.9146231234774,96
2024-09-19 15:58:29.894000,420.90789888212345,12
2024-09-19 15:58:29.905000,420.9222763828855,996
2024-09-19 15:58:29.936000,420.9508823439873,101
2024-09-19 15:58:29.992000,420.95687990570246,998
2024-09-19 15:58:29.995000,420.9408948258697,100
2024-09-19 15:58:30.197000,420.8739407420515,95
2024-09-19 15:58:30.281000,420.8723304491475,9
2024-09-19 15:58:30.313000,420.8546337274926,10
2024-09-19 15:58:30.316000,420.8606771782328,95
2024-09-19 15:58:30.440000,420.8766346550476,999
2024-09-19 15:58:30.451000,420.8694371293481,9
2024-09-19 15:58:30.490000,420.8796988557014,14
2024-09-19 15:58:30.516000,420.8984027963471,95
2024-09-19 15:58:30.555000,420.8604162809928,95
2024-09-19 15:58:30.604000,420.888554211072,998
2024-09-19 15:58:30.632000,420.8911926123863,15
2024-09-19 15:58:30.646000,420.8653493134036,96
2024-09-19 15:58:30.890000,420.886861143617,998
2024-09-19 15:58:30.921000,420.8954863408755,95
2024-09-19 15:58:30.955000,420.89052153001455,997
2024-09-19 15:58:30.971000,420.8549321839572,97
2024-09-19 15:58:30.985000,420.8538801886621,97
2024-09-19 15:58:31.033000,420.8242648690726,1004
2024-09-19 15:58:31.099000,420.8551973660563,10
2024-09-19 15:58:31.105000,420.8559101404314,9
2024-09-19 15:58:31.195000,420.86006296900064,999
2024-09-19 15:58:31.353000,420.8330568674376,10
2024-09-19 15:58:31.405000,420.8622310115741,999
2024-09-19 15:58:31.410000,420.8470595480574,13
2024-09-19 15:58:31.427000,420.802778905223,104
2024-09-19 15:58:31.476000,420.8427518358825,1004
2024-09-19 15:58:31.566000,420.844722302104,1002
2024-09-19 15:58:31.568000,420.8785706420301,11
2024-09-19 15:58:31.599000,420.8524492035722,995
2024-09-19 15:58:31.722000,420.82024217871214,1002
2024-09-19 15:58:31.724000,420.8131324559221,99
2024-09-19 15:58:31.734000,420.8504069038297,13
2024-09-19 15:58:31.829000,420.87045844455776,95
2024-09-19 15:58:31.832000,420.8311776533872,5
2024-09-19 15:58:31.838000,420.8555941683682,99
2024-09-19 15:58:31.902000,420.8582887055889,98
2024-09-19 15:58:32.003000,420.8608883347058,996
2024-09-19 15:58:32.004000,420.89055757512233,1005
2024-09-19 15:58:32.080000,420.871304277269,5
2024-09-19 15:58:32.088000,420.85767217501495,14
2024-09-19 15:58:32.095000,420.8251867557935,1000
2024-09-19 15:58:32.097000,420.8568615477441,1005
2024-09-19 15:58:32.136000,420.8771467009496,997
2024-09-19 15:58:32.147000,420.8855240484478,97
2024-09-19 15:58:32.171000,420.86637748596166,14
2024-09-19 15:58:32.193000,420.8958138769042,102
2024-09-19 15:58:32.194000,420.84361645838703,995
2024-09-19 15:58:32.290000,420.8668242795503,13
2024-09-19 15:58:32.324000,420.8577772307981,102
2024-09-19 15:58:32.360000,420.8584976059816,1005
2024-09-19 15:58:32.362000,420.868373344421,13
2024-09-19 15:58:32.467000,420.8680577630707,995
2024-09-19 15:58:32.483000,420.8648308617331,11
2024-09-19 15:58:32.649000,420.8597408116535,1000
2024-09-19 15:58:32.675000,420.86480669034216,102
2024-09-19 15:58:32.747000,420.8790425199749,1001
2024-09-19 15:58:32.754000,420.8779643573824,995
2024-09-19 15:58:32.757000,420.8454646329616,1003
2024-09-19 15:58:32.773000,420.8474542898149,99
2024-09-19 15:58:32.866000,420.87322296779536,96
2024-09-19 15:58:32.879000,420.8647181524026,97
2024-09-19 15:58:32.888000,420.8733093756493,101
2024-09-19 15:58:32.896000,420.8621250420045,98
2024-09-19 15:58:32.927000,420.8546305762478,102
2024-09-19 15:58:32.973000,420.8601116390835,105
2024-09-19 15:58:33.099000,420.9158552488908,15
2024-09-19 15:58:33.455000,420.8956944787896,95
2024-09-19 15:58:33.603000,420.8998971173387,1005
2024-09-19 15:58:33.627000,420.8828530681794,1001
2024-09-19 15:58:33.762000,420.8858847444135,8
2024-09-19 15:58:33.912000,420.886158508273,1001
2024-09-19 15:58:34.157000,420.8949644778693,11
2024-09-19 15:58:35.026000,420.9153697401452,1005
2024-09-19 15:58:35.083000,420.90611012638334,5
2024-09-19 15:58:35.189000,420.9020217185962,101
2024-09-19 15:58:35.223000,420.88952822152106,12
2024-09-19 15:58:35.231000,420.9063201695646,103
2024-09-19 15:58:35.234000,420.9014441202783,101
2024-09-19 15:58:35.303000,420.92687257567167,9
2024-09-19 15:58:35.305000,420.8928611061805,12
2024-09-19 15:58:35.342000,420.9239974427624,102
2024-09-19 15:58:35.373000,420.917180922927,105
2024-09-19 15:58:35.438000,420.9069740992468,103
2024-09-19 15:58:35.528000,420.9063393484704,996
2024-09-19 15:58:35.659000,420.8928636174429,6
2024-09-19 15:58:35.701000,420.91025939893495,102
2024-09-19 15:58:35.726000,420.905077588978,997
2024-09-19 15:58:35.755000,420.9083213783733,1002
2024-09-19 15:58:35.804000,420.9166193095256,15
2024-09-19 15:58:35.904000,420.9375417680369,998
2024-09-19 15:58:35.929000,420.9081401559035,99
2024-09-19 15:58:35.961000,420.9124364791911,1001
2024-09-19 15:58:35.966000,420.9100633482346,1002
2024-09-19 15:58:36.008000,420.8857397975058,15
2024-09-19 15:58:36.018000,420.9021008837248,9
2024-09-19 15:58:36.073000,420.8787636560058,12
2024-09-19 15:58:36.103000,420.8970066907409,1005
2024-09-19 15:58:36.142000,420.8683651757556,14
2024-09-19 15:58:36.151000,420.90322416824296,14
2024-09-19 15:58:36.225000,420.85933354720464,96
2024-09-19 15:58:36.363000,420.8800514205942,995
2024-09-19 15:58:36.482000,420.8710364972416,100
2024-09-19 15:58:36.570000,420.88615792062,6
2024-09-19 15:58:36.595000,420.8953644559783,8
2024-09-19 15:58:36.623000,420.8952031075264,103
2024-09-19 15:58:36.633000,420.8613935649272,15
2024-09-19 15:58:36.658000,420.897168923657,1005
2024-09-19 15:58:36.709000,420.87506615953737,103
2024-09-19 15:58:36.728000,420.8821189768729,97
2024-09-19 15:58:36.845000,420.8848738557388,104
2024-09-19 15:58:36.893000,420.8746812726965,995
2024-09-19 15:58:36.917000,420.8723764501604,5
2024-09-19 15:58:36.960000,420.8794720507965,6
2024-09-19 15:58:37.062000,420.8792108909722,12
2024-09-19 15:58:37.100000,420.88612284996753,7
2024-09-19 15:58:37.117000,420.8986138904576,1003
2024-09-19 15:58:37.177000,420.899268775623,101
2024-09-19 15:58:37.187000,420.8862956058627,1000
2024-09-19 15:58:37.230000,420.8937662170616,1000
2024-09-19 15:58:37.298000,420.853133473996,996
2024-09-19 15:58:37.330000,420.8773093044972,98
2024-09-19 15:58:37.347000,420.8912734911236,8
2024-09-19 15:58:37.355000,420.8954436324457,97
2024-09-19 15:58:37.429000,420.8906917861564,13
2024-09-19 15:58:37.456000,420.8968663883133,7
2024-09-19 15:58:37.510000,420.8718174552964,8
2024-09-19 15:58:37.523000,420.8985949331413,8
2024-09-19 15:58:37.572000,420.8794500199522,9
2024-09-19 15:58:37.591000,420.9016509016071,997
2024-09-19 15:58:37.612000,420.9012769502023,95
2024-09-19 15:58:37.639000,420.85779403371896,999
2024-09-19 15:58:37.663000,420.8850978823047,101
2024-09-19 15:58:37.759000,420.8852093402039,997
2024-09-19 15:58:37.772000,420.8972531199783,1002
2024-09-19 15:58:37.923000,420.8914276706191,11
2024-09-19 15:58:37.932000,420.88022572586345,104
2024-09-19 15:58:37.935000,420.88958872844887,1004
2024-09-19 15:58:37.983000,420.889830110067,13
2024-09-19 15:58:37.995000,420.8619565354253,11
2024-09-19 15:58:38.070000,420.8459491114812,15
2024-09-19 15:58:38.401000,420.8543699012218,100
2024-09-19 15:58:38.470000,420.850184345449,99
2024-09-19 15:58:38.514000,420.8554593665667,995
2024-09-19 15:58:38.808000,420.8569175904374,101
2024-09-19 15:58:38.931000,420.8485788524309,996
2024-09-19 15:58:39.005000,420.9045303339748,1004
2024-09-19 15:58:39.025000,420.862886043983,101
2024-09-19 15:58:39.132000,420.8650376600379,13
2024-09-19 15:58:39.161000,420.86207532950846,102
2024-09-19 15:58:39.169000,420.9000133483101,101
2024-09-19 15:58:39.174000,420.931973936234,5
2024-09-19 15:58:39.213000,420.9150827196677,996
2024-09-19 15:58:39.297000,420.8709005563754,1002
2024-09-19 15:58:39.317000,420.9102289670636,9
2024-09-19 15:58:39.323000,420.8711566970716,95
2024-09-19 15:58:39.411000,420.9120278506009,1005
2024-09-19 15:58:39.479000,420.8965985678096,1004
2024-09-19 15:58:39.487000,420.866050728134,99
2024-09-19 15:58:39.516000,420.92729899051966,14
2024-09-19 15:58:39.536000,420.8657736570185,9
2024-09-19 15:58:39.578000,420.9410496366313,9
2024-09-19 15:58:39.685000,420.9084935908775,1004
2024-09-19 15:58:39.711000,420.8777811004412,9
2024-09-19 15:58:39.766000,420.91996590506966,1003
2024-09-19 15:58:39.791000,420.8832064740119,103
2024-09-19 15:58:39.825000,420.9339533320058,96
2024-09-19 15:58:39.853000,420.9263432429626,15
2024-09-19 15:58:39.882000,420.9033247408004,95
2024-09-19 15:58:39.909000,420.9180823090292,996
2024-09-19 15:58:39.989000,420.9120820267195,7
2024-09-19 15:58:40.002000,420.8838910985199,6
2024-09-19 15:58:40.073000,420.89862809538266,5
2024-09-19 15:58:40.148000,420.90591653238073,1003
2024-09-19 15:58:40.180000,420.9195161910552,104
2024-09-19 15:58:40.195000,420.9099188257844,10
2024-09-19 15:58:40.213000,420.9055260462886,9
2024-09-19 15:58:40.215000,420.915983930646,1003
2024-09-19 15:58:40.300000,420.8791364171831,14
2024-09-19 15:58:40.304000,420.9050602323923,95
2024-09-19 15:58:40.306000,420.8787564550543,995
2024-09-19 15:58:40.307000,420.91892060001567,10
2024-09-19 15:58:40.318000,420.8887255139788,100
2024-09-19 15:58:40.343000,420.877538268134,7
2024-09-19 15:58:40.399000,420.86961257744207,996
2024-09-19 15:58:40.403000,420.88915725870606,99
2024-09-19 15:58:40.448000,420.9143194566743,997
2024-09-19 15:58:40.541000,420.9077264519885,102
2024-09-19 15:58:40.600000,420.8902993943034,1000
2024-09-19 15:58:40.629000,420.9038542878085,999
2024-09-19 15:58:40.713000,420.8989128324293,1001
2024-09-19 15:58:40.749000,420.9337496876311,1001
2024-09-19 15:58:40.762000,420.86719688571606,1000
2024-09-19 15:58:40.796000,420.9183782415868,1005
2024-09-19 15:58:40.798000,420.9068873830817,13
2024-09-19 15:58:40.982000,420.9152421614184,105
2024-09-19 15:58:40.996000,420.8938242527434,5
2024-09-19 15:58:41.220000,420.93938987321474,15
2024-09-19 15:58:41.621000,420.19219860459935,1001
2024-09-19 15:58:41.735000,420.9067612903536,103
2024-09-19 15:58:41.956000,420.903309021612,1004
2024-09-19 15:58:41.981000,420.9240075266117,1000
2024-09-19 15:58:42.059000,420.9979040468335,1002
2024-09-19 15:58:42.192000,421.0242092204435,1003
2024-09-19 15:58:42.237000,421.00255938526914,1000
2024-09-19 15:58:42.263000,420.95227355819424,13
2024-09-19 15:58:42.381000,420.9641032666704,100
2024-09-19 15:58:42.402000,420.9928524923502,95
2024-09-19 15:58:42.521000,420.9582899046872,999
2024-09-19 15:58:42.788000,421.0192176096512,1001
2024-09-19 15:58:42.788000,420.9672377638101,997
2024-09-19 15:58:42.800000,421.02210317572553,13
2024-09-19 15:58:42.852000,421.0180253519359,97
2024-09-19 15:58:42.942000,421.0196066359867,103
2024-09-19 15:58:42.954000,420.9665022085061,104
2024-09-19 15:58:43.209000,421.038961635403,1002
2024-09-19 15:58:43.330000,420.996572311022,98
2024-09-19 15:58:43.618000,421.0373228740538,96
2024-09-19 15:58:43.620000,421.0389432034198,995
2024-09-19 15:58:43.676000,421.009385090861,104
2024-09-19 15:58:43.688000,420.9908009167361,1004
2024-09-19 15:58:43.742000,421.04806784961096,997
2024-09-19 15:58:43.802000,421.0275155959728,996
2024-09-19 15:58:43.827000,421.0218116360076,96
2024-09-19 15:58:43.892000,421.0144071401224,1003
2024-09-19 15:58:43.902000,421.0403164790685,995
2024-09-19 15:58:43.957000,421.0000313727835,997
2024-09-19 15:58:44.030000,421.05671737804215,1004
2024-09-19 15:58:44.033000,421.0192139585581,996
2024-09-19 15:58:44.084000,421.0277296183456,95
2024-09-19 15:58:44.114000,421.0120222011631,101
2024-09-19 15:58:44.132000,421.0420875376959,99
2024-09-19 15:58:44.175000,421.0646323379485,1004
2024-09-19 15:58:44.180000,421.05201806933104,6
2024-09-19 15:58:44.251000,421.0403137050681,996
2024-09-19 15:58:44.253000,421.0085829270248,7
2024-09-19 15:58:44.271000,421.0323608996697,101
2024-09-19 15:58:44.305000,421.03664018040297,10
2024-09-19 15:58:44.315000,420.982562580769,1002
2024-09-19 15:58:44.319000,421.0470330135669,103
2024-09-19 15:58:44.391000,421.0457693525592,103
2024-09-19 15:58:44.394000,420.9886938748011,104
2024-09-19 15:58:44.454000,421.0190049429465,97
2024-09-19 15:58:44.460000,421.0211575965429,8
2024-09-19 15:58:44.490000,420.9974702851575,100
2024-09-19 15:58:44.527000,421.0328794332516,1002
2024-09-19 15:58:44.578000,421.0465551806584,995
2024-09-19 15:58:44.582000,421.0267455244778,96
2024-09-19 15:58:44.633000,421.053090123649,8
2024-09-19 15:58:44.686000,421.01887968041865,11
2024-09-19 15:58:44.710000,421.0369606174957,1003
2024-09-19 15:58:44.717000,421.0325720926942,8
2024-09-19 15:58:44.718000,421.04285195539165,1005
2024-09-19 15:58:44.738000,421.04527382211216,102
2024-09-19 15:58:44.749000,421.0204852693621,997
2024-09-19 15:58:44.775000,421.0193952236454,10
2024-09-19 15:58:44.907000,421.04591057879503,95
2024-09-19 15:58:45.013000,421.1058012158968,96
2024-09-19 15:58:45.094000,421.1025407447216,100
2024-09-19 15:58:45.136000,421.0392522911758,104
2024-09-19 15:58:45.185000,421.1166138085897,6
2024-09-19 15:58:45.270000,421.09545520214607,9
2024-09-19 15:58:45.277000,421.0416356080642,996
2024-09-19 15:58:45.290000,421.103640504083,103
2024-09-19 15:58:45.315000,421.1333167686548,102
2024-09-19 15:58:45.341000,421.00302272910574,1005
2024-09-19 15:58:45.396000,421.0682592165648,9
2024-09-19 15:58:45.471000,421.1253437861111,102
2024-09-19 15:58:45.479000,420.9950132314704,95
2024-09-19 15:58:45.492000,421.1021299027572,103
2024-09-19 15:58:45.510000,421.119423633208,1004
2024-09-19 15:58:45.514000,421.1066484130852,13
2024-09-19 15:58:45.540000,421.0457554842206,6
2024-09-19 15:58:45.550000,421.0238534788032,10
2024-09-19 15:58:45.567000,421.1253269497711,12
2024-09-19 15:58:45.571000,420.9924132035887,105
2024-09-19 15:58:45.608000,421.0003326660744,7
2024-09-19 15:58:45.629000,421.1164021662535,997
2024-09-19 15:58:45.676000,421.1195440512801,9
2024-09-19 15:58:45.715000,421.10346623856594,999
2024-09-19 15:58:45.746000,421.1027225800144,11
2024-09-19 15:58:45.755000,421.0388128827863,105
2024-09-19 15:58:45.758000,420.9975688471509,8
2024-09-19 15:58:45.785000,421.0235133165703,11
2024-09-19 15:58:45.928000,421.0201753854315,96
2024-09-19 15:58:45.959000,421.1184789671961,1002
2024-09-19 15:58:45.964000,421.087358033759,1005
2024-09-19 15:58:46.239000,421.13325562439616,9
2024-09-19 15:58:46.536000,421.1416000497339,12
2024-09-19 15:58:47.174000,421.1662005545625,12
2024-09-19 15:58:47.414000,421.16647204763024,1003
2024-09-19 15:58:47.422000,421.12664402596766,12
2024-09-19 15:58:47.938000,421.1862568494764,997
2024-09-19 15:58:48,421.2084090227036,102
2024-09-19 15:58:48.020000,421.2139740887923,7
2024-09-19 15:58:48.054000,421.313029862735,96
2024-09-19 15:58:48.197000,421.289297815732,96
2024-09-19 15:58:48.202000,421.2096106046879,1005
2024-09-19 15:58:48.219000,421.296384653442,9
2024-09-19 15:58:48.230000,421.2659786421215,101
2024-09-19 15:58:48.384000,421.2959097785283,9
2024-09-19 15:58:48.492000,421.20631878543577,104
2024-09-19 15:58:48.585000,421.1947077173876,102
2024-09-19 15:58:48.600000,421.230515792842,1000
2024-09-19 15:58:48.607000,421.2925873878604,104
2024-09-19 15:58:48.609000,421.1737367117368,995
2024-09-19 15:58:48.612000,421.2863078414982,96
2024-09-19 15:58:48.835000,421.1649376506351,1003
2024-09-19 15:58:48.855000,421.1781704133113,9
2024-09-19 15:58:48.887000,421.2831724555011,99
2024-09-19 15:58:48.893000,421.2446175844317,105
2024-09-19 15:58:48.938000,421.21439091299135,12
2024-09-19 15:58:48.966000,421.1913013884993,1000
2024-09-19 15:58:49.039000,421.34484596716015,1000
2024-09-19 15:58:49.040000,421.3215311458872,105
2024-09-19 15:58:49.115000,421.30514420201337,98
2024-09-19 15:58:49.217000,421.33753467811664,101
2024-09-19 15:58:49.364000,421.3007977648559,12
2024-09-19 15:58:49.392000,421.3558334262999,15
2024-09-19 15:58:49.405000,421.2824973925752,995
2024-09-19 15:58:49.634000,421.3175236513568,1004
2024-09-19 15:58:49.637000,421.2787380043419,101
2024-09-19 15:58:49.818000,421.3007966190192,1004
2024-09-19 15:58:49.859000,421.3198023466052,9
2024-09-19 15:58:49.861000,421.3146463149416,10
2024-09-19 15:58:49.939000,421.2940291910371,5
2024-09-19 15:58:49.990000,421.33763550769424,5
2024-09-19 15:58:50.099000,421.3010029398175,14
2024-09-19 15:58:50.125000,421.2883461965624,998
2024-09-19 15:58:50.199000,421.3051676609858,5
2024-09-19 15:58:50.227000,421.28951194993294,13
2024-09-19 15:58:50.349000,421.3001912308735,6
2024-09-19 15:58:50.372000,421.3152213674927,105
2024-09-19 15:58:50.384000,421.3041160116608,8
2024-09-19 15:58:50.386000,421.2731455784277,8
2024-09-19 15:58:50.408000,421.3066060499914,101
2024-09-19 15:58:50.416000,421.3261964194217,98
2024-09-19 15:58:50.451000,421.2841163825081,7
2024-09-19 15:58:50.480000,421.2926645244912,99
2024-09-19 15:58:50.523000,421.2923975001348,15
2024-09-19 15:58:50.562000,421.3043470793096,1003
2024-09-19 15:58:50.669000,421.2864459156688,97
2024-09-19 15:58:50.679000,421.3087402130059,5
2024-09-19 15:58:50.747000,421.29241987523113,11
2024-09-19 15:58:50.791000,421.31565159435945,999
2024-09-19 15:58:50.812000,421.307500903934,100
2024-09-19 15:58:50.821000,421.2739635094698,9
2024-09-19 15:58:50.935000,421.28199007313447,13
2024-09-19 15:58:50.981000,421.30722767125536,98
2024-09-19 15:58:50.992000,421.2904574372774,1005
2024-09-19 15:58:51.076000,421.3036752548157,6
2024-09-19 15:58:51.080000,421.3336455323012,1001
2024-09-19 15:58:51.273000,421.3129833708825,104
2024-09-19 15:58:51.321000,421.3074118407288,10
2024-09-19 15:58:51.363000,421.3151781388747,1001
2024-09-19 15:58:51.772000,421.3224959502997,105
2024-09-19 15:58:52.021000,421.3099582723126,997
2024-09-19 15:58:52.029000,421.4106606705329,1005
2024-09-19 15:58:52.042000,421.4456440577707,15
2024-09-19 15:58:52.045000,421.3649589526185,997
2024-09-19 15:58:52.086000,421.35719552596726,996
2024-09-19 15:58:52.220000,421.3554501080909,7
2024-09-19 15:58:52.233000,421.3581337564472,105
2024-09-19 15:58:52.263000,421.42609541094345,997
2024-09-19 15:58:52.377000,421.3474423004761,995
2024-09-19 15:58:52.384000,421.3554722285676,12
2024-09-19 15:58:52.384000,421.3961753309577,10
2024-09-19 15:58:52.410000,421.34629789998905,12
2024-09-19 15:58:52.465000,421.3495261873043,1001
2024-09-19 15:58:52.470000,421.4221268849794,104
2024-09-19 15:58:52.491000,421.3830690903645,100
2024-09-19 15:58:52.581000,421.3127946908221,13
2024-09-19 15:58:52.686000,421.3761473485159,97
2024-09-19 15:58:52.704000,421.3600302085508,9
2024-09-19 15:58:52.726000,421.3993147789606,9
2024-09-19 15:58:52.726000,421.3607627154127,10
2024-09-19 15:58:52.730000,421.3167113708936,13
2024-09-19 15:58:52.738000,421.3209728576055,98
2024-09-19 15:58:52.786000,421.3284911041036,997
2024-09-19 15:58:52.859000,421.3656285754656,9
2024-09-19 15:58:52.863000,421.3655277267879,13
2024-09-19 15:58:52.933000,421.3327445756548,5
2024-09-19 15:58:52.971000,421.3571858374227,98
2024-09-19 15:58:52.989000,421.3404069114932,102
2024-09-19 15:58:53.016000,421.4812897582472,97
2024-09-19 15:58:53.048000,421.4774482909719,997
2024-09-19 15:58:53.075000,421.4731145983102,10
2024-09-19 15:58:53.101000,421.47048232550463,8
2024-09-19 15:58:53.148000,419.9513600378596,997
2024-09-19 15:58:53.192000,419.92393016116375,1005
2024-09-19 15:58:53.223000,421.4962287021651,11
2024-09-19 15:58:53.317000,421.4753697776652,996
2024-09-19 15:58:53.317000,421.4688515457016,1002
2024-09-19 15:58:53.319000,421.46953583354,13
2024-09-19 15:58:53.324000,421.5010056545888,1004
2024-09-19 15:58:53.622000,421.4949491431853,997
2024-09-19 15:58:53.638000,421.4791175482266,102
2024-09-19 15:58:53.729000,421.4790865002926,95
2024-09-19 15:58:53.761000,421.4870288323195,10
2024-09-19 15:58:53.794000,421.4807754055428,1003
2024-09-19 15:58:53.843000,421.5017563721664,14
2024-09-19 15:58:53.900000,421.48555732184536,1002
2024-09-19 15:58:53.915000,421.4853884496774,14
2024-09-19 15:58:53.949000,421.47613541107376,99
2024-09-19 15:58:54.004000,421.45588409524936,95
2024-09-19 15:58:54.007000,421.5465937065789,104
2024-09-19 15:58:54.019000,421.50553666281945,101
2024-09-19 15:58:54.023000,421.44958205395216,101
2024-09-19 15:58:54.134000,421.4503542303001,1004
2024-09-19 15:58:54.183000,421.5040448218056,998
2024-09-19 15:58:54.200000,421.4404665851527,1002
2024-09-19 15:58:54.217000,421.45488220964046,97
2024-09-19 15:58:54.234000,421.46524272842174,97
2024-09-19 15:58:54.250000,421.44902980758593,996
2024-09-19 15:58:54.256000,421.5184216365109,1002
2024-09-19 15:58:54.273000,421.55441085236725,103
2024-09-19 15:58:54.339000,421.50992129929057,97
2024-09-19 15:58:54.386000,421.5343943915688,105
2024-09-19 15:58:54.387000,421.4363787502599,15
2024-09-19 15:58:54.529000,421.5374268313764,1003
2024-09-19 15:58:54.537000,421.4280998135605,6
2024-09-19 15:58:54.568000,421.5419657204651,10
2024-09-19 15:58:54.636000,421.4959614442078,1001
2024-09-19 15:58:54.644000,421.5258994841856,996
2024-09-19 15:58:54.646000,421.556990034099,5
2024-09-19 15:58:54.650000,421.529668360416,6
2024-09-19 15:58:54.738000,421.5390940592273,995
2024-09-19 15:58:54.773000,421.499689071564,105
2024-09-19 15:58:54.801000,421.53957295507473,998
2024-09-19 15:58:54.801000,421.4567241559028,1001
2024-09-19 15:58:54.926000,421.47327178535096,99
2024-09-19 15:58:54.938000,421.4515969032457,15
2024-09-19 15:58:54.978000,421.51564735206745,105
2024-09-19 15:58:55.033000,421.3338515114341,96
2024-09-19 15:58:55.055000,421.29804998131226,104
2024-09-19 15:58:55.056000,421.3440564336796,1001
2024-09-19 15:58:55.058000,421.2775006586863,1005
2024-09-19 15:58:55.128000,421.39877099372114,7
2024-09-19 15:58:55.129000,421.4134623641982,1004
2024-09-19 15:58:55.160000,421.2612078314292,1005
2024-09-19 15:58:55.164000,421.42786027421687,105
2024-09-19 15:58:55.169000,421.4101521232344,999
2024-09-19 15:58:55.183000,421.405669694068,100
2024-09-19 15:58:55.195000,421.28449138058266,1005
2024-09-19 15:58:55.202000,421.3617414576372,105
2024-09-19 15:58:55.267000,421.40303170754703,995
2024-09-19 15:58:55.272000,421.29545723075125,96
2024-09-19 15:58:55.275000,421.287729201844,1002
2024-09-19 15:58:55.278000,421.3840093425628,15
2024-09-19 15:58:55.469000,421.2559683236392,996
2024-09-19 15:58:55.505000,421.4034400722856,103
2024-09-19 15:58:55.623000,421.2508613194111,1000
2024-09-19 15:58:55.638000,421.3815958586176,105
2024-09-19 15:58:55.658000,421.27991102237183,102
2024-09-19 15:58:55.680000,421.41729599312384,100
2024-09-19 15:58:55.708000,421.3991361615696,98
2024-09-19 15:58:55.725000,421.2654297518232,103
2024-09-19 15:58:55.826000,421.35055551915167,6
2024-09-19 15:58:55.842000,421.4059611485721,1004
2024-09-19 15:58:55.861000,421.30868082546624,10
2024-09-19 15:58:55.926000,421.41073926220366,1001
2024-09-19 15:58:55.983000,421.37961093084334,1000
2024-09-19 15:58:56.029000,421.2689058286324,11
2024-09-19 15:58:56.045000,421.26583227953313,104
2024-09-19 15:58:56.219000,421.2603039482081,102
2024-09-19 15:58:56.255000,421.2205228354517,6
2024-09-19 15:58:56.285000,421.2342749799093,6
2024-09-19 15:58:56.295000,421.2207176351714,8
2024-09-19 15:58:56.296000,421.2687699277443,10
2024-09-19 15:58:56.367000,421.2355411363336,1003
2024-09-19 15:58:56.375000,421.2387344002256,15
2024-09-19 15:58:56.398000,421.237379535849,12
2024-09-19 15:58:56.412000,421.2213836838,96
2024-09-19 15:58:56.423000,421.2662605291,5
2024-09-19 15:58:56.521000,421.2635670551415,5
2024-09-19 15:58:56.569000,421.27731966320073,5
2024-09-19 15:58:56.589000,421.2608877473144,1002
2024-09-19 15:58:56.613000,421.252121071566,997
2024-09-19 15:58:56.733000,421.2234491315549,6
2024-09-19 15:58:56.761000,421.2331340543746,11
2024-09-19 15:58:56.840000,421.21004089233406,98
2024-09-19 15:58:56.880000,421.2104764968303,105
2024-09-19 15:58:56.919000,421.2341120078543,12
2024-09-19 15:58:56.933000,421.2444715998086,105
2024-09-19 15:58:57.476000,420.0119928107043,96
2024-09-19 15:58:57.575000,421.2279007020167,996
2024-09-19 15:58:57.604000,421.2540599829505,1001
2024-09-19 15:58:58.060000,421.4068643013059,97
2024-09-19 15:58:58.060000,421.3357712315997,95
2024-09-19 15:58:58.079000,421.45103054729685,104
2024-09-19 15:58:58.085000,421.3007272504842,995
2024-09-19 15:58:58.171000,421.4242317481958,100
2024-09-19 15:58:58.185000,421.3410916223676,10
2024-09-19 15:58:58.195000,421.4640435468711,1004
2024-09-19 15:58:58.199000,421.4244491529303,14
2024-09-19 15:58:58.232000,421.2667381010273,13
2024-09-19 15:58:58.280000,421.3075481884543,997
2024-09-19 15:58:58.331000,421.40160836580856,6
2024-09-19 15:58:58.337000,421.3400994306562,999
2024-09-19 15:58:58.437000,421.4721653983256,11
2024-09-19 15:58:58.484000,421.4380482123309,104
2024-09-19 15:58:58.503000,421.3484622897164,97
2024-09-19 15:58:58.524000,421.4598455810673,998
2024-09-19 15:58:58.707000,421.42650080689714,1003
2024-09-19 15:58:58.727000,421.4596798928626,1000
2024-09-19 15:58:58.758000,421.3001112600905,105
2024-09-19 15:58:58.800000,421.4079020826495,998
2024-09-19 15:58:58.815000,421.247129133057,8
2024-09-19 15:58:58.843000,421.3410756152676,995
2024-09-19 15:58:58.848000,421.4336859329565,100
2024-09-19 15:58:58.873000,421.3746549136612,100
2024-09-19 15:58:58.876000,421.34025483461744,1005
2024-09-19 15:58:58.932000,421.347191918113,98
2024-09-19 15:58:58.937000,421.2971412948997,97
2024-09-19 15:58:58.998000,421.4189265243746,103
2024-09-19 15:58:59.267000,421.3784318766111,101
2024-09-19 15:58:59.366000,421.3388136212567,98
2024-09-19 15:58:59.370000,421.3401549471737,995
2024-09-19 15:58:59.392000,421.37035708963776,1000
2024-09-19 15:58:59.442000,421.3900905938473,11
2024-09-19 15:58:59.557000,419.98754099128274,9
2024-09-19 15:58:59.602000,421.3233280622317,95
2024-09-19 15:58:59.687000,421.3610942628183,105
2024-09-19 15:58:59.865000,421.3782117187186,14
2024-09-19 15:58:59.879000,421.3837733296128,100
2024-09-19 15:58:59.919000,421.3709250941746,996
2024-09-19 15:58:59.951000,421.3070595880421,97
2024-09-19 15:58:59.982000,421.3170624060564,102
