Timestamp,Price,Size
2024-09-18 09:35:00.007000,407.41328437804026,99
2024-09-18 09:35:00.017000,407.3746407725262,95
2024-09-18 09:35:00.036000,407.4028795339896,996
2024-09-18 09:35:00.069000,407.3927788717186,104
2024-09-18 09:35:00.078000,407.4031727287153,1002
2024-09-18 09:35:00.086000,407.4332609103341,12
2024-09-18 09:35:00.152000,407.4126756289974,7
2024-09-18 09:35:00.194000,407.4061851405471,6
2024-09-18 09:35:00.244000,407.4127188518753,1004
2024-09-18 09:35:00.261000,407.3993168053765,1004
2024-09-18 09:35:00.309000,407.3715103487582,1003
2024-09-18 09:35:00.425000,407.4067262231992,1002
2024-09-18 09:35:00.455000,407.4009224095438,105
2024-09-18 09:35:00.455000,407.3936017173481,95
2024-09-18 09:35:00.492000,407.3977418201374,5
2024-09-18 09:35:00.506000,407.4029886329536,1004
2024-09-18 09:35:00.536000,407.3604921110676,995
2024-09-18 09:35:00.580000,407.3787603597094,101
2024-09-18 09:35:00.604000,407.3679743385408,102
2024-09-18 09:35:00.659000,407.41053262360856,13
2024-09-18 09:35:00.679000,407.3732316203667,9
2024-09-18 09:35:00.835000,407.3577200507886,5
2024-09-18 09:35:00.889000,407.3902596782531,5
2024-09-18 09:35:00.902000,407.3609677019057,99
2024-09-18 09:35:00.940000,407.4119169795181,999
2024-09-18 09:35:00.996000,407.39866456882345,995
2024-09-18 09:35:01.147000,407.3608351988189,104
2024-09-18 09:35:01.159000,407.37950932048034,1000
2024-09-18 09:35:01.243000,407.38970056064505,1002
2024-09-18 09:35:01.281000,407.3951430365353,997
2024-09-18 09:35:01.358000,407.3611245287221,5
2024-09-18 09:35:01.404000,407.397582611041,999
2024-09-18 09:35:01.520000,407.3920994196281,10
2024-09-18 09:35:01.561000,407.3710446512468,1004
2024-09-18 09:35:01.765000,407.3791982915279,98
2024-09-18 09:35:01.780000,407.3897726273852,1002
2024-09-18 09:35:01.784000,407.374356185727,8
2024-09-18 09:35:01.811000,407.38876657326296,102
2024-09-18 09:35:01.881000,407.3812416083762,9
2024-09-18 09:35:01.923000,407.3956616372541,97
2024-09-18 09:35:01.971000,407.3920470740574,7
2024-09-18 09:35:02.003000,407.3850137126022,1001
2024-09-18 09:35:02.009000,407.39073135940646,995
2024-09-18 09:35:02.044000,407.4012983250559,13
2024-09-18 09:35:02.138000,407.397332690457,13
2024-09-18 09:35:02.300000,407.3590724456235,97
2024-09-18 09:35:02.433000,407.3638730244992,997
2024-09-18 09:35:02.476000,407.37537254171184,97
2024-09-18 09:35:02.562000,407.3783391893795,104
2024-09-18 09:35:02.647000,407.3824520146657,9
2024-09-18 09:35:02.735000,407.3673504141588,97
2024-09-18 09:35:02.813000,407.3775741536007,1000
2024-09-18 09:35:02.813000,407.3915900330885,9
2024-09-18 09:35:02.970000,407.3440086903653,7
2024-09-18 09:35:02.977000,407.3504248549833,15
2024-09-18 09:35:03.146000,407.44925708954383,103
2024-09-18 09:35:03.194000,407.4285215524762,105
2024-09-18 09:35:03.302000,407.45256535783,11
2024-09-18 09:35:03.330000,407.43568011212017,7
2024-09-18 09:35:03.338000,407.42239428745705,101
2024-09-18 09:35:03.360000,407.4483718282114,104
2024-09-18 09:35:03.364000,407.41873065850166,998
2024-09-18 09:35:03.392000,407.4276602810078,104
2024-09-18 09:35:03.394000,407.36024446091295,97
2024-09-18 09:35:03.411000,407.43614845463054,6
2024-09-18 09:35:03.525000,407.4098160415456,15
2024-09-18 09:35:03.530000,407.4467420239205,103
2024-09-18 09:35:03.534000,407.43148088335806,999
2024-09-18 09:35:03.573000,407.4266227462304,999
2024-09-18 09:35:03.574000,407.3814609075661,101
2024-09-18 09:35:03.639000,407.39916622466137,1000
2024-09-18 09:35:03.640000,407.4443855471105,100
2024-09-18 09:35:03.679000,407.4243035153071,997
2024-09-18 09:35:03.680000,407.4143541122078,95
2024-09-18 09:35:03.778000,407.4124411422896,997
2024-09-18 09:35:03.781000,407.4438614449117,995
2024-09-18 09:35:03.792000,407.400380400818,99
2024-09-18 09:35:03.794000,407.41587238085725,6
2024-09-18 09:35:03.860000,407.4463565112849,7
2024-09-18 09:35:03.895000,407.4220866319618,97
2024-09-18 09:35:03.895000,407.4270628627052,97
2024-09-18 09:35:03.918000,407.4202486200063,995
2024-09-18 09:35:03.922000,407.3722609132846,8
2024-09-18 09:35:03.930000,407.40169568224576,1005
2024-09-18 09:35:03.988000,407.4271291395568,99
2024-09-18 09:35:04.058000,407.39922743126783,102
2024-09-18 09:35:04.092000,407.41374768565794,1002
2024-09-18 09:35:04.118000,407.4119472382605,6
2024-09-18 09:35:04.427000,407.4057160061108,15
2024-09-18 09:35:05.063000,407.4187471910845,96
2024-09-18 09:35:05.107000,407.4183973848666,14
2024-09-18 09:35:05.112000,407.4176024157608,1004
2024-09-18 09:35:05.120000,407.4172304380367,15
2024-09-18 09:35:05.130000,407.4285496515586,1004
2024-09-18 09:35:05.165000,407.4182284935997,1003
2024-09-18 09:35:05.225000,407.4235791151912,996
2024-09-18 09:35:05.263000,407.3995869824472,12
2024-09-18 09:35:05.290000,407.4263785174827,97
2024-09-18 09:35:05.292000,407.4287604937288,95
2024-09-18 09:35:05.332000,407.4311322045569,6
2024-09-18 09:35:05.467000,407.449140133481,105
2024-09-18 09:35:05.552000,407.4361162965385,105
2024-09-18 09:35:05.598000,407.44134664588665,13
2024-09-18 09:35:05.800000,407.42564135468274,100
2024-09-18 09:35:05.887000,407.437376861959,1005
2024-09-18 09:35:05.903000,407.4443918786213,1000
2024-09-18 09:35:05.936000,407.3964724196751,8
2024-09-18 09:35:05.990000,407.4197084042143,105
2024-09-18 09:35:05.991000,407.39897466914255,104
2024-09-18 09:35:06.019000,407.4630311999905,100
2024-09-18 09:35:06.063000,407.4653522274136,104
2024-09-18 09:35:06.101000,407.43657600196826,1005
2024-09-18 09:35:06.113000,407.4397605280351,104
2024-09-18 09:35:06.183000,407.456208610147,1004
2024-09-18 09:35:06.233000,407.4394039584946,10
2024-09-18 09:35:06.238000,407.432760216621,104
2024-09-18 09:35:06.240000,407.4563657283048,5
2024-09-18 09:35:06.299000,407.4189979903978,13
2024-09-18 09:35:06.304000,407.4434171457095,996
2024-09-18 09:35:06.308000,407.4301513425288,98
2024-09-18 09:35:06.308000,407.4752600317306,9
2024-09-18 09:35:06.337000,407.47239887907045,1002
2024-09-18 09:35:06.426000,407.4420135139008,12
2024-09-18 09:35:06.480000,407.4278234242512,100
2024-09-18 09:35:06.524000,407.4456684643944,98
2024-09-18 09:35:06.532000,407.41956515109024,997
2024-09-18 09:35:06.559000,407.42020135778125,8
2024-09-18 09:35:06.632000,407.42865123723175,1005
2024-09-18 09:35:06.692000,407.43548804848245,996
2024-09-18 09:35:06.700000,407.4716471478547,99
2024-09-18 09:35:06.706000,407.4495811150232,9
2024-09-18 09:35:06.710000,407.4135572298245,5
2024-09-18 09:35:06.781000,407.4244026264988,96
2024-09-18 09:35:06.862000,407.4375291151247,1005
2024-09-18 09:35:06.869000,407.425923253411,10
2024-09-18 09:35:06.903000,407.439943103514,8
2024-09-18 09:35:06.937000,407.4480200877685,995
2024-09-18 09:35:07.023000,407.4024565760655,102
2024-09-18 09:35:07.047000,407.4647631229099,1000
2024-09-18 09:35:07.047000,407.3763734878516,8
2024-09-18 09:35:07.060000,407.37471477421474,7
2024-09-18 09:35:07.096000,407.3938747317831,13
2024-09-18 09:35:07.131000,407.4737990626699,998
2024-09-18 09:35:07.147000,407.45465604968,995
2024-09-18 09:35:07.179000,407.4304239464203,7
2024-09-18 09:35:07.204000,407.4436373425286,98
2024-09-18 09:35:07.228000,407.46517414456696,103
2024-09-18 09:35:07.236000,407.384170073421,995
2024-09-18 09:35:07.239000,407.4516665065509,9
2024-09-18 09:35:07.296000,407.38792383949016,105
2024-09-18 09:35:07.360000,407.4553855994476,14
2024-09-18 09:35:07.532000,407.45704949002845,12
2024-09-18 09:35:07.593000,407.4356386649597,98
2024-09-18 09:35:07.599000,407.4155433552192,5
2024-09-18 09:35:07.615000,407.4466709734157,11
2024-09-18 09:35:07.619000,407.4088548085296,996
2024-09-18 09:35:07.625000,407.39779756565054,13
2024-09-18 09:35:07.707000,407.39539491996345,104
2024-09-18 09:35:07.734000,407.3678396979734,103
2024-09-18 09:35:07.742000,407.4504377746919,105
2024-09-18 09:35:07.780000,407.4690575894676,96
2024-09-18 09:35:07.873000,407.3873081518971,1003
2024-09-18 09:35:07.941000,407.3858681642359,1002
2024-09-18 09:35:07.944000,407.3923124709799,1004
2024-09-18 09:35:07.969000,407.3923286859751,14
2024-09-18 09:35:08.123000,407.4880154966361,100
2024-09-18 09:35:08.126000,407.4023592688485,97
2024-09-18 09:35:08.212000,407.40802091856295,5
2024-09-18 09:35:08.306000,407.5551144444256,103
2024-09-18 09:35:08.450000,407.5167271582322,12
2024-09-18 09:35:08.502000,407.55293819305103,13
2024-09-18 09:35:08.571000,407.53754558121614,15
2024-09-18 09:35:08.571000,407.4378378288941,1002
2024-09-18 09:35:08.592000,407.45376689502206,6
2024-09-18 09:35:08.617000,407.393498697056,101
2024-09-18 09:35:08.646000,407.5505706338943,997
2024-09-18 09:35:08.690000,407.5276404859755,10
2024-09-18 09:35:08.765000,407.4054172854949,998
2024-09-18 09:35:08.799000,407.4051773743114,99
2024-09-18 09:35:08.804000,407.542910866918,11
2024-09-18 09:35:08.825000,407.5075750759681,11
2024-09-18 09:35:08.854000,407.5377774781853,104
2024-09-18 09:35:08.884000,407.5053523549719,999
2024-09-18 09:35:08.915000,407.56467824062713,12
2024-09-18 09:35:09,407.5155307517048,5
2024-09-18 09:35:09.056000,407.5483576678497,997
2024-09-18 09:35:09.314000,407.5100249700756,13
2024-09-18 09:35:09.325000,407.53750586212914,11
2024-09-18 09:35:09.552000,407.5496502735173,998
2024-09-18 09:35:10.031000,407.52021907923614,1000
2024-09-18 09:35:10.034000,407.49212058330585,1000
2024-09-18 09:35:10.096000,407.51358901371873,12
2024-09-18 09:35:10.100000,407.45536545838974,999
2024-09-18 09:35:10.130000,407.457412386916,999
2024-09-18 09:35:10.162000,407.4968475449398,6
2024-09-18 09:35:10.174000,407.4687679702991,14
2024-09-18 09:35:10.209000,407.4631853719197,100
2024-09-18 09:35:10.246000,407.5049684966693,97
2024-09-18 09:35:10.255000,407.45710746870026,1005
2024-09-18 09:35:10.261000,407.483913859936,99
2024-09-18 09:35:10.277000,407.4525668045111,95
2024-09-18 09:35:10.296000,407.4938798478086,996
2024-09-18 09:35:10.300000,407.50865066355135,1002
2024-09-18 09:35:10.344000,407.4559313575471,105
2024-09-18 09:35:10.347000,407.4909060967271,1004
2024-09-18 09:35:10.459000,407.5081349795076,5
2024-09-18 09:35:10.467000,407.5094806028643,102
2024-09-18 09:35:10.470000,407.4431277165656,995
2024-09-18 09:35:10.495000,407.4707579272639,1005
2024-09-18 09:35:10.539000,407.4397832714912,1004
2024-09-18 09:35:10.584000,407.5057772826568,101
2024-09-18 09:35:10.638000,407.5039877047623,102
2024-09-18 09:35:10.766000,407.4549000169893,105
2024-09-18 09:35:10.775000,407.500234562464,103
2024-09-18 09:35:10.778000,407.4655157410537,1001
2024-09-18 09:35:10.940000,407.4643734122403,96
2024-09-18 09:35:10.987000,407.50222039937904,7
2024-09-18 09:35:11.002000,407.5052772971943,7
2024-09-18 09:35:11.017000,407.5101454501113,101
2024-09-18 09:35:11.390000,407.48639711385647,96
2024-09-18 09:35:11.492000,407.5150394572519,95
2024-09-18 09:35:11.559000,407.4925848632846,101
2024-09-18 09:35:11.562000,407.5084002181348,98
2024-09-18 09:35:11.659000,407.4967186909581,12
2024-09-18 09:35:11.877000,407.5013885116636,104
2024-09-18 09:35:11.942000,407.5051374915371,995
2024-09-18 09:35:11.969000,407.5246361725553,1005
2024-09-18 09:35:11.984000,407.5019537487252,998
2024-09-18 09:35:12.051000,407.51918050780375,6
2024-09-18 09:35:12.091000,407.5315418432148,8
2024-09-18 09:35:12.482000,407.5074494470594,98
2024-09-18 09:35:12.485000,407.5293151828801,5
2024-09-18 09:35:12.534000,407.52456910501576,6
2024-09-18 09:35:12.565000,407.54234404528256,1004
2024-09-18 09:35:12.592000,407.52630734689313,12
2024-09-18 09:35:12.707000,407.5565430763448,5
2024-09-18 09:35:12.779000,407.5414387638433,12
2024-09-18 09:35:12.786000,407.5238297271145,6
2024-09-18 09:35:12.788000,407.57184423432153,103
2024-09-18 09:35:12.902000,407.5011993844381,6
2024-09-18 09:35:12.943000,407.5258308268198,10
2024-09-18 09:35:12.965000,407.5133519682311,998
2024-09-18 09:35:12.990000,407.5603021633296,997
2024-09-18 09:35:13.012000,407.5699618337604,1000
2024-09-18 09:35:13.072000,407.5792140242787,7
2024-09-18 09:35:13.140000,407.4815238847502,10
2024-09-18 09:35:13.214000,407.46194806145024,6
2024-09-18 09:35:13.223000,407.5504124642216,101
2024-09-18 09:35:13.238000,407.5630653171552,5
2024-09-18 09:35:13.277000,407.5130599471569,1000
2024-09-18 09:35:13.334000,407.5625747231141,98
2024-09-18 09:35:13.337000,407.5389841159941,95
2024-09-18 09:35:13.365000,407.57726150094425,97
2024-09-18 09:35:13.390000,407.55008276678,1005
2024-09-18 09:35:13.454000,407.5666032978818,99
2024-09-18 09:35:13.466000,407.4569639902558,1002
2024-09-18 09:35:13.481000,407.568613780437,999
2024-09-18 09:35:13.534000,407.4576299700221,1003
2024-09-18 09:35:13.566000,407.5665322651234,996
2024-09-18 09:35:13.649000,407.5522384850621,997
2024-09-18 09:35:13.689000,407.5530065515824,103
2024-09-18 09:35:13.690000,407.5450912005243,10
2024-09-18 09:35:13.781000,407.5014364968044,996
2024-09-18 09:35:13.794000,407.5803687751243,98
2024-09-18 09:35:13.851000,407.53305743549066,15
2024-09-18 09:35:13.866000,407.56011357175146,999
2024-09-18 09:35:13.881000,407.5705496370944,98
2024-09-18 09:35:13.921000,407.5826470603667,102
2024-09-18 09:35:13.930000,407.56413738082347,997
2024-09-18 09:35:13.937000,407.5763782837838,14
2024-09-18 09:35:13.966000,407.46624592216864,1005
2024-09-18 09:35:13.989000,407.44803440967416,997
2024-09-18 09:35:14.235000,407.4000960791505,12
2024-09-18 09:35:14.288000,407.4379615995104,104
2024-09-18 09:35:14.462000,407.3671035812416,996
2024-09-18 09:35:14.518000,407.4371622972238,1000
2024-09-18 09:35:14.574000,407.3936566094353,102
2024-09-18 09:35:14.588000,407.4157332614254,98
2024-09-18 09:35:14.702000,407.4425194283427,995
2024-09-18 09:35:14.813000,407.42068300758194,10
2024-09-18 09:35:14.881000,407.3749335878441,996
2024-09-18 09:35:15.021000,407.2804832836515,96
2024-09-18 09:35:15.056000,407.3351086638391,96
2024-09-18 09:35:15.113000,407.33736035448186,1002
2024-09-18 09:35:15.143000,407.2775502483022,99
2024-09-18 09:35:15.193000,407.3039049330472,96
2024-09-18 09:35:15.248000,407.2646601215502,102
2024-09-18 09:35:15.260000,407.38322415034514,105
2024-09-18 09:35:15.284000,407.30825944496377,1002
2024-09-18 09:35:15.295000,407.35411857366034,13
2024-09-18 09:35:15.428000,407.367111594962,995
2024-09-18 09:35:15.429000,407.3035859726626,96
2024-09-18 09:35:15.443000,407.3355562252468,996
2024-09-18 09:35:15.507000,407.3474505220404,104
2024-09-18 09:35:15.661000,407.3297189452565,12
2024-09-18 09:35:15.666000,407.32155828722273,5
2024-09-18 09:35:15.699000,407.3788409704074,96
2024-09-18 09:35:15.715000,407.3579893592386,101
2024-09-18 09:35:15.722000,407.3551257860379,95
2024-09-18 09:35:15.792000,407.30981172257736,105
2024-09-18 09:35:15.798000,407.28991779396017,100
2024-09-18 09:35:15.819000,407.3379043217156,99
2024-09-18 09:35:15.866000,407.3409253933745,97
2024-09-18 09:35:15.883000,407.37151204063696,15
2024-09-18 09:35:15.894000,407.3117832340962,995
2024-09-18 09:35:15.925000,407.3646996584725,1002
2024-09-18 09:35:15.929000,407.3724901512365,97
2024-09-18 09:35:16.900000,407.308533479415,11
2024-09-18 09:35:17.038000,407.3334797976947,102
2024-09-18 09:35:17.040000,407.3335403745972,9
2024-09-18 09:35:17.058000,407.3478677767564,7
2024-09-18 09:35:17.188000,407.3088619360498,15
2024-09-18 09:35:17.241000,407.2931795665832,6
2024-09-18 09:35:17.250000,407.33465432435247,999
2024-09-18 09:35:17.446000,407.3509758804528,95
2024-09-18 09:35:17.659000,407.3485708637649,100
2024-09-18 09:35:17.803000,407.3038860051316,15
2024-09-18 09:35:17.837000,407.284442770004,95
2024-09-18 09:35:17.938000,407.3505177788173,1002
2024-09-18 09:35:18.009000,407.4113103478076,9
2024-09-18 09:35:18.092000,407.3367879990468,105
2024-09-18 09:35:18.167000,407.3529622049774,1002
2024-09-18 09:35:18.206000,407.3294592625387,101
2024-09-18 09:35:18.286000,407.3527900282273,8
2024-09-18 09:35:18.402000,407.376819237573,996
2024-09-18 09:35:18.402000,407.3827392549436,8
2024-09-18 09:35:18.511000,407.404035389995,9
2024-09-18 09:35:18.582000,407.3149352920692,95
2024-09-18 09:35:18.600000,407.3976698116287,15
2024-09-18 09:35:18.610000,407.33673282078206,105
2024-09-18 09:35:18.627000,407.3800787196993,99
2024-09-18 09:35:18.740000,407.32790060600576,97
2024-09-18 09:35:18.754000,407.3612368930062,97
2024-09-18 09:35:18.770000,407.36656844435566,11
2024-09-18 09:35:18.859000,407.41053543233454,100
2024-09-18 09:35:20.440000,407.39438483520826,98
2024-09-18 09:35:20.700000,407.395534974983,7
2024-09-18 09:35:20.910000,407.39975720669753,98
2024-09-18 09:35:21.014000,407.4070467871716,1000
2024-09-18 09:35:21.053000,407.414325713102,15
2024-09-18 09:35:21.170000,407.3994627159368,996
2024-09-18 09:35:21.193000,407.4288475701716,96
2024-09-18 09:35:21.212000,407.3945277200519,12
2024-09-18 09:35:21.276000,407.419140986335,999
2024-09-18 09:35:21.338000,407.4227985874566,95
2024-09-18 09:35:21.659000,407.3717779496378,98
2024-09-18 09:35:21.664000,407.417141613692,7
2024-09-18 09:35:21.668000,407.4261742518772,11
2024-09-18 09:35:21.689000,407.4239051886052,97
2024-09-18 09:35:21.694000,407.3762011995319,15
2024-09-18 09:35:21.802000,407.3896768126524,997
2024-09-18 09:35:21.823000,407.4313415452063,102
2024-09-18 09:35:21.874000,407.4432554216542,998
2024-09-18 09:35:21.876000,407.3895862444932,1002
2024-09-18 09:35:21.938000,407.3792902273884,995
2024-09-18 09:35:22.052000,407.41576141405454,999
2024-09-18 09:35:22.126000,407.42958364541977,101
2024-09-18 09:35:22.353000,407.44780871367647,99
2024-09-18 09:35:22.378000,407.4237622675609,9
2024-09-18 09:35:22.491000,407.4325727613158,1000
2024-09-18 09:35:23.057000,407.42822793931606,1005
2024-09-18 09:35:23.080000,407.4329562245508,103
2024-09-18 09:35:23.093000,407.4353178436787,13
2024-09-18 09:35:23.132000,407.43953277887687,101
2024-09-18 09:35:23.238000,407.43781930630223,98
2024-09-18 09:35:23.242000,407.42652494932,99
2024-09-18 09:35:23.245000,407.4428079323505,11
2024-09-18 09:35:23.290000,407.4555057394989,103
2024-09-18 09:35:23.339000,407.43688146828976,1000
2024-09-18 09:35:23.346000,407.45064379249504,11
2024-09-18 09:35:23.363000,407.4292087482545,97
2024-09-18 09:35:23.381000,407.4379145202709,15
2024-09-18 09:35:23.406000,407.43601410549536,103
2024-09-18 09:35:23.419000,407.4307344837418,103
2024-09-18 09:35:23.485000,407.4402855599813,14
2024-09-18 09:35:23.543000,407.420219053349,103
2024-09-18 09:35:23.559000,407.4440864216444,995
2024-09-18 09:35:23.600000,407.4130001026424,13
2024-09-18 09:35:23.662000,407.4484080910289,1004
2024-09-18 09:35:23.664000,407.4429138682556,104
2024-09-18 09:35:23.695000,407.4175036085306,9
2024-09-18 09:35:23.700000,407.4276179419319,10
2024-09-18 09:35:23.702000,407.4104547154933,999
2024-09-18 09:35:23.717000,407.4212412671485,11
2024-09-18 09:35:23.769000,407.44353232241497,7
2024-09-18 09:35:23.783000,407.43352179419134,98
2024-09-18 09:35:24.251000,407.4123993959132,105
2024-09-18 09:35:24.396000,407.44368745416176,100
2024-09-18 09:35:24.481000,407.43416330478607,12
2024-09-18 09:35:24.533000,407.4295976063121,13
2024-09-18 09:35:24.583000,407.47003514975336,999
2024-09-18 09:35:24.593000,407.4189771123687,1000
2024-09-18 09:35:24.602000,407.4793292089411,1002
2024-09-18 09:35:24.830000,407.4318404803953,11
2024-09-18 09:35:24.900000,407.46002702705874,104
2024-09-18 09:35:24.986000,407.4399027600408,99
2024-09-18 09:35:24.988000,407.4500801618953,11
2024-09-18 09:35:25.012000,407.41617524056846,14
2024-09-18 09:35:25.209000,407.41728527017744,995
2024-09-18 09:35:25.290000,407.4313477130556,1004
2024-09-18 09:35:25.336000,407.4339286726597,104
2024-09-18 09:35:25.380000,407.4110537434487,995
2024-09-18 09:35:25.390000,407.4070807614476,1004
2024-09-18 09:35:25.464000,407.45916412098086,95
2024-09-18 09:35:25.521000,407.46901898773297,7
2024-09-18 09:35:25.528000,407.4325998097829,102
2024-09-18 09:35:25.546000,407.4088086021397,996
2024-09-18 09:35:25.622000,407.4223026174395,5
2024-09-18 09:35:25.664000,407.4417312844304,98
2024-09-18 09:35:25.664000,407.4298935159897,1005
2024-09-18 09:35:25.678000,407.4249244894038,11
2024-09-18 09:35:25.679000,407.4133864087328,1003
2024-09-18 09:35:25.683000,407.3964468310256,98
2024-09-18 09:35:25.781000,407.4266121438717,95
2024-09-18 09:35:25.803000,407.4209468069138,95
2024-09-18 09:35:25.828000,407.46018448301294,13
2024-09-18 09:35:25.834000,407.4061393098654,998
2024-09-18 09:35:25.835000,407.4525465075324,101
2024-09-18 09:35:25.868000,407.4246794955142,1000
2024-09-18 09:35:25.907000,407.4392898481577,100
2024-09-18 09:35:25.981000,407.4020842442083,1004
2024-09-18 09:35:26.030000,407.43275193927406,5
2024-09-18 09:35:26.093000,407.45849287118943,1001
2024-09-18 09:35:26.163000,407.4721312073125,6
2024-09-18 09:35:26.173000,407.4010941823785,101
2024-09-18 09:35:26.181000,407.388254413922,1003
2024-09-18 09:35:26.268000,407.4443398937142,95
2024-09-18 09:35:26.449000,407.45029824319647,100
2024-09-18 09:35:26.473000,407.43999348331727,996
2024-09-18 09:35:26.516000,407.4451602218924,995
2024-09-18 09:35:26.555000,407.4646566373545,100
2024-09-18 09:35:26.559000,407.4475827995793,998
2024-09-18 09:35:26.560000,407.44220902719695,11
2024-09-18 09:35:26.617000,407.4452833604258,97
2024-09-18 09:35:26.622000,407.443396631155,5
2024-09-18 09:35:26.640000,407.38438409990925,999
2024-09-18 09:35:26.677000,407.4624054013326,15
2024-09-18 09:35:26.745000,407.4477657827843,105
2024-09-18 09:35:26.761000,407.4363053828331,1000
2024-09-18 09:35:26.849000,407.4059001302273,13
2024-09-18 09:35:26.853000,407.4258643842709,99
2024-09-18 09:35:26.913000,407.4256717301079,102
2024-09-18 09:35:26.917000,407.4759706591775,997
2024-09-18 09:35:26.960000,407.4329249266124,1005
2024-09-18 09:35:26.976000,407.4438362133605,98
2024-09-18 09:35:26.981000,407.4570347371481,15
2024-09-18 09:35:27.019000,407.3898157530369,8
2024-09-18 09:35:27.086000,407.4187419048706,105
2024-09-18 09:35:27.176000,407.4112027291183,6
2024-09-18 09:35:27.176000,407.40807424310543,1001
2024-09-18 09:35:27.177000,407.41142577812775,14
2024-09-18 09:35:27.228000,407.35457568125935,95
2024-09-18 09:35:27.272000,407.3990726361741,15
2024-09-18 09:35:27.277000,407.38411655721694,101
2024-09-18 09:35:27.298000,407.35603609360425,999
2024-09-18 09:35:27.339000,407.42742710791526,1002
2024-09-18 09:35:27.357000,407.40413440255696,12
2024-09-18 09:35:27.399000,407.3452504304303,998
2024-09-18 09:35:27.401000,407.390087672847,9
2024-09-18 09:35:27.449000,407.3530694061484,6
2024-09-18 09:35:27.477000,407.4213066112855,995
2024-09-18 09:35:27.652000,407.3872562265989,100
2024-09-18 09:35:27.701000,407.4286453156258,102
2024-09-18 09:35:27.756000,407.3870535878604,7
2024-09-18 09:35:27.803000,407.4047581664415,10
2024-09-18 09:35:27.887000,407.38452090644944,105
2024-09-18 09:35:27.949000,407.38057855749145,8
2024-09-18 09:35:27.961000,407.3748457430091,1004
2024-09-18 09:35:27.964000,407.3726140015492,1005
2024-09-18 09:35:27.973000,407.33740346326016,10
2024-09-18 09:35:27.989000,407.42639370492174,1001
2024-09-18 09:35:27.999000,407.3590877341834,95
2024-09-18 09:35:28.013000,407.3035026935101,999
2024-09-18 09:35:28.199000,407.3262374419906,6
2024-09-18 09:35:28.199000,407.3726135480951,100
2024-09-18 09:35:28.212000,407.3818830047583,14
2024-09-18 09:35:28.223000,407.3500640907884,102
2024-09-18 09:35:28.287000,407.3217723397588,1000
2024-09-18 09:35:28.320000,407.3448905632663,1004
2024-09-18 09:35:28.363000,407.393686847755,14
2024-09-18 09:35:28.388000,407.3788916054279,98
2024-09-18 09:35:28.445000,407.3439147598488,7
2024-09-18 09:35:28.467000,407.4247917667552,95
2024-09-18 09:35:28.474000,407.3080913155191,7
2024-09-18 09:35:28.526000,407.4135352536055,997
2024-09-18 09:35:28.550000,407.3764796599965,999
2024-09-18 09:35:28.565000,407.3378070791316,999
2024-09-18 09:35:28.636000,407.3558614545585,14
2024-09-18 09:35:28.641000,407.404374174102,995
2024-09-18 09:35:28.680000,407.4406285759373,104
2024-09-18 09:35:28.738000,407.40405945597496,14
2024-09-18 09:35:28.743000,407.2949409708029,11
2024-09-18 09:35:28.781000,407.323981654526,15
2024-09-18 09:35:28.796000,407.34234015786143,1002
2024-09-18 09:35:28.804000,407.33405389452287,14
2024-09-18 09:35:28.810000,407.3146555657805,998
2024-09-18 09:35:28.823000,407.3940388962801,8
2024-09-18 09:35:28.836000,407.3815420816031,14
2024-09-18 09:35:28.861000,407.4034225394407,995
2024-09-18 09:35:28.929000,407.4172745884038,1002
2024-09-18 09:35:28.995000,407.4391424451101,1003
2024-09-18 09:35:28.998000,407.4229250014931,8
2024-09-18 09:35:29.112000,407.3749823976554,12
2024-09-18 09:35:29.159000,407.3840820087168,102
2024-09-18 09:35:29.172000,407.4055802310648,103
2024-09-18 09:35:29.196000,407.3783731961028,97
2024-09-18 09:35:29.216000,407.3205054145826,96
2024-09-18 09:35:29.241000,407.401428214596,103
2024-09-18 09:35:29.285000,407.3445350594485,995
2024-09-18 09:35:29.360000,407.33220636254686,104
2024-09-18 09:35:29.385000,407.3759530232161,996
2024-09-18 09:35:29.387000,407.37657138117225,105
2024-09-18 09:35:29.391000,407.40602618182606,105
2024-09-18 09:35:29.394000,407.367647923345,101
2024-09-18 09:35:29.439000,407.38222910893495,104
2024-09-18 09:35:29.446000,407.3181749103083,6
2024-09-18 09:35:29.463000,407.3424546579176,999
2024-09-18 09:35:29.534000,407.3491842546355,96
2024-09-18 09:35:29.539000,407.4021865043053,13
2024-09-18 09:35:29.541000,407.3705246224475,7
2024-09-18 09:35:29.561000,407.350881634181,105
2024-09-18 09:35:29.667000,407.3823552677417,99
2024-09-18 09:35:29.691000,407.34005504891593,8
2024-09-18 09:35:29.748000,407.36547889721845,997
2024-09-18 09:35:29.790000,407.3409945345728,7
2024-09-18 09:35:29.801000,407.3793814802052,14
2024-09-18 09:35:29.819000,407.3565668710119,995
2024-09-18 09:35:29.856000,407.3961876967097,8
2024-09-18 09:35:29.890000,407.3696645073682,99
2024-09-18 09:35:29.935000,407.3962555178287,96
2024-09-18 09:35:29.955000,407.3729697350223,1005
2024-09-18 09:35:30.047000,407.3847515328731,995
2024-09-18 09:35:30.047000,407.4086723397512,10
2024-09-18 09:35:30.111000,407.3674445161222,9
2024-09-18 09:35:30.134000,407.3909930970543,11
2024-09-18 09:35:30.216000,407.4190656558816,96
2024-09-18 09:35:30.222000,407.3978578913057,7
2024-09-18 09:35:30.235000,407.3612969438069,98
2024-09-18 09:35:30.261000,407.4044169429041,12
2024-09-18 09:35:30.271000,407.3600265245744,9
2024-09-18 09:35:30.278000,407.3959325122433,98
2024-09-18 09:35:30.325000,407.3868916353946,1005
2024-09-18 09:35:30.352000,407.4218832871543,9
2024-09-18 09:35:30.367000,407.3940961256396,8
2024-09-18 09:35:30.389000,407.4211429584739,102
2024-09-18 09:35:30.395000,407.4155285451212,997
2024-09-18 09:35:30.496000,407.4047228158593,7
2024-09-18 09:35:30.536000,407.35251731095536,100
2024-09-18 09:35:30.564000,407.3529648568692,998
2024-09-18 09:35:30.600000,407.4074781035764,9
2024-09-18 09:35:30.673000,407.3652070593331,101
2024-09-18 09:35:30.819000,407.3444243181363,96
2024-09-18 09:35:30.863000,407.3978533375198,10
2024-09-18 09:35:30.879000,407.390152881426,5
2024-09-18 09:35:30.992000,407.4094101143616,1003
2024-09-18 09:35:30.998000,407.3981911316125,14
2024-09-18 09:35:31.144000,407.453390702894,95
2024-09-18 09:35:31.193000,407.4588974338426,1000
2024-09-18 09:35:31.236000,407.4407741177303,997
2024-09-18 09:35:31.315000,407.4464829300112,96
2024-09-18 09:35:31.369000,407.4561593023762,14
2024-09-18 09:35:31.383000,407.4468243294484,995
2024-09-18 09:35:31.467000,407.4269530725089,9
2024-09-18 09:35:31.497000,407.4570073537074,96
2024-09-18 09:35:31.573000,407.4635360622006,101
2024-09-18 09:35:31.586000,407.3938947104834,998
2024-09-18 09:35:31.682000,407.4158455226462,98
2024-09-18 09:35:31.689000,407.46437102181966,95
2024-09-18 09:35:31.704000,407.46008970622825,102
2024-09-18 09:35:31.746000,407.44820435734846,103
2024-09-18 09:35:31.842000,407.4305973298138,995
2024-09-18 09:35:31.878000,407.4275471620276,13
2024-09-18 09:35:31.895000,407.4460076602722,11
2024-09-18 09:35:31.918000,407.4385989781671,1002
2024-09-18 09:35:31.931000,407.4623465094924,15
2024-09-18 09:35:32.012000,407.4468648883904,999
2024-09-18 09:35:32.038000,407.43215669753033,95
2024-09-18 09:35:32.249000,407.4414865196923,1000
2024-09-18 09:35:32.251000,407.4245976275695,99
2024-09-18 09:35:32.257000,407.4494764100121,1002
2024-09-18 09:35:32.257000,407.4416475253432,14
2024-09-18 09:35:32.281000,407.4393844404016,5
2024-09-18 09:35:32.310000,407.45500630883873,11
2024-09-18 09:35:32.353000,407.4443649309556,11
2024-09-18 09:35:32.449000,407.4244408094615,101
2024-09-18 09:35:32.531000,407.4441643190919,7
2024-09-18 09:35:32.541000,407.4407199926043,1002
2024-09-18 09:35:32.657000,407.43597002244206,98
2024-09-18 09:35:32.707000,407.4472623236881,1004
2024-09-18 09:35:32.759000,407.449643468874,15
2024-09-18 09:35:32.768000,407.4412382048109,95
2024-09-18 09:35:32.809000,407.4363426109808,105
2024-09-18 09:35:32.871000,407.4459700336033,104
2024-09-18 09:35:32.981000,407.4371420787601,100
2024-09-18 09:35:33.044000,407.48714496070414,999
2024-09-18 09:35:33.053000,407.4589111215979,98
2024-09-18 09:35:33.394000,407.4854445609085,10
2024-09-18 09:35:33.415000,407.4774098008812,998
2024-09-18 09:35:33.430000,407.5024278975272,95
2024-09-18 09:35:33.535000,407.5044671975159,96
2024-09-18 09:35:33.547000,407.4754127580031,5
2024-09-18 09:35:33.592000,407.46638811415744,7
2024-09-18 09:35:33.605000,407.49333286410433,11
2024-09-18 09:35:33.696000,407.4863864877217,101
2024-09-18 09:35:33.781000,407.4705395201751,12
2024-09-18 09:35:33.929000,407.48308880732014,1002
2024-09-18 09:35:34.008000,407.5068249292125,97
2024-09-18 09:35:34.022000,407.5424672606201,11
2024-09-18 09:35:34.024000,407.5247065731247,7
2024-09-18 09:35:34.027000,407.47847765621424,1002
2024-09-18 09:35:34.084000,407.5240199563424,101
2024-09-18 09:35:34.089000,407.58014669227725,103
2024-09-18 09:35:34.112000,407.5095275494651,15
2024-09-18 09:35:34.121000,407.4711607018612,95
2024-09-18 09:35:34.187000,407.5783793990786,7
2024-09-18 09:35:34.218000,407.47977099512144,104
2024-09-18 09:35:34.280000,407.4724489309857,997
2024-09-18 09:35:34.292000,407.48655958125545,1004
2024-09-18 09:35:34.328000,407.6132279095797,105
2024-09-18 09:35:34.379000,407.5239370391376,1001
2024-09-18 09:35:34.381000,407.5473453491053,1004
2024-09-18 09:35:34.398000,407.4824740514988,996
2024-09-18 09:35:34.438000,407.5437119689291,1004
2024-09-18 09:35:34.444000,407.5256677811972,8
2024-09-18 09:35:34.526000,407.59379828385806,996
2024-09-18 09:35:34.566000,407.52675153840585,12
2024-09-18 09:35:34.579000,407.5370778301319,9
2024-09-18 09:35:34.583000,407.504393914478,1005
2024-09-18 09:35:34.733000,407.5931769243648,102
2024-09-18 09:35:34.762000,407.6068145786466,98
2024-09-18 09:35:34.802000,407.51505998191294,8
2024-09-18 09:35:34.933000,407.48475624223744,5
2024-09-18 09:35:34.975000,407.5407515092598,1004
2024-09-18 09:35:35.968000,407.5819407203844,102
2024-09-18 09:35:36.206000,407.59556429387504,998
2024-09-18 09:35:36.223000,407.6301704808524,10
2024-09-18 09:35:36.238000,407.6096148548267,998
2024-09-18 09:35:36.318000,407.58815620529566,11
2024-09-18 09:35:36.507000,407.5959616743664,7
2024-09-18 09:35:36.513000,407.6231291576835,97
2024-09-18 09:35:36.539000,407.6002486028416,1001
2024-09-18 09:35:36.541000,407.634451330356,96
2024-09-18 09:35:36.663000,407.6107252016007,98
2024-09-18 09:35:36.685000,407.6106983943263,997
2024-09-18 09:35:36.804000,407.6027520533335,8
2024-09-18 09:35:36.836000,407.59223322271305,104
2024-09-18 09:35:36.845000,407.6114801994032,11
2024-09-18 09:35:36.870000,407.62046172450783,9
2024-09-18 09:35:36.906000,407.6275905325173,99
2024-09-18 09:35:36.948000,407.61164547580506,13
2024-09-18 09:35:37.028000,407.6440317644939,1000
2024-09-18 09:35:37.104000,407.6328231034854,103
2024-09-18 09:35:37.118000,407.619624923123,1002
2024-09-18 09:35:37.189000,407.6054996047203,98
2024-09-18 09:35:37.247000,407.58698365791486,997
2024-09-18 09:35:37.311000,407.6268569713037,1004
2024-09-18 09:35:37.383000,407.59086482987686,1000
2024-09-18 09:35:37.416000,407.5807036983736,103
2024-09-18 09:35:37.500000,407.58205280569166,5
2024-09-18 09:35:37.519000,407.62657904011024,14
2024-09-18 09:35:37.526000,407.6390585233312,7
2024-09-18 09:35:37.707000,407.6234585562781,13
2024-09-18 09:35:37.774000,407.5774320452494,12
2024-09-18 09:35:37.810000,407.6242922367983,1002
2024-09-18 09:35:37.826000,407.6511598006036,102
2024-09-18 09:35:37.846000,407.6358434823324,99
2024-09-18 09:35:37.846000,407.63960295525936,11
2024-09-18 09:35:37.887000,407.6341821408645,15
2024-09-18 09:35:37.910000,407.6335125669915,97
2024-09-18 09:35:37.968000,407.61118115178135,7
2024-09-18 09:35:37.968000,407.569609086162,998
2024-09-18 09:35:37.982000,407.5947677043294,99
2024-09-18 09:35:38.078000,407.5363627068971,98
2024-09-18 09:35:38.108000,407.5436540730887,97
2024-09-18 09:35:38.190000,407.5580993470728,995
2024-09-18 09:35:38.210000,407.5690542591752,101
2024-09-18 09:35:38.351000,407.5252502332217,999
2024-09-18 09:35:38.612000,407.5394889937351,95
2024-09-18 09:35:38.682000,407.5390058801991,12
2024-09-18 09:35:38.906000,407.5425307720221,1005
2024-09-18 09:35:38.958000,407.5325926635919,1004
2024-09-18 09:35:39.031000,407.5484357064279,96
2024-09-18 09:35:39.193000,407.5397292157987,102
2024-09-18 09:35:39.278000,407.5555143360698,14
2024-09-18 09:35:39.335000,407.5498322723666,6
2024-09-18 09:35:39.431000,407.57102941275593,998
2024-09-18 09:35:39.516000,407.5765936875542,9
2024-09-18 09:35:39.526000,407.53404188271446,1004
2024-09-18 09:35:39.546000,407.5836418214368,101
2024-09-18 09:35:39.643000,407.5644842662421,5
2024-09-18 09:35:39.653000,407.5526463210555,14
2024-09-18 09:35:39.662000,407.5637861753996,998
2024-09-18 09:35:39.692000,407.58502436783925,1003
2024-09-18 09:35:39.789000,407.547744010269,10
2024-09-18 09:35:39.808000,407.5456710399501,102
2024-09-18 09:35:39.817000,407.5598949045779,997
2024-09-18 09:35:39.823000,407.5562192870652,15
2024-09-18 09:35:39.904000,407.5541447091231,15
2024-09-18 09:35:39.930000,407.6013953447765,999
2024-09-18 09:35:40.025000,407.5955624830822,98
2024-09-18 09:35:40.026000,407.6013492633755,15
2024-09-18 09:35:40.056000,407.5771626387193,1000
2024-09-18 09:35:40.079000,407.628691396013,1005
2024-09-18 09:35:40.091000,407.61112987283127,13
2024-09-18 09:35:40.101000,407.6268675574585,1000
2024-09-18 09:35:40.146000,407.6022840033761,105
2024-09-18 09:35:40.194000,407.606797069315,104
2024-09-18 09:35:40.350000,407.6378606403697,96
2024-09-18 09:35:40.388000,407.59512550398415,103
2024-09-18 09:35:40.410000,407.6124722591815,1001
2024-09-18 09:35:40.438000,407.6029150109337,15
2024-09-18 09:35:40.453000,407.62496459389024,98
2024-09-18 09:35:40.470000,407.5965683282687,98
2024-09-18 09:35:40.571000,407.6020024569874,14
2024-09-18 09:35:40.576000,407.61981653120046,1000
2024-09-18 09:35:40.585000,407.59669433040864,996
2024-09-18 09:35:40.606000,407.5846579250797,104
2024-09-18 09:35:40.634000,407.6085654078456,1005
2024-09-18 09:35:40.679000,407.610123093324,9
2024-09-18 09:35:40.687000,407.5835862226703,100
2024-09-18 09:35:40.726000,407.61615872852593,104
2024-09-18 09:35:40.841000,407.6280452368634,12
2024-09-18 09:35:40.845000,407.607945300384,15
2024-09-18 09:35:40.905000,407.61539353676267,101
2024-09-18 09:35:40.916000,407.598540040075,15
2024-09-18 09:35:40.918000,407.62319348773474,105
2024-09-18 09:35:40.930000,407.5787496546446,9
2024-09-18 09:35:41.050000,407.6532132621368,13
2024-09-18 09:35:41.064000,407.613025487162,1004
2024-09-18 09:35:41.145000,407.5983265231711,10
2024-09-18 09:35:41.169000,407.6573651455969,96
2024-09-18 09:35:41.171000,407.5934678340773,102
2024-09-18 09:35:41.175000,407.627426939814,1002
2024-09-18 09:35:41.224000,407.66462041367527,5
2024-09-18 09:35:41.271000,407.6193474393,1000
2024-09-18 09:35:41.334000,407.64864482041264,8
2024-09-18 09:35:41.359000,407.6147945410653,1000
2024-09-18 09:35:41.511000,407.629333764865,101
2024-09-18 09:35:41.612000,407.60194645027474,97
2024-09-18 09:35:41.648000,407.6689264113831,101
2024-09-18 09:35:41.665000,407.6668745007185,6
2024-09-18 09:35:41.674000,407.6468021954509,5
2024-09-18 09:35:41.763000,407.6036685466042,8
2024-09-18 09:35:41.863000,407.5984996909453,15
2024-09-18 09:35:41.882000,407.5969245282931,1003
2024-09-18 09:35:41.971000,407.63467165266223,1002
2024-09-18 09:35:41.972000,407.6472675482484,103
2024-09-18 09:35:41.994000,407.6456832365633,99
2024-09-18 09:35:42.264000,407.6487086882284,7
2024-09-18 09:35:42.756000,407.61643580822346,98
2024-09-18 09:35:42.860000,407.6264185247187,96
2024-09-18 09:35:42.906000,407.61639774183226,8
2024-09-18 09:35:43.198000,407.5905703655486,13
2024-09-18 09:35:43.270000,407.55976609366576,1000
2024-09-18 09:35:43.289000,407.5672015388695,999
2024-09-18 09:35:43.321000,407.58180999660624,7
2024-09-18 09:35:43.324000,407.5780419815853,104
2024-09-18 09:35:43.330000,407.5918720602804,996
2024-09-18 09:35:43.462000,407.5770045987886,104
2024-09-18 09:35:43.478000,407.584740716474,102
2024-09-18 09:35:43.590000,407.5808185073813,1003
2024-09-18 09:35:43.596000,407.6100483961666,14
2024-09-18 09:35:43.659000,407.59945921836,101
2024-09-18 09:35:43.662000,407.5672989937023,104
2024-09-18 09:35:43.675000,407.59367321633846,6
2024-09-18 09:35:43.731000,407.60817808522177,14
2024-09-18 09:35:43.782000,407.57962628480607,997
2024-09-18 09:35:43.953000,407.5765376248584,996
2024-09-18 09:35:43.981000,407.578240539708,1001
2024-09-18 09:35:44.093000,407.5185438409204,98
2024-09-18 09:35:44.099000,407.52235427978434,11
2024-09-18 09:35:44.270000,407.5540812659064,8
2024-09-18 09:35:44.300000,407.5126657214205,15
2024-09-18 09:35:44.377000,407.5202280804311,1002
2024-09-18 09:35:44.476000,407.514341656482,10
2024-09-18 09:35:44.663000,407.51747132037326,97
2024-09-18 09:35:44.683000,407.5455542451186,104
2024-09-18 09:35:44.766000,407.531380680172,104
2024-09-18 09:35:44.770000,407.5267814926584,1000
2024-09-18 09:35:44.960000,407.571603189861,996
2024-09-18 09:35:45.025000,407.4944621327412,1003
2024-09-18 09:35:45.081000,407.5030978136708,102
2024-09-18 09:35:45.113000,407.5126910442832,1003
2024-09-18 09:35:45.124000,407.49656638850655,998
2024-09-18 09:35:45.155000,407.5223085562371,997
2024-09-18 09:35:45.177000,407.5130778120223,999
2024-09-18 09:35:45.282000,407.52686038369774,10
2024-09-18 09:35:45.335000,407.50592607742254,11
2024-09-18 09:35:45.357000,407.4919861600982,95
2024-09-18 09:35:45.428000,407.4919383104289,14
2024-09-18 09:35:45.492000,407.48946770813353,995
2024-09-18 09:35:45.548000,407.508604473345,10
2024-09-18 09:35:45.638000,407.4885301211122,95
2024-09-18 09:35:45.795000,407.5145059724257,15
2024-09-18 09:35:45.832000,407.4844999772754,97
2024-09-18 09:35:45.890000,407.5085181889224,998
2024-09-18 09:35:45.896000,407.4903416316794,995
2024-09-18 09:35:46.009000,407.540815912163,1005
2024-09-18 09:35:46.018000,407.52218538516246,97
2024-09-18 09:35:46.033000,407.5400169594071,99
2024-09-18 09:35:46.063000,407.5302248651985,11
2024-09-18 09:35:46.090000,407.5325523548157,97
2024-09-18 09:35:46.104000,407.51325901816233,1002
2024-09-18 09:35:46.134000,407.52407224578,6
2024-09-18 09:35:46.167000,407.5283392442247,1002
2024-09-18 09:35:46.198000,407.5251257485946,1003
2024-09-18 09:35:46.332000,407.5314829959041,6
2024-09-18 09:35:46.333000,407.53145894199577,7
2024-09-18 09:35:46.375000,407.52743124386376,104
2024-09-18 09:35:46.413000,407.53129663860415,14
2024-09-18 09:35:46.429000,407.52420462486896,1002
2024-09-18 09:35:46.514000,407.5241711054046,104
2024-09-18 09:35:46.593000,407.5085598595266,1002
2024-09-18 09:35:46.612000,407.5168497066456,7
2024-09-18 09:35:46.677000,407.54472495596593,9
2024-09-18 09:35:46.705000,407.52670262150696,101
2024-09-18 09:35:46.711000,407.5398703504057,102
2024-09-18 09:35:46.798000,407.4866151285714,995
2024-09-18 09:35:46.818000,407.5143571327269,14
2024-09-18 09:35:46.917000,407.5391856522879,999
2024-09-18 09:35:46.936000,407.5233126526217,98
2024-09-18 09:35:46.947000,407.5456193050176,999
2024-09-18 09:35:46.980000,407.5213898042404,98
2024-09-18 09:35:46.996000,407.5016725085621,999
2024-09-18 09:35:47.132000,407.5353598329385,9
2024-09-18 09:35:47.282000,407.5408697194034,103
2024-09-18 09:35:47.301000,407.5715873488508,5
2024-09-18 09:35:47.491000,407.5725004697157,996
2024-09-18 09:35:47.550000,407.5331744895745,998
2024-09-18 09:35:47.739000,407.5248708950006,12
2024-09-18 09:35:47.884000,407.5351020748071,8
2024-09-18 09:35:47.901000,407.5337305267677,9
2024-09-18 09:35:48.024000,407.5769175785233,10
2024-09-18 09:35:48.095000,407.590514500792,12
2024-09-18 09:35:48.154000,407.5851553029086,11
2024-09-18 09:35:48.191000,407.5771820587683,7
2024-09-18 09:35:48.223000,407.5899096694864,103
2024-09-18 09:35:48.388000,407.559512238402,12
2024-09-18 09:35:48.566000,407.5744197967347,15
2024-09-18 09:35:48.579000,407.5966833032514,104
2024-09-18 09:35:48.830000,407.57179220287577,100
2024-09-18 09:35:49.168000,407.5715327372801,12
2024-09-18 09:35:49.626000,407.5751637150222,100
2024-09-18 09:35:49.969000,407.5767397677239,102
2024-09-18 09:35:50.130000,407.5871149135147,102
2024-09-18 09:35:50.168000,407.5650944676661,99
2024-09-18 09:35:50.238000,407.55531231304,102
2024-09-18 09:35:50.462000,407.5697069664628,8
2024-09-18 09:35:50.513000,407.5935837814173,996
2024-09-18 09:35:50.516000,407.5648600398839,10
2024-09-18 09:35:50.546000,407.5516117115224,105
2024-09-18 09:35:50.611000,407.5600178311542,6
2024-09-18 09:35:50.784000,407.5751793197114,999
2024-09-18 09:35:52.893000,407.61693217544246,13
2024-09-18 09:35:53.251000,407.5943367386426,12
2024-09-18 09:35:53.516000,407.6066871397489,5
2024-09-18 09:35:53.534000,407.6131147472858,996
2024-09-18 09:35:53.713000,407.62702339160376,98
2024-09-18 09:35:53.730000,407.59892647496105,999
2024-09-18 09:35:53.756000,407.6088449192504,11
2024-09-18 09:35:53.889000,407.6174603690036,7
2024-09-18 09:35:53.897000,407.5962516282431,97
2024-09-18 09:35:54.002000,407.72227737377005,103
2024-09-18 09:35:54.034000,407.7007397109064,1000
2024-09-18 09:35:54.138000,407.72710645909984,101
2024-09-18 09:35:54.227000,407.67980856527646,6
2024-09-18 09:35:54.234000,407.6724155363037,104
2024-09-18 09:35:54.244000,407.65627152511456,97
2024-09-18 09:35:54.272000,407.6001094034924,104
2024-09-18 09:35:54.306000,407.6826824964386,995
2024-09-18 09:35:54.405000,407.6721733428175,105
2024-09-18 09:35:54.422000,407.6820422868428,14
2024-09-18 09:35:54.511000,407.6912404150778,1002
2024-09-18 09:35:54.592000,407.7064822430338,10
2024-09-18 09:35:54.615000,407.7429472691044,9
2024-09-18 09:35:54.732000,407.6912063868089,98
2024-09-18 09:35:54.740000,407.6104385173723,14
2024-09-18 09:35:54.808000,407.6892587868576,999
2024-09-18 09:35:54.829000,407.61757845637896,995
2024-09-18 09:35:54.879000,407.7306082135919,95
2024-09-18 09:35:54.972000,407.6762970452915,998
2024-09-18 09:35:54.977000,407.706830983426,95
2024-09-18 09:35:54.982000,407.6523613743282,1003
2024-09-18 09:35:55.006000,407.7671400182501,97
2024-09-18 09:35:55.128000,407.7951273117498,9
2024-09-18 09:35:55.204000,407.79838900465415,103
2024-09-18 09:35:55.305000,407.7277708674168,14
2024-09-18 09:35:55.380000,407.7918684438218,97
2024-09-18 09:35:55.422000,407.82840967160433,11
2024-09-18 09:35:55.466000,407.8057646595672,12
2024-09-18 09:35:55.521000,407.7331516111166,7
2024-09-18 09:35:55.524000,407.77035204549406,102
2024-09-18 09:35:55.540000,407.7198161936825,10
2024-09-18 09:35:55.550000,407.7322156143219,999
2024-09-18 09:35:55.560000,407.7761593859983,7
2024-09-18 09:35:55.600000,407.80221092126703,15
2024-09-18 09:35:55.660000,407.81188093594346,102
2024-09-18 09:35:55.718000,407.7937056039164,96
2024-09-18 09:35:55.731000,407.80607808226495,7
2024-09-18 09:35:55.775000,407.8199775812059,13
2024-09-18 09:35:55.836000,407.78601695013134,15
2024-09-18 09:35:55.876000,407.7354155340968,9
2024-09-18 09:35:55.881000,407.8197952925627,15
2024-09-18 09:35:55.901000,407.7139452030669,998
2024-09-18 09:35:55.919000,407.7822259492212,97
2024-09-18 09:35:55.992000,407.74923539833856,1002
2024-09-18 09:35:55.996000,407.7735020286637,104
2024-09-18 09:35:56.110000,407.8145352533231,97
2024-09-18 09:35:56.117000,407.8271849759733,995
2024-09-18 09:35:56.120000,407.8278082415435,1003
2024-09-18 09:35:56.128000,407.80146186286055,995
2024-09-18 09:35:56.155000,407.78820573927993,14
2024-09-18 09:35:56.251000,407.8138961395817,10
2024-09-18 09:35:56.308000,407.80612855376825,101
2024-09-18 09:35:56.327000,407.8333742316297,5
2024-09-18 09:35:56.402000,407.80696557744216,999
2024-09-18 09:35:56.421000,407.82352971778766,1004
2024-09-18 09:35:56.588000,407.79773168143305,104
2024-09-18 09:35:56.635000,407.82596688530265,997
2024-09-18 09:35:56.726000,407.8387553844054,97
2024-09-18 09:35:56.753000,407.8239566494922,104
2024-09-18 09:35:56.944000,407.8186645249096,1002
2024-09-18 09:35:56.979000,407.80952474960526,6
2024-09-18 09:35:56.994000,407.8118429292387,5
2024-09-18 09:35:57.077000,407.8532541268313,102
2024-09-18 09:35:57.419000,407.8334076228508,995
2024-09-18 09:35:57.447000,407.8582099018735,95
2024-09-18 09:35:57.458000,407.83288146291056,13
2024-09-18 09:35:57.485000,407.8589192822263,97
2024-09-18 09:35:57.517000,407.8610278468847,97
2024-09-18 09:35:57.518000,407.86695982064623,98
2024-09-18 09:35:57.575000,407.8004276432874,97
2024-09-18 09:35:57.617000,407.8346401662995,12
2024-09-18 09:35:57.760000,407.8248850443573,996
2024-09-18 09:35:57.788000,407.8117774930974,8
2024-09-18 09:35:57.832000,407.8556885457411,7
2024-09-18 09:35:57.856000,407.84607500956776,1005
2024-09-18 09:35:57.902000,407.8071383075588,5
2024-09-18 09:35:58.153000,407.8382270402644,12
2024-09-18 09:35:58.163000,407.8196391548743,96
2024-09-18 09:35:58.166000,407.8447472525706,102
2024-09-18 09:35:58.167000,407.8315764508714,1005
2024-09-18 09:35:58.215000,407.8279232584532,6
2024-09-18 09:35:58.283000,407.8630704665166,7
2024-09-18 09:35:58.336000,407.8137919998489,10
2024-09-18 09:35:58.353000,407.82324643388745,1002
2024-09-18 09:35:58.373000,407.8322193827423,7
2024-09-18 09:35:58.402000,407.8445698852245,10
2024-09-18 09:35:58.420000,407.8350416772058,97
2024-09-18 09:35:58.427000,407.8239875146921,99
2024-09-18 09:35:58.632000,407.83433123821504,6
2024-09-18 09:35:58.640000,407.8311818094603,5
2024-09-18 09:35:58.683000,407.8412349112408,11
2024-09-18 09:35:58.711000,407.8375469165602,1004
2024-09-18 09:35:58.836000,407.8422137610775,1005
2024-09-18 09:35:58.871000,407.8167160886328,105
2024-09-18 09:35:58.873000,407.847898066856,95
2024-09-18 09:35:58.928000,407.8487787161568,996
2024-09-18 09:35:58.953000,407.8046612075466,98
2024-09-18 09:35:59.069000,407.8775491636987,95
2024-09-18 09:35:59.104000,407.8741447637024,1002
2024-09-18 09:35:59.142000,407.86110629416544,105
2024-09-18 09:35:59.150000,407.8996537922712,8
2024-09-18 09:35:59.266000,407.90623839290055,999
2024-09-18 09:35:59.310000,407.8640229058229,102
2024-09-18 09:35:59.378000,407.9156884322501,8
2024-09-18 09:35:59.466000,407.9031841668283,1002
2024-09-18 09:35:59.617000,407.8662938528938,7
2024-09-18 09:35:59.832000,407.91183958901314,95
2024-09-18 09:35:59.859000,407.8842752922623,996
2024-09-18 09:35:59.919000,407.8817806131128,995
