Timestamp,Price,Size
2024-09-17 12:37:00.050000,405.7616244886483,1005
2024-09-17 12:37:00.064000,405.7929772163934,997
2024-09-17 12:37:00.128000,405.7674580689775,12
2024-09-17 12:37:00.186000,405.7642396566458,5
2024-09-17 12:37:00.210000,405.7554299570912,97
2024-09-17 12:37:00.461000,405.7574974275925,996
2024-09-17 12:37:00.462000,405.7629017162269,101
2024-09-17 12:37:00.620000,405.740413943546,103
2024-09-17 12:37:00.658000,405.7491457682899,105
2024-09-17 12:37:00.693000,405.7598735562728,97
2024-09-17 12:37:00.954000,405.7995890295712,15
2024-09-17 12:37:00.975000,405.77862488456265,1002
2024-09-17 12:37:00.992000,405.745588064386,1000
2024-09-17 12:37:01.119000,405.68982916291526,10
2024-09-17 12:37:01.206000,405.6526151910724,96
2024-09-17 12:37:01.243000,405.6752613109263,995
2024-09-17 12:37:01.326000,405.66733621741406,9
2024-09-17 12:37:01.449000,405.673227370298,8
2024-09-17 12:37:01.766000,405.6654744027026,12
2024-09-17 12:37:01.770000,405.7473160800833,1005
2024-09-17 12:37:01.785000,405.6617898940917,997
2024-09-17 12:37:01.814000,405.6987323713475,101
2024-09-17 12:37:01.843000,405.7461681462577,998
2024-09-17 12:37:01.870000,405.7422390707041,6
2024-09-17 12:37:01.981000,405.6497464666492,96
2024-09-17 12:37:02.066000,405.6411364287141,95
2024-09-17 12:37:02.126000,405.6527614240004,97
2024-09-17 12:37:02.260000,405.6645832449216,103
2024-09-17 12:37:02.427000,405.6455235516904,1001
2024-09-17 12:37:02.485000,405.6976216734985,1002
2024-09-17 12:37:02.513000,405.7009322771498,1003
2024-09-17 12:37:02.673000,405.7090095271536,8
2024-09-17 12:37:02.687000,405.6854421434825,100
2024-09-17 12:37:02.721000,405.6820245801632,99
2024-09-17 12:37:02.855000,405.7019547087604,5
2024-09-17 12:37:02.957000,405.6502567229721,103
2024-09-17 12:37:02.989000,405.70154706959,95
2024-09-17 12:37:03.047000,405.6721434861015,98
2024-09-17 12:37:03.054000,405.6866002880449,7
2024-09-17 12:37:03.081000,405.7164815636228,101
2024-09-17 12:37:03.113000,405.693038213879,7
2024-09-17 12:37:03.220000,405.66410926956286,5
2024-09-17 12:37:03.265000,405.6932311287405,103
2024-09-17 12:37:03.313000,405.7002608942482,101
2024-09-17 12:37:03.321000,405.6738331292481,11
2024-09-17 12:37:03.439000,405.7192841269148,999
2024-09-17 12:37:03.466000,405.725087180288,6
2024-09-17 12:37:03.513000,405.70768506107856,13
2024-09-17 12:37:03.537000,405.7013100191995,995
2024-09-17 12:37:03.557000,405.6921587948968,1000
2024-09-17 12:37:03.601000,405.6875887620875,14
2024-09-17 12:37:03.646000,405.6792848438468,1002
2024-09-17 12:37:03.677000,405.676141660397,12
2024-09-17 12:37:03.775000,405.7243730680518,102
2024-09-17 12:37:03.775000,405.7114498720023,105
2024-09-17 12:37:03.781000,405.69641604802615,1003
2024-09-17 12:37:03.807000,405.6562315862658,98
2024-09-17 12:37:03.898000,405.7205374995418,14
2024-09-17 12:37:03.916000,405.7001379444084,99
2024-09-17 12:37:03.980000,405.6968267923318,15
2024-09-17 12:37:04.213000,405.7359323659485,105
2024-09-17 12:37:04.333000,405.73760398219486,5
2024-09-17 12:37:04.374000,405.7484191063811,1000
2024-09-17 12:37:04.437000,405.73443334930295,7
2024-09-17 12:37:04.554000,405.7458830796885,1005
2024-09-17 12:37:04.604000,405.725589982162,100
2024-09-17 12:37:04.631000,405.748906264768,996
2024-09-17 12:37:04.680000,405.73788520368566,996
2024-09-17 12:37:04.681000,405.7401781282068,1001
2024-09-17 12:37:04.745000,405.7701770410896,997
2024-09-17 12:37:04.751000,405.7362218896361,99
2024-09-17 12:37:04.758000,405.7510217334049,9
2024-09-17 12:37:04.762000,405.743301380668,1003
2024-09-17 12:37:05.029000,405.7732868182241,99
2024-09-17 12:37:05.086000,405.7304137389831,98
2024-09-17 12:37:05.120000,405.7371858646405,999
2024-09-17 12:37:05.203000,405.7497858186,98
2024-09-17 12:37:05.267000,405.74869342546856,15
2024-09-17 12:37:05.304000,405.7642394182846,105
2024-09-17 12:37:05.312000,405.7601559441805,11
2024-09-17 12:37:05.345000,405.73019645795193,1000
2024-09-17 12:37:05.395000,405.7548333648064,105
2024-09-17 12:37:05.449000,405.7642268529317,999
2024-09-17 12:37:05.535000,405.7564002464699,101
2024-09-17 12:37:05.553000,405.766718424414,1001
2024-09-17 12:37:05.635000,405.7632270944476,97
2024-09-17 12:37:05.641000,405.7622856462775,12
2024-09-17 12:37:05.669000,405.765298580953,6
2024-09-17 12:37:05.706000,405.7347342432604,11
2024-09-17 12:37:05.714000,405.7854611551615,97
2024-09-17 12:37:05.837000,405.7364518909415,9
2024-09-17 12:37:05.900000,405.7749815890037,11
2024-09-17 12:37:05.973000,405.7536815109015,99
2024-09-17 12:37:06.048000,405.77296029111153,15
2024-09-17 12:37:06.078000,405.8346568821917,96
2024-09-17 12:37:06.111000,405.7709289351613,1000
2024-09-17 12:37:06.114000,405.76766838326967,1005
2024-09-17 12:37:06.137000,405.7812656961337,5
2024-09-17 12:37:06.218000,405.7705203870986,98
2024-09-17 12:37:06.228000,405.7669737121106,998
2024-09-17 12:37:06.234000,405.7607611626996,100
2024-09-17 12:37:06.400000,405.7643249310626,11
2024-09-17 12:37:06.403000,405.7607057987591,98
2024-09-17 12:37:06.429000,405.7925288198334,102
2024-09-17 12:37:06.470000,405.7702219954334,999
2024-09-17 12:37:06.532000,405.7614403047123,1004
2024-09-17 12:37:06.566000,405.7700206206517,15
2024-09-17 12:37:06.629000,405.8260570351504,104
2024-09-17 12:37:06.629000,405.8144302412453,99
2024-09-17 12:37:06.701000,405.7686157375367,997
2024-09-17 12:37:06.747000,405.76336203294505,104
2024-09-17 12:37:06.983000,405.7700779375889,12
2024-09-17 12:37:07.032000,405.8206840181353,102
2024-09-17 12:37:07.119000,405.82670482897663,101
2024-09-17 12:37:07.178000,405.8067784667574,999
2024-09-17 12:37:07.221000,405.793780265492,13
2024-09-17 12:37:07.314000,405.76997882136885,7
2024-09-17 12:37:07.397000,405.8230033449072,995
2024-09-17 12:37:07.560000,405.80876416700943,1004
2024-09-17 12:37:07.622000,405.8178384936083,8
2024-09-17 12:37:07.641000,405.819830967351,6
2024-09-17 12:37:07.731000,405.82967375108194,8
2024-09-17 12:37:07.788000,405.8087051726975,97
2024-09-17 12:37:07.815000,405.785600947224,100
2024-09-17 12:37:07.837000,405.7976896552328,1002
2024-09-17 12:37:07.842000,405.8050005993687,102
2024-09-17 12:37:07.881000,405.8154449080108,8
2024-09-17 12:37:07.992000,405.7983841444707,5
2024-09-17 12:37:08.091000,405.8059576539575,997
2024-09-17 12:37:08.108000,405.79145671677145,12
2024-09-17 12:37:08.339000,405.8100342087291,104
2024-09-17 12:37:08.423000,405.808513749441,6
2024-09-17 12:37:08.559000,405.81201508409725,103
2024-09-17 12:37:08.706000,405.8023277349009,1004
2024-09-17 12:37:08.719000,405.8051998262087,99
2024-09-17 12:37:08.781000,405.7792606849392,98
2024-09-17 12:37:08.820000,405.8234859290265,7
2024-09-17 12:37:08.824000,405.7937604891082,998
2024-09-17 12:37:08.934000,405.8084202415087,1000
2024-09-17 12:37:08.944000,405.7964318570831,11
2024-09-17 12:37:08.963000,405.78504298866096,100
2024-09-17 12:37:08.995000,405.8091628072471,998
2024-09-17 12:37:09.066000,405.746963762356,1003
2024-09-17 12:37:09.201000,405.7266390959023,6
2024-09-17 12:37:09.211000,405.7316981430546,998
2024-09-17 12:37:09.277000,405.7498919869763,105
2024-09-17 12:37:09.293000,405.7496957782019,96
2024-09-17 12:37:09.392000,405.7529404219265,7
2024-09-17 12:37:09.441000,405.7846854650349,99
2024-09-17 12:37:09.445000,405.7309630620282,10
2024-09-17 12:37:09.484000,405.7160821412144,6
2024-09-17 12:37:09.608000,405.7780340073877,105
2024-09-17 12:37:09.618000,405.7209522979719,998
2024-09-17 12:37:09.641000,405.7240569613025,1000
2024-09-17 12:37:09.662000,405.7266118012972,100
2024-09-17 12:37:09.709000,405.747570148415,5
2024-09-17 12:37:09.760000,405.7299350483888,105
2024-09-17 12:37:09.810000,405.722217425921,1004
2024-09-17 12:37:09.812000,405.7248471320821,96
2024-09-17 12:37:09.923000,405.73368759186616,6
2024-09-17 12:37:09.941000,405.7263595393569,14
2024-09-17 12:37:09.957000,405.7461830397172,12
2024-09-17 12:37:09.984000,405.7380505420287,1000
2024-09-17 12:37:09.999000,405.7448306225898,11
2024-09-17 12:37:10.027000,405.7674508852144,10
2024-09-17 12:37:10.106000,405.70356258326416,1000
2024-09-17 12:37:10.128000,405.7765502607525,104
2024-09-17 12:37:10.132000,405.7338502873568,100
2024-09-17 12:37:10.191000,405.7459078085434,13
2024-09-17 12:37:10.380000,405.7348696638768,5
2024-09-17 12:37:10.406000,405.7618168912502,105
2024-09-17 12:37:10.407000,405.7704251913808,96
2024-09-17 12:37:10.446000,405.74255056325126,999
2024-09-17 12:37:10.469000,405.7500124026487,13
2024-09-17 12:37:10.507000,405.75932771611497,96
2024-09-17 12:37:10.542000,405.7663067965072,104
2024-09-17 12:37:10.550000,405.76549970636114,14
2024-09-17 12:37:10.555000,405.752284797912,6
2024-09-17 12:37:10.682000,405.7589534127191,104
2024-09-17 12:37:10.701000,405.7566068406432,5
2024-09-17 12:37:10.711000,405.7440443786684,1000
2024-09-17 12:37:10.774000,405.7307532377391,998
2024-09-17 12:37:10.819000,405.7452615920051,1000
2024-09-17 12:37:10.864000,405.76391320700856,998
2024-09-17 12:37:10.942000,405.7577416573776,7
2024-09-17 12:37:10.956000,405.7584281474124,8
2024-09-17 12:37:10.981000,405.72066745864527,104
2024-09-17 12:37:10.988000,405.7557652396517,6
2024-09-17 12:37:11.185000,405.7346831881805,7
2024-09-17 12:37:11.189000,405.7291829191538,999
2024-09-17 12:37:11.205000,405.7271173837349,1005
2024-09-17 12:37:11.400000,405.7373036603094,14
2024-09-17 12:37:11.402000,405.7119722036172,14
2024-09-17 12:37:11.429000,405.6831313950875,1003
2024-09-17 12:37:11.444000,405.6969545012822,102
2024-09-17 12:37:11.474000,405.7103912584491,13
2024-09-17 12:37:11.501000,405.6931223814016,13
2024-09-17 12:37:11.525000,405.698813023625,12
2024-09-17 12:37:11.535000,405.7033663726923,995
2024-09-17 12:37:11.621000,405.7031132391831,995
2024-09-17 12:37:11.661000,405.7251989869216,997
2024-09-17 12:37:11.827000,405.7279206668352,996
2024-09-17 12:37:11.833000,405.697091455629,100
2024-09-17 12:37:11.890000,405.6961261388608,97
2024-09-17 12:37:11.910000,405.6953464372569,998
2024-09-17 12:37:11.955000,405.74075317282586,1002
2024-09-17 12:37:12.055000,405.7218283572404,96
2024-09-17 12:37:12.099000,405.721465695855,1000
2024-09-17 12:37:12.213000,405.7134980543181,14
2024-09-17 12:37:12.222000,405.71548172966266,996
2024-09-17 12:37:12.285000,405.7364642373412,999
2024-09-17 12:37:12.297000,405.7270520192892,1002
2024-09-17 12:37:12.355000,405.7420743071201,998
2024-09-17 12:37:12.381000,405.74409719896187,1002
2024-09-17 12:37:12.467000,405.742506274068,105
2024-09-17 12:37:12.476000,405.72452416361295,103
2024-09-17 12:37:12.564000,405.7175710755538,101
2024-09-17 12:37:12.584000,405.7217688292279,6
2024-09-17 12:37:12.594000,405.7348934852219,101
2024-09-17 12:37:12.711000,405.7446225432423,6
2024-09-17 12:37:12.731000,405.72814623486767,1000
2024-09-17 12:37:12.738000,405.7306125413503,999
2024-09-17 12:37:12.743000,405.7324076629747,1003
2024-09-17 12:37:12.759000,405.729542098983,102
2024-09-17 12:37:12.878000,405.7416025693969,98
2024-09-17 12:37:12.948000,405.7202210899203,101
2024-09-17 12:37:12.951000,405.73743471809394,101
2024-09-17 12:37:12.971000,405.7256896488642,996
2024-09-17 12:37:12.986000,405.7457512206206,15
2024-09-17 12:37:13.003000,405.7557800252454,995
2024-09-17 12:37:13.066000,405.728539668161,1005
2024-09-17 12:37:13.103000,405.7081060862921,100
2024-09-17 12:37:13.124000,405.7518994042634,12
2024-09-17 12:37:13.232000,405.731096365262,103
2024-09-17 12:37:13.343000,405.73486212242574,999
2024-09-17 12:37:13.491000,405.7054190511562,100
2024-09-17 12:37:13.670000,405.7195102227492,1001
2024-09-17 12:37:13.749000,405.7703342393572,102
2024-09-17 12:37:13.758000,405.7088731676459,12
2024-09-17 12:37:13.806000,405.747958079855,998
2024-09-17 12:37:13.956000,405.76486490080464,998
2024-09-17 12:37:14.009000,405.7797008742357,96
2024-09-17 12:37:14.047000,405.7714038860232,1000
2024-09-17 12:37:14.063000,405.74986305307465,103
2024-09-17 12:37:14.087000,405.7836980303911,105
2024-09-17 12:37:14.150000,405.77012960426345,9
2024-09-17 12:37:14.164000,405.7660191326005,100
2024-09-17 12:37:14.181000,405.7662440747596,1004
2024-09-17 12:37:14.506000,405.77439308155215,14
2024-09-17 12:37:14.605000,405.75738223095686,97
2024-09-17 12:37:14.639000,405.7632767463622,1001
2024-09-17 12:37:14.890000,405.7659764993377,6
2024-09-17 12:37:15.072000,405.8139792159972,96
2024-09-17 12:37:15.208000,405.8114898509553,1000
2024-09-17 12:37:15.221000,405.8329671903005,14
2024-09-17 12:37:15.224000,405.7800616539471,13
2024-09-17 12:37:15.417000,405.83839032609313,7
2024-09-17 12:37:15.426000,405.8376168666859,13
2024-09-17 12:37:15.468000,405.8290965072209,995
2024-09-17 12:37:15.529000,405.78490659049584,95
2024-09-17 12:37:15.582000,405.82113400461225,8
2024-09-17 12:37:15.612000,405.8334895739079,99
2024-09-17 12:37:15.633000,405.83519498943264,997
2024-09-17 12:37:15.706000,405.772218416995,995
2024-09-17 12:37:15.709000,405.7998462065964,1004
2024-09-17 12:37:15.752000,405.82237826380754,95
2024-09-17 12:37:15.904000,405.8176361101503,7
2024-09-17 12:37:15.908000,405.8203182941898,10
2024-09-17 12:37:15.938000,405.8213479935889,1005
2024-09-17 12:37:15.951000,405.81513539036354,101
2024-09-17 12:37:16.007000,405.8040249634152,1005
2024-09-17 12:37:16.162000,405.81881569903135,6
2024-09-17 12:37:16.251000,405.807436913137,8
2024-09-17 12:37:16.309000,405.8138889613541,102
2024-09-17 12:37:16.309000,405.77256823598753,100
2024-09-17 12:37:16.374000,405.8009554048974,96
2024-09-17 12:37:16.401000,405.8127075287936,13
2024-09-17 12:37:16.407000,405.8086570177683,103
2024-09-17 12:37:16.481000,405.7865934614886,995
2024-09-17 12:37:16.556000,405.7989705568247,96
2024-09-17 12:37:16.565000,405.8247345183226,9
2024-09-17 12:37:16.581000,405.8118012393356,1001
2024-09-17 12:37:16.591000,405.7954974788527,1003
2024-09-17 12:37:16.615000,405.77521068101,997
2024-09-17 12:37:16.856000,405.8050340341527,7
2024-09-17 12:37:16.873000,405.8099922788872,6
2024-09-17 12:37:16.931000,405.79813323634073,5
2024-09-17 12:37:17.037000,405.80116978176426,5
2024-09-17 12:37:17.149000,405.7687604838823,8
2024-09-17 12:37:17.228000,405.7546723097101,999
2024-09-17 12:37:17.309000,405.7668683135612,998
2024-09-17 12:37:17.358000,405.76718681595,14
2024-09-17 12:37:17.444000,405.726667908642,100
2024-09-17 12:37:17.452000,405.76032838409225,996
2024-09-17 12:37:17.465000,405.7452554862372,5
2024-09-17 12:37:17.508000,405.777394770997,1005
2024-09-17 12:37:17.647000,405.7317891830136,8
2024-09-17 12:37:17.658000,405.7864841191444,99
2024-09-17 12:37:17.717000,405.7781652082182,15
2024-09-17 12:37:17.730000,405.78652788683394,100
2024-09-17 12:37:17.789000,405.8062722894509,5
2024-09-17 12:37:17.909000,405.77428141989816,96
2024-09-17 12:37:17.942000,405.7764599136663,995
2024-09-17 12:37:17.951000,405.7823501389397,12
2024-09-17 12:37:17.957000,405.7718702630038,96
2024-09-17 12:37:17.976000,405.792865166867,11
2024-09-17 12:37:18.280000,405.7697705861563,999
2024-09-17 12:37:19.008000,405.7907760767656,1002
2024-09-17 12:37:19.050000,405.7928116098224,101
2024-09-17 12:37:19.078000,405.7942918364784,7
2024-09-17 12:37:19.128000,405.80857132255954,105
2024-09-17 12:37:19.205000,405.7713179590248,96
2024-09-17 12:37:19.216000,405.8143371564509,95
2024-09-17 12:37:19.376000,405.7457926495531,10
2024-09-17 12:37:19.432000,405.77024624541406,7
2024-09-17 12:37:19.454000,405.7786542625399,100
2024-09-17 12:37:19.457000,405.8165748703517,12
2024-09-17 12:37:19.466000,405.8347318684228,997
2024-09-17 12:37:19.468000,405.7600425969167,8
2024-09-17 12:37:19.505000,405.7959886099961,95
2024-09-17 12:37:19.535000,405.8165301868465,9
2024-09-17 12:37:19.544000,405.7783989031429,996
2024-09-17 12:37:19.598000,405.74932908125743,102
2024-09-17 12:37:19.681000,405.7541213348497,100
2024-09-17 12:37:19.706000,405.7780989366092,104
2024-09-17 12:37:19.743000,405.7697942212658,96
2024-09-17 12:37:19.757000,405.82024465065126,995
2024-09-17 12:37:19.762000,405.818086308122,101
2024-09-17 12:37:19.774000,405.7774262588746,999
2024-09-17 12:37:19.791000,405.8222399858329,10
2024-09-17 12:37:19.918000,405.81931364920587,996
2024-09-17 12:37:19.919000,405.7846344997544,1003
2024-09-17 12:37:19.984000,405.762982693243,1005
2024-09-17 12:37:20.015000,405.7624931466676,14
2024-09-17 12:37:20.044000,405.7677626752338,1005
2024-09-17 12:37:20.053000,405.66452307654527,13
2024-09-17 12:37:20.076000,405.6845983146436,1000
2024-09-17 12:37:20.090000,405.7083781440251,99
2024-09-17 12:37:20.112000,405.7386615147053,97
2024-09-17 12:37:20.119000,405.67513624480335,15
2024-09-17 12:37:20.129000,405.75209709485057,5
2024-09-17 12:37:20.167000,405.6691511612404,10
2024-09-17 12:37:20.259000,405.7577430489986,5
2024-09-17 12:37:20.336000,405.6584999717213,5
2024-09-17 12:37:20.368000,405.6699309059445,14
2024-09-17 12:37:20.386000,405.64998999735445,998
2024-09-17 12:37:20.452000,405.65445205572007,97
2024-09-17 12:37:20.454000,405.7215817855512,96
2024-09-17 12:37:20.482000,405.6735081878506,101
2024-09-17 12:37:20.592000,405.7620269749593,1001
2024-09-17 12:37:20.611000,405.7364297850205,5
2024-09-17 12:37:20.679000,405.68026983229856,98
2024-09-17 12:37:20.729000,405.65715756713047,995
2024-09-17 12:37:20.742000,405.7261321714156,15
2024-09-17 12:37:20.752000,405.671885506934,103
2024-09-17 12:37:20.806000,405.676970233938,104
2024-09-17 12:37:20.811000,405.70227579721455,14
2024-09-17 12:37:20.817000,405.7490524334962,105
2024-09-17 12:37:20.852000,405.6645471789495,6
2024-09-17 12:37:20.940000,405.65622583355577,105
2024-09-17 12:37:20.983000,405.6823212279763,105
2024-09-17 12:37:21.017000,405.608428161735,100
2024-09-17 12:37:21.032000,405.5866008005357,105
2024-09-17 12:37:21.034000,405.59592834280346,5
2024-09-17 12:37:21.096000,405.6255486261025,96
2024-09-17 12:37:21.136000,405.58971870760365,6
2024-09-17 12:37:21.151000,405.6055292882157,105
2024-09-17 12:37:21.247000,405.6612816120326,101
2024-09-17 12:37:21.279000,405.632957209154,15
2024-09-17 12:37:21.370000,405.6031419958016,97
2024-09-17 12:37:21.439000,405.62322907677697,104
2024-09-17 12:37:21.483000,405.5961967819153,11
2024-09-17 12:37:21.553000,405.6054379787861,997
2024-09-17 12:37:21.575000,405.6288586051892,999
2024-09-17 12:37:21.680000,405.6614964136615,998
2024-09-17 12:37:21.684000,405.60694557226464,1003
2024-09-17 12:37:21.723000,405.6095692403644,101
2024-09-17 12:37:21.783000,405.6202634951529,101
2024-09-17 12:37:21.818000,405.6090506324208,100
2024-09-17 12:37:21.864000,405.6322816645236,1003
2024-09-17 12:37:21.979000,405.62325581706807,95
2024-09-17 12:37:22.292000,405.5761946573285,998
2024-09-17 12:37:22.352000,405.5911938221025,1000
2024-09-17 12:37:23.070000,405.5819404939272,7
2024-09-17 12:37:23.128000,405.5718438159285,1002
2024-09-17 12:37:23.260000,405.563218390958,1004
2024-09-17 12:37:23.310000,405.5796374202351,11
2024-09-17 12:37:23.498000,405.5503309234704,995
2024-09-17 12:37:23.564000,405.5710610039457,1004
2024-09-17 12:37:23.878000,405.54472861974193,999
2024-09-17 12:37:23.916000,405.5601321283568,6
2024-09-17 12:37:23.956000,405.5825443070709,10
2024-09-17 12:37:24.086000,405.5907521031706,7
2024-09-17 12:37:24.326000,405.5846230797626,998
2024-09-17 12:37:24.406000,405.5983081834906,103
2024-09-17 12:37:24.995000,405.5974122179484,104
2024-09-17 12:37:25.008000,405.58947229459005,10
2024-09-17 12:37:25.154000,405.60563811345935,9
2024-09-17 12:37:25.239000,405.5753723930922,1005
2024-09-17 12:37:25.248000,405.5902850308324,1001
2024-09-17 12:37:25.315000,405.5764655593138,100
2024-09-17 12:37:25.500000,405.6136023266326,97
2024-09-17 12:37:25.520000,405.58450241449646,12
2024-09-17 12:37:25.594000,405.5830892101278,101
2024-09-17 12:37:25.716000,405.6102097501021,105
2024-09-17 12:37:25.826000,405.5902596098138,100
2024-09-17 12:37:25.937000,405.57561460524056,11
2024-09-17 12:37:26.037000,405.4595745067798,1005
2024-09-17 12:37:26.070000,405.5042938647403,95
2024-09-17 12:37:26.137000,405.5855288473328,97
2024-09-17 12:37:26.158000,405.4418565136942,105
2024-09-17 12:37:26.187000,405.4668013291609,8
2024-09-17 12:37:26.210000,405.48407161655,7
2024-09-17 12:37:26.222000,405.55183145041474,13
2024-09-17 12:37:26.251000,405.43830085469455,98
2024-09-17 12:37:26.252000,405.487539101982,6
2024-09-17 12:37:26.319000,405.5119215641856,997
2024-09-17 12:37:26.347000,405.4513252591559,98
2024-09-17 12:37:26.400000,405.5091362360891,104
2024-09-17 12:37:26.452000,405.5687268679308,8
2024-09-17 12:37:26.477000,405.57663632296607,1001
2024-09-17 12:37:26.484000,405.4537862048856,98
2024-09-17 12:37:26.542000,405.4634501202345,102
2024-09-17 12:37:26.619000,405.4505760840901,12
2024-09-17 12:37:26.621000,405.4432841568368,7
2024-09-17 12:37:26.641000,405.4635346629087,15
2024-09-17 12:37:26.687000,405.44235739360215,1004
2024-09-17 12:37:26.812000,405.4502274187907,1004
2024-09-17 12:37:26.822000,405.4310944119047,103
2024-09-17 12:37:26.928000,405.4538869022212,95
2024-09-17 12:37:26.933000,405.5386426140878,1003
2024-09-17 12:37:26.933000,405.4652183355437,98
2024-09-17 12:37:26.949000,405.5317004015058,105
2024-09-17 12:37:26.955000,405.4517057412924,9
2024-09-17 12:37:26.993000,405.5558036558283,104
2024-09-17 12:37:27.131000,405.4764065611956,101
2024-09-17 12:37:27.146000,405.4478437233465,1000
2024-09-17 12:37:27.264000,405.481149094124,7
2024-09-17 12:37:27.558000,405.4804381259207,1004
2024-09-17 12:37:27.848000,405.4865231914802,1003
2024-09-17 12:37:27.974000,405.4611634212556,102
2024-09-17 12:37:28.143000,405.487975437886,6
2024-09-17 12:37:28.393000,405.4899545734725,102
2024-09-17 12:37:28.707000,405.4911432734928,1000
2024-09-17 12:37:28.810000,405.5055474823733,996
2024-09-17 12:37:28.812000,405.51779574934966,1000
2024-09-17 12:37:28.932000,405.49257198334215,7
2024-09-17 12:37:28.933000,405.4777437057392,14
2024-09-17 12:37:29.476000,405.50926318185,1004
2024-09-17 12:37:30.026000,405.4840774408968,9
2024-09-17 12:37:30.034000,405.5073441141475,995
2024-09-17 12:37:30.073000,405.486898259362,995
2024-09-17 12:37:30.073000,405.4680930170403,11
2024-09-17 12:37:30.087000,405.4578441813064,999
2024-09-17 12:37:30.193000,405.4632257284875,7
2024-09-17 12:37:30.195000,405.4640576784993,6
2024-09-17 12:37:30.199000,405.49333557420135,10
2024-09-17 12:37:30.199000,405.4989490595036,997
2024-09-17 12:37:30.257000,405.4943456271749,8
2024-09-17 12:37:30.398000,405.4698479434041,102
2024-09-17 12:37:30.415000,405.4542486600593,1000
2024-09-17 12:37:30.482000,405.4784146023887,98
2024-09-17 12:37:30.558000,405.4985755832037,9
2024-09-17 12:37:30.708000,405.4860064415004,11
2024-09-17 12:37:30.718000,405.4976542777642,12
2024-09-17 12:37:30.724000,405.4896558423008,1001
2024-09-17 12:37:30.726000,405.5388227083072,98
2024-09-17 12:37:30.765000,405.5381725486856,13
2024-09-17 12:37:30.832000,405.4913385608763,1001
2024-09-17 12:37:30.955000,405.4667196800343,12
2024-09-17 12:37:30.965000,405.4543845011996,15
2024-09-17 12:37:30.983000,405.4992856520407,98
2024-09-17 12:37:31.035000,405.5116370135401,10
2024-09-17 12:37:31.176000,405.5277115527896,995
2024-09-17 12:37:31.241000,405.53023450525154,96
2024-09-17 12:37:31.458000,405.5283075340217,8
2024-09-17 12:37:31.464000,405.5077709745616,999
2024-09-17 12:37:31.647000,405.4985777039263,1004
2024-09-17 12:37:31.840000,405.53367550076587,8
2024-09-17 12:37:31.973000,405.4850098777518,1000
2024-09-17 12:37:31.983000,405.5259165477827,12
2024-09-17 12:37:32.004000,405.50176025799976,12
2024-09-17 12:37:32.097000,405.507963943062,96
2024-09-17 12:37:32.448000,405.4985490938725,6
2024-09-17 12:37:32.674000,405.5034496823176,1002
2024-09-17 12:37:32.893000,405.5132473809316,104
2024-09-17 12:37:33.045000,405.52020796741823,105
2024-09-17 12:37:33.091000,405.543075549604,104
2024-09-17 12:37:33.100000,405.5640317246812,8
2024-09-17 12:37:33.271000,405.56507064469344,996
2024-09-17 12:37:33.422000,405.5385905025404,101
2024-09-17 12:37:33.422000,405.55493247804185,11
2024-09-17 12:37:33.478000,405.5653067421076,103
2024-09-17 12:37:33.516000,405.5396310555231,7
2024-09-17 12:37:33.692000,405.5349263381296,9
2024-09-17 12:37:33.745000,405.5463130051036,10
2024-09-17 12:37:33.900000,405.5159585753655,102
2024-09-17 12:37:34.121000,405.5626646689084,101
2024-09-17 12:37:34.229000,405.5904527392569,105
2024-09-17 12:37:34.314000,405.5945274157695,1004
2024-09-17 12:37:34.417000,405.56886428338936,1005
2024-09-17 12:37:34.995000,405.5730856995952,101
2024-09-17 12:37:35.101000,405.6075585712026,15
2024-09-17 12:37:35.142000,405.5831746466442,1000
2024-09-17 12:37:35.153000,405.5630165202719,10
2024-09-17 12:37:35.163000,405.5955026255805,1002
2024-09-17 12:37:35.166000,405.5894049725569,1001
2024-09-17 12:37:35.201000,405.6320746411829,9
2024-09-17 12:37:35.274000,405.62693514684565,11
2024-09-17 12:37:35.316000,405.6344288368701,97
2024-09-17 12:37:35.388000,405.6068583038597,1004
2024-09-17 12:37:35.582000,405.6286071186033,13
2024-09-17 12:37:35.591000,405.59484787834447,1002
2024-09-17 12:37:35.611000,405.60097787300896,1005
2024-09-17 12:37:35.653000,405.59608703194834,1005
2024-09-17 12:37:35.676000,405.6111389189174,13
2024-09-17 12:37:35.691000,405.62145889754737,6
2024-09-17 12:37:35.708000,405.5816933837776,105
2024-09-17 12:37:35.734000,405.6151103949865,1003
2024-09-17 12:37:35.766000,405.5690281293562,8
2024-09-17 12:37:35.778000,405.5947494286199,1004
2024-09-17 12:37:35.812000,405.5603102852257,11
2024-09-17 12:37:35.836000,405.613406930507,11
2024-09-17 12:37:35.857000,405.6205251395413,1002
2024-09-17 12:37:35.868000,405.6149514533544,1005
2024-09-17 12:37:35.914000,405.5906453276821,1000
2024-09-17 12:37:35.970000,405.6286080278571,5
2024-09-17 12:37:36.135000,405.60558090792097,998
2024-09-17 12:37:36.684000,405.6001758385769,1002
2024-09-17 12:37:37.008000,405.7418331348289,1000
2024-09-17 12:37:37.014000,405.74079040012816,996
2024-09-17 12:37:37.025000,405.7440836612535,11
2024-09-17 12:37:37.080000,405.72364727960434,100
2024-09-17 12:37:37.098000,405.728794930542,15
2024-09-17 12:37:37.198000,405.63141369865616,14
2024-09-17 12:37:37.250000,405.7316954619072,7
2024-09-17 12:37:37.281000,405.60884048893377,11
2024-09-17 12:37:37.303000,405.6864419041803,14
2024-09-17 12:37:37.326000,405.6062935097569,95
2024-09-17 12:37:37.350000,405.6914521014479,14
2024-09-17 12:37:37.437000,405.76893231413527,95
2024-09-17 12:37:37.477000,405.7430920118804,100
2024-09-17 12:37:37.491000,405.692341634225,1000
2024-09-17 12:37:37.506000,405.68867510318273,14
2024-09-17 12:37:37.560000,405.5992917671973,996
2024-09-17 12:37:37.635000,405.6837143544811,1003
2024-09-17 12:37:37.734000,405.6788853759038,97
2024-09-17 12:37:37.849000,405.7264739538947,999
2024-09-17 12:37:37.861000,405.7569085487237,10
2024-09-17 12:37:37.862000,405.63269331859817,995
2024-09-17 12:37:37.899000,405.7472142106654,14
2024-09-17 12:37:37.917000,405.6550699198608,102
2024-09-17 12:37:37.970000,405.6842563567484,1000
2024-09-17 12:37:37.991000,405.6982070792792,9
2024-09-17 12:37:37.996000,405.6736301377524,13
2024-09-17 12:37:38.003000,405.7461850451434,104
2024-09-17 12:37:38.046000,405.7163508473968,14
2024-09-17 12:37:38.097000,405.7626239104983,100
2024-09-17 12:37:38.097000,405.7863065731774,104
2024-09-17 12:37:38.509000,405.73570080490657,11
2024-09-17 12:37:38.533000,405.7701823549767,1001
2024-09-17 12:37:38.585000,405.77565856080406,7
2024-09-17 12:37:38.760000,405.71937318734274,15
2024-09-17 12:37:38.936000,405.7817926480181,11
2024-09-17 12:37:39.031000,405.7188002702496,5
2024-09-17 12:37:39.041000,405.6686115157544,996
2024-09-17 12:37:39.059000,405.7053788344416,105
2024-09-17 12:37:39.082000,405.6880304682357,96
2024-09-17 12:37:39.116000,405.776349246075,9
2024-09-17 12:37:39.137000,405.6855376992989,997
2024-09-17 12:37:39.174000,405.7027522578841,12
2024-09-17 12:37:39.180000,405.6636032322498,9
2024-09-17 12:37:39.216000,405.7756798698061,995
2024-09-17 12:37:39.302000,405.7350339062145,1002
2024-09-17 12:37:39.332000,405.7848483093628,97
2024-09-17 12:37:39.390000,405.7671744442157,1005
2024-09-17 12:37:39.432000,405.7259233530632,15
2024-09-17 12:37:39.476000,405.6963709995349,996
2024-09-17 12:37:39.562000,405.6886791313852,95
2024-09-17 12:37:39.563000,405.7157214422153,1000
2024-09-17 12:37:39.581000,405.70856319812304,5
2024-09-17 12:37:39.700000,405.70500316368384,1000
2024-09-17 12:37:39.704000,405.76011579270784,1003
2024-09-17 12:37:39.747000,405.7760350170213,98
2024-09-17 12:37:39.760000,405.6995661809375,1001
2024-09-17 12:37:39.870000,405.6846308640202,7
2024-09-17 12:37:39.881000,405.7778055146921,99
2024-09-17 12:37:39.906000,405.7610412161404,5
2024-09-17 12:37:39.932000,405.7549928423628,96
2024-09-17 12:37:39.963000,405.6965043389956,98
2024-09-17 12:37:39.992000,405.6786226598872,13
2024-09-17 12:37:40.038000,405.6684942011351,9
2024-09-17 12:37:40.206000,405.66248590601447,996
2024-09-17 12:37:40.552000,405.65288692409865,9
2024-09-17 12:37:40.760000,405.6472241168171,14
2024-09-17 12:37:40.828000,405.6870228489369,5
2024-09-17 12:37:40.858000,405.63969667118687,11
2024-09-17 12:37:40.963000,405.6472365506521,1000
2024-09-17 12:37:41.046000,405.6607233989757,102
2024-09-17 12:37:41.172000,405.717436363658,1002
2024-09-17 12:37:41.195000,405.69577648474944,999
2024-09-17 12:37:41.206000,405.69315361068334,1001
2024-09-17 12:37:41.274000,405.6981906570485,104
2024-09-17 12:37:41.297000,405.6830168578045,99
2024-09-17 12:37:41.342000,405.6586519587177,6
2024-09-17 12:37:41.373000,405.65737919907184,102
2024-09-17 12:37:41.399000,405.6597440290824,1000
2024-09-17 12:37:41.488000,405.6932140350376,99
2024-09-17 12:37:41.579000,405.703251142981,13
2024-09-17 12:37:41.717000,405.7009969240659,7
2024-09-17 12:37:41.738000,405.708674966821,97
2024-09-17 12:37:41.826000,405.6822513921133,1003
2024-09-17 12:37:41.912000,405.6869068596839,1004
2024-09-17 12:37:41.938000,405.67037467684105,96
2024-09-17 12:37:41.946000,405.69241603825776,103
2024-09-17 12:37:41.987000,405.6742506299185,103
2024-09-17 12:37:42.336000,405.66895210864806,95
2024-09-17 12:37:42.367000,405.6837790896554,1005
2024-09-17 12:37:42.459000,405.6936759005515,13
2024-09-17 12:37:42.685000,405.6796745443782,98
2024-09-17 12:37:43.273000,405.6820098004826,103
2024-09-17 12:37:44.053000,405.6814089796529,13
2024-09-17 12:37:44.099000,405.6859257266422,105
2024-09-17 12:37:44.573000,405.6810041334826,8
2024-09-17 12:37:44.915000,405.6720454726221,998
2024-09-17 12:37:45.002000,405.670829209631,5
2024-09-17 12:37:45.297000,405.6782435150808,1000
2024-09-17 12:37:45.495000,405.6653472930911,999
2024-09-17 12:37:45.563000,405.66882068383,97
2024-09-17 12:37:45.590000,405.695085177401,96
2024-09-17 12:37:45.903000,405.6746459734785,995
2024-09-17 12:37:45.961000,405.6720833015807,5
2024-09-17 12:37:46.011000,405.684552179252,995
2024-09-17 12:37:46.214000,405.66081062760014,102
2024-09-17 12:37:46.234000,405.65545367561407,10
2024-09-17 12:37:46.357000,405.6943299958728,13
2024-09-17 12:37:46.443000,405.69146061789394,12
2024-09-17 12:37:46.561000,405.6448038671522,12
2024-09-17 12:37:46.879000,405.696225579024,6
2024-09-17 12:37:47.010000,405.6800133033115,14
2024-09-17 12:37:47.122000,405.6501568724445,103
2024-09-17 12:37:47.129000,405.6327621411832,15
2024-09-17 12:37:47.218000,405.631769093951,105
2024-09-17 12:37:47.225000,405.6458242909527,7
2024-09-17 12:37:47.287000,405.6723411718613,101
2024-09-17 12:37:47.327000,405.6760221811514,995
2024-09-17 12:37:47.453000,405.6665492530519,99
2024-09-17 12:37:47.471000,405.6592605566885,998
2024-09-17 12:37:47.560000,405.6676391555882,105
2024-09-17 12:37:47.690000,405.6401128754864,14
2024-09-17 12:37:47.841000,405.6563236612637,14
2024-09-17 12:37:48.085000,405.68704140353526,104
2024-09-17 12:37:48.091000,405.6944634956515,98
2024-09-17 12:37:48.229000,405.6840702610357,1003
2024-09-17 12:37:48.249000,405.7089868807119,9
2024-09-17 12:37:48.258000,405.6697845376818,7
2024-09-17 12:37:48.293000,405.6642893949871,8
2024-09-17 12:37:48.363000,405.6643369308451,101
2024-09-17 12:37:48.459000,405.677359778363,998
2024-09-17 12:37:48.472000,405.7143397844906,999
2024-09-17 12:37:48.481000,405.6904317665952,996
2024-09-17 12:37:48.520000,405.6943499043724,14
2024-09-17 12:37:48.553000,405.6808153746296,9
2024-09-17 12:37:48.553000,405.6665913519337,101
2024-09-17 12:37:48.556000,405.6880731360496,5
2024-09-17 12:37:48.563000,405.6902671457042,1000
2024-09-17 12:37:48.599000,405.659700481239,7
2024-09-17 12:37:48.762000,405.69305495331656,998
2024-09-17 12:37:48.856000,405.6622695608322,12
2024-09-17 12:37:48.940000,405.65595991478114,996
2024-09-17 12:37:48.951000,405.6365102388546,102
2024-09-17 12:37:48.982000,405.66570077951735,7
2024-09-17 12:37:48.986000,405.6969912704831,1001
2024-09-17 12:37:49.001000,405.5736713745585,105
2024-09-17 12:37:49.006000,405.6237559269755,1004
2024-09-17 12:37:49.015000,405.6613369273233,13
2024-09-17 12:37:49.057000,405.6184545850632,97
2024-09-17 12:37:49.068000,405.6296353733785,11
2024-09-17 12:37:49.077000,405.66347785918833,1004
2024-09-17 12:37:49.110000,405.59060792398606,8
2024-09-17 12:37:49.186000,405.6693270276569,6
2024-09-17 12:37:49.264000,405.6253174321105,8
2024-09-17 12:37:49.364000,405.5976533350809,999
2024-09-17 12:37:49.367000,405.64510235819904,996
2024-09-17 12:37:49.377000,405.61262087612255,999
2024-09-17 12:37:49.703000,405.5801077579296,101
2024-09-17 12:37:49.748000,405.6515016606846,999
2024-09-17 12:37:49.749000,405.6630916298221,97
2024-09-17 12:37:49.761000,405.6368994125455,7
2024-09-17 12:37:49.766000,405.6584370988381,999
2024-09-17 12:37:49.806000,405.5974039339452,999
2024-09-17 12:37:49.911000,405.6552548338146,995
2024-09-17 12:37:49.935000,405.6475409144284,6
2024-09-17 12:37:49.950000,405.6075011356351,1005
2024-09-17 12:37:50.136000,405.6401911132117,996
2024-09-17 12:37:50.207000,405.6706353950136,7
2024-09-17 12:37:50.230000,405.5859881347254,95
2024-09-17 12:37:50.236000,405.68121954503727,998
2024-09-17 12:37:50.248000,405.6348450241305,96
2024-09-17 12:37:50.345000,405.68125516639896,6
2024-09-17 12:37:50.367000,405.6649041011224,1005
2024-09-17 12:37:50.377000,405.67581807992326,9
2024-09-17 12:37:50.416000,405.65766686061215,11
2024-09-17 12:37:50.433000,405.6777849493719,998
2024-09-17 12:37:50.454000,405.6551613127537,101
2024-09-17 12:37:50.464000,405.5876502455616,101
2024-09-17 12:37:50.475000,405.6499561432168,98
2024-09-17 12:37:50.524000,405.6173430096204,9
2024-09-17 12:37:50.538000,405.63225089894206,996
2024-09-17 12:37:50.551000,405.67794904639777,7
2024-09-17 12:37:50.557000,405.66275434499096,1000
2024-09-17 12:37:50.558000,405.6295513614913,999
2024-09-17 12:37:50.586000,405.6506526535898,96
2024-09-17 12:37:50.644000,405.6465239045149,15
2024-09-17 12:37:50.679000,405.59654522314895,12
2024-09-17 12:37:50.799000,405.56773038015854,9
2024-09-17 12:37:50.812000,405.59454342492654,999
2024-09-17 12:37:50.832000,405.599444981558,1003
2024-09-17 12:37:50.873000,405.5892702624764,101
2024-09-17 12:37:50.875000,405.66307614351575,1003
2024-09-17 12:37:50.887000,405.57321643290487,99
2024-09-17 12:37:50.897000,405.6506265189717,104
2024-09-17 12:37:50.899000,405.6928736353365,95
2024-09-17 12:37:50.997000,405.63859263163374,13
2024-09-17 12:37:51.026000,405.72105030445454,100
2024-09-17 12:37:51.026000,405.7529813257464,10
2024-09-17 12:37:51.045000,405.7072097686757,95
2024-09-17 12:37:51.128000,405.7252374668902,12
2024-09-17 12:37:51.132000,405.7340125483902,13
2024-09-17 12:37:51.214000,405.71568223166,1000
2024-09-17 12:37:51.237000,405.6945393498853,996
2024-09-17 12:37:51.295000,405.7523103868046,999
2024-09-17 12:37:51.320000,405.6726796849992,11
2024-09-17 12:37:51.400000,405.6600094785511,1004
2024-09-17 12:37:51.538000,405.7022607891637,9
2024-09-17 12:37:51.610000,405.6740411817252,98
2024-09-17 12:37:51.634000,405.7282750476607,102
2024-09-17 12:37:51.644000,405.675547769899,10
2024-09-17 12:37:51.717000,405.74368546310615,1003
2024-09-17 12:37:51.746000,405.6817603929228,99
2024-09-17 12:37:51.761000,405.6812420749085,13
2024-09-17 12:37:51.767000,405.72307904181497,997
2024-09-17 12:37:51.811000,405.6522594528346,14
2024-09-17 12:37:51.824000,405.7536528257541,1000
2024-09-17 12:37:51.862000,405.7397120899095,999
2024-09-17 12:37:51.866000,405.6876962319483,10
2024-09-17 12:37:51.877000,405.7115032009638,13
2024-09-17 12:37:51.888000,405.7099363586812,1003
2024-09-17 12:37:51.896000,405.7062384691189,99
2024-09-17 12:37:51.899000,405.75430604647033,1001
2024-09-17 12:37:51.928000,405.7175725493273,995
2024-09-17 12:37:51.974000,405.7551219405738,1000
2024-09-17 12:37:51.977000,405.7425984396191,97
2024-09-17 12:37:52.130000,405.753519601548,999
2024-09-17 12:37:52.193000,405.7604003098061,101
2024-09-17 12:37:52.253000,405.7308105125276,7
2024-09-17 12:37:52.279000,405.728797867086,10
2024-09-17 12:37:52.347000,405.744689398161,12
2024-09-17 12:37:52.354000,405.74469957950606,996
2024-09-17 12:37:52.376000,405.7393744790556,5
2024-09-17 12:37:52.432000,405.7548147698097,1003
2024-09-17 12:37:52.563000,405.7330442368516,12
2024-09-17 12:37:52.602000,405.7257399917391,997
2024-09-17 12:37:52.705000,405.7386722894794,996
2024-09-17 12:37:52.723000,405.7562244809092,997
2024-09-17 12:37:52.735000,405.7240688700987,6
2024-09-17 12:37:52.751000,405.7401572481841,101
2024-09-17 12:37:52.752000,405.7484401793268,8
2024-09-17 12:37:52.773000,405.7562260819562,95
2024-09-17 12:37:53.122000,405.7286486309,99
2024-09-17 12:37:53.196000,405.7711603105952,96
2024-09-17 12:37:53.313000,405.7559122154423,10
2024-09-17 12:37:53.535000,405.7550212550484,12
2024-09-17 12:37:53.559000,405.7180993708324,98
2024-09-17 12:37:53.592000,405.76833048430063,1002
2024-09-17 12:37:53.594000,405.7611118465352,104
2024-09-17 12:37:53.655000,405.7598273411967,996
2024-09-17 12:37:53.688000,405.7707158477222,98
2024-09-17 12:37:53.941000,405.758189695288,996
2024-09-17 12:37:54.041000,405.7470984727183,103
2024-09-17 12:37:54.044000,405.6956134550072,97
2024-09-17 12:37:54.062000,405.7126174256512,100
2024-09-17 12:37:54.094000,405.7327169982305,95
2024-09-17 12:37:54.171000,405.6698127145382,1001
2024-09-17 12:37:54.247000,405.7288541290097,996
2024-09-17 12:37:54.271000,405.70972912857377,14
2024-09-17 12:37:54.324000,405.68289459585714,11
2024-09-17 12:37:54.337000,405.6764464103558,1000
2024-09-17 12:37:54.362000,405.7078745208688,103
2024-09-17 12:37:54.393000,405.6942243632495,10
2024-09-17 12:37:54.438000,405.6862449505743,14
2024-09-17 12:37:54.469000,405.7046565350626,98
2024-09-17 12:37:54.509000,405.6952060878491,9
2024-09-17 12:37:54.575000,405.7027452051899,99
2024-09-17 12:37:54.609000,405.6997827204981,995
2024-09-17 12:37:54.638000,405.6877014394647,103
2024-09-17 12:37:54.641000,405.6864686471607,13
2024-09-17 12:37:54.641000,405.7526013633238,996
2024-09-17 12:37:54.656000,405.69400710967545,15
2024-09-17 12:37:54.860000,405.6891222716158,7
2024-09-17 12:37:54.891000,405.7044835943572,14
2024-09-17 12:37:54.898000,405.7265980787687,95
2024-09-17 12:37:54.939000,405.7074784914523,5
2024-09-17 12:37:54.996000,405.73063452996735,5
2024-09-17 12:37:55.013000,405.7246216993069,9
2024-09-17 12:37:55.040000,405.70798374883714,1003
2024-09-17 12:37:55.063000,405.7162359878268,6
2024-09-17 12:37:55.109000,405.6859146189042,105
2024-09-17 12:37:55.129000,405.698990132318,8
2024-09-17 12:37:55.154000,405.6981017107848,103
2024-09-17 12:37:55.158000,405.7135402078006,104
2024-09-17 12:37:55.258000,405.7084674542821,995
2024-09-17 12:37:55.313000,405.7180503414381,1005
2024-09-17 12:37:55.612000,405.7224044168901,15
2024-09-17 12:37:55.620000,405.7119947716617,5
2024-09-17 12:37:55.751000,405.7112668179714,5
2024-09-17 12:37:55.752000,405.7385226457671,1003
2024-09-17 12:37:55.990000,405.7133940189928,5
2024-09-17 12:37:56.002000,405.7039118082332,14
2024-09-17 12:37:56.096000,405.714842125974,15
2024-09-17 12:37:56.104000,405.7660917113906,98
2024-09-17 12:37:56.113000,405.712609635538,5
2024-09-17 12:37:56.122000,405.70671431050425,104
2024-09-17 12:37:56.174000,405.7133087819466,95
2024-09-17 12:37:56.256000,405.7189267654735,12
2024-09-17 12:37:56.269000,405.71318972597305,14
2024-09-17 12:37:56.327000,405.7454635860088,997
2024-09-17 12:37:56.387000,405.7175740222904,996
2024-09-17 12:37:56.473000,405.7133979032387,1003
2024-09-17 12:37:56.489000,405.76127405215465,5
2024-09-17 12:37:56.530000,405.710192084934,996
2024-09-17 12:37:56.568000,405.7504853850816,5
2024-09-17 12:37:56.581000,405.6922719346599,105
2024-09-17 12:37:56.600000,405.71110138898695,105
2024-09-17 12:37:56.686000,405.7042964340856,6
2024-09-17 12:37:56.691000,405.7365173277536,1001
2024-09-17 12:37:56.721000,405.71743175653535,15
2024-09-17 12:37:56.723000,405.6914622522132,10
2024-09-17 12:37:56.725000,405.7168398771309,1000
2024-09-17 12:37:56.826000,405.7172842840647,15
2024-09-17 12:37:56.841000,405.7158298749434,99
2024-09-17 12:37:56.844000,405.7256761262677,14
2024-09-17 12:37:56.902000,405.7048470790388,996
2024-09-17 12:37:56.937000,405.697117603858,10
2024-09-17 12:37:56.944000,405.7227236628586,9
2024-09-17 12:37:57.542000,405.78675807358775,6
2024-09-17 12:37:57.566000,405.79967266791215,996
2024-09-17 12:37:57.581000,405.7885755496723,995
2024-09-17 12:37:57.597000,405.7960423235699,99
2024-09-17 12:37:57.984000,405.7846988165066,96
2024-09-17 12:37:58.023000,405.7741924589474,101
2024-09-17 12:37:58.042000,405.7729782919731,999
2024-09-17 12:37:58.056000,405.7357901099668,8
2024-09-17 12:37:58.084000,405.77695494141017,1003
2024-09-17 12:37:58.088000,405.7591122032636,998
2024-09-17 12:37:58.111000,405.7738783585271,97
2024-09-17 12:37:58.179000,405.7531768547321,998
2024-09-17 12:37:58.203000,405.7546381958159,14
2024-09-17 12:37:58.204000,405.74341184696976,998
2024-09-17 12:37:58.278000,405.74061207675874,8
2024-09-17 12:37:58.280000,405.7621345148805,97
2024-09-17 12:37:58.432000,405.7691208538112,105
2024-09-17 12:37:58.457000,405.74764579288177,13
2024-09-17 12:37:58.472000,405.74549986472726,998
2024-09-17 12:37:58.473000,405.7504332480392,105
2024-09-17 12:37:58.556000,405.7623646453398,103
2024-09-17 12:37:58.568000,405.7460857004472,102
2024-09-17 12:37:58.600000,405.757308765752,996
2024-09-17 12:37:58.601000,405.77060907088537,9
2024-09-17 12:37:58.626000,405.72716789661,995
2024-09-17 12:37:58.642000,405.77647727265855,7
2024-09-17 12:37:58.664000,405.78475112687937,102
2024-09-17 12:37:58.689000,405.76400706554585,9
2024-09-17 12:37:58.729000,405.7776043033992,104
2024-09-17 12:37:58.776000,405.752802429136,1003
2024-09-17 12:37:58.797000,405.761794696735,6
2024-09-17 12:37:59.009000,405.7742189882735,13
2024-09-17 12:37:59.414000,405.77951979785627,14
2024-09-17 12:37:59.587000,405.7568739167472,104
2024-09-17 12:37:59.665000,405.77066314724,6
2024-09-17 12:37:59.678000,405.8244396648151,103
2024-09-17 12:37:59.686000,405.8002296760978,998
2024-09-17 12:37:59.692000,405.7739804627648,1002
2024-09-17 12:37:59.694000,405.80641019575273,15
2024-09-17 12:37:59.763000,405.7969141052816,1000
2024-09-17 12:37:59.768000,405.81041534246106,8
