Timestamp,Price,Size
2024-09-17 14:50:00.044000,408.3925808894259,996
2024-09-17 14:50:00.045000,408.4141088466902,1001
2024-09-17 14:50:00.108000,408.4008612268882,11
2024-09-17 14:50:00.242000,408.4138174978437,98
2024-09-17 14:50:00.318000,408.4192615377011,101
2024-09-17 14:50:00.335000,408.4160435481009,100
2024-09-17 14:50:00.356000,408.41448179953466,7
2024-09-17 14:50:00.362000,408.4124505432852,9
2024-09-17 14:50:00.409000,408.4175869315169,15
2024-09-17 14:50:00.411000,408.3996361301984,97
2024-09-17 14:50:00.411000,408.39947280025416,10
2024-09-17 14:50:00.423000,408.4120618201648,5
2024-09-17 14:50:00.431000,408.4021082798804,10
2024-09-17 14:50:00.494000,408.41189588386055,10
2024-09-17 14:50:00.582000,408.422346450924,12
2024-09-17 14:50:00.668000,408.42481290584993,10
2024-09-17 14:50:00.678000,408.4042905739856,96
2024-09-17 14:50:00.728000,408.39325191283785,15
2024-09-17 14:50:00.742000,408.4030030505956,105
2024-09-17 14:50:00.766000,408.4225055321161,104
2024-09-17 14:50:00.914000,408.42962266998495,100
2024-09-17 14:50:00.972000,408.3764371921101,7
2024-09-17 14:50:01.055000,408.362203515858,97
2024-09-17 14:50:01.198000,408.3104089844138,1005
2024-09-17 14:50:01.413000,408.3603653747583,101
2024-09-17 14:50:01.436000,408.3523458786787,998
2024-09-17 14:50:01.437000,408.32467958105485,105
2024-09-17 14:50:01.460000,408.35665629199184,8
2024-09-17 14:50:01.480000,408.32836330827786,96
2024-09-17 14:50:01.591000,415.6732781298076,5
2024-09-17 14:50:01.741000,408.3306589612051,1001
2024-09-17 14:50:01.832000,408.3264718245683,14
2024-09-17 14:50:01.868000,408.31132422559074,8
2024-09-17 14:50:01.891000,408.3544594541498,997
2024-09-17 14:50:01.941000,408.3312462094252,1002
2024-09-17 14:50:02.009000,415.6650881337919,105
2024-09-17 14:50:02.025000,408.3269627466192,105
2024-09-17 14:50:02.029000,408.3323318023244,14
2024-09-17 14:50:02.034000,408.3261439334617,100
2024-09-17 14:50:02.057000,408.3144116642952,6
2024-09-17 14:50:02.070000,408.3275833269562,1003
2024-09-17 14:50:02.133000,408.3418049769634,1000
2024-09-17 14:50:02.136000,408.3336389104622,10
2024-09-17 14:50:02.154000,408.3254787646948,999
2024-09-17 14:50:02.216000,408.3147911046888,15
2024-09-17 14:50:02.230000,408.3484864603831,102
2024-09-17 14:50:02.238000,408.3495528772153,12
2024-09-17 14:50:02.288000,408.3220641182803,998
2024-09-17 14:50:02.462000,408.3238995361569,1000
2024-09-17 14:50:02.501000,408.3519039896238,997
2024-09-17 14:50:02.509000,408.3423628298156,99
2024-09-17 14:50:02.633000,408.3278927824496,12
2024-09-17 14:50:02.655000,408.3247397519589,100
2024-09-17 14:50:02.657000,408.3265033770744,98
2024-09-17 14:50:02.669000,408.3469104941155,6
2024-09-17 14:50:02.678000,408.35997620420153,1003
2024-09-17 14:50:02.729000,408.3532711835746,10
2024-09-17 14:50:02.772000,408.3303288452816,996
2024-09-17 14:50:02.837000,408.31756323712017,97
2024-09-17 14:50:02.879000,408.32067956181874,102
2024-09-17 14:50:02.896000,408.35013815454994,13
2024-09-17 14:50:03.004000,408.3544042564323,998
2024-09-17 14:50:03.133000,408.35135270108657,997
2024-09-17 14:50:03.171000,408.3803928638905,11
2024-09-17 14:50:03.203000,408.3493456935961,102
2024-09-17 14:50:03.313000,408.36761734858607,103
2024-09-17 14:50:03.350000,408.36758913637016,6
2024-09-17 14:50:03.396000,408.3422938254412,15
2024-09-17 14:50:03.402000,408.38601381766136,996
2024-09-17 14:50:03.453000,408.3557442348112,104
2024-09-17 14:50:03.490000,408.3415024388971,7
2024-09-17 14:50:03.506000,408.3622791229796,8
2024-09-17 14:50:03.708000,408.3679633029736,96
2024-09-17 14:50:03.762000,408.3862816319197,6
2024-09-17 14:50:03.794000,408.37762568996766,95
2024-09-17 14:50:03.843000,408.3466364222779,8
2024-09-17 14:50:04.010000,408.3428273320099,6
2024-09-17 14:50:04.025000,408.3557711894145,13
2024-09-17 14:50:04.030000,408.3721854849063,101
2024-09-17 14:50:04.163000,408.3727225025672,997
2024-09-17 14:50:04.313000,408.3885612826512,998
2024-09-17 14:50:04.441000,408.3547965822108,97
2024-09-17 14:50:04.459000,408.3326248836926,11
2024-09-17 14:50:04.490000,408.3937036840448,998
2024-09-17 14:50:04.546000,408.330485144534,105
2024-09-17 14:50:04.594000,408.331674769492,1003
2024-09-17 14:50:04.718000,408.3399766074072,13
2024-09-17 14:50:04.756000,408.3344912995145,995
2024-09-17 14:50:04.828000,408.39711536187485,98
2024-09-17 14:50:04.975000,408.3747106752117,102
2024-09-17 14:50:05.323000,408.3325021244591,1003
2024-09-17 14:50:05.671000,408.3497317017642,9
2024-09-17 14:50:05.754000,408.3399987523588,105
2024-09-17 14:50:05.770000,408.36770348444617,998
2024-09-17 14:50:05.773000,408.3938270328348,6
2024-09-17 14:50:05.811000,408.3581370972976,1005
2024-09-17 14:50:05.877000,408.3828284298897,100
2024-09-17 14:50:05.911000,408.38743669321934,1005
2024-09-17 14:50:05.952000,408.3520163937069,7
2024-09-17 14:50:06.040000,408.436551604086,6
2024-09-17 14:50:06.056000,408.4111505426821,995
2024-09-17 14:50:06.078000,408.3857982899214,102
2024-09-17 14:50:06.208000,408.45807221920205,98
2024-09-17 14:50:06.261000,408.4587880417687,102
2024-09-17 14:50:06.402000,408.4497301006117,1002
2024-09-17 14:50:06.436000,408.38351906503766,1002
2024-09-17 14:50:06.473000,408.45306441756617,12
2024-09-17 14:50:06.606000,408.3931944248739,1004
2024-09-17 14:50:06.799000,408.4370070018223,5
2024-09-17 14:50:06.874000,408.4152101103078,1000
2024-09-17 14:50:06.920000,408.3789782796919,11
2024-09-17 14:50:07.064000,408.4549014455769,1000
2024-09-17 14:50:07.067000,408.4900467052214,1004
2024-09-17 14:50:07.195000,408.4473941838594,1002
2024-09-17 14:50:07.216000,408.5082892055943,98
2024-09-17 14:50:07.309000,408.5145909327056,103
2024-09-17 14:50:07.370000,408.51074693552056,101
2024-09-17 14:50:07.542000,408.5046673609342,997
2024-09-17 14:50:07.751000,408.482336859651,1003
2024-09-17 14:50:07.785000,408.46197482818434,1002
2024-09-17 14:50:08.030000,408.5330283778415,10
2024-09-17 14:50:08.045000,408.50659258926186,95
2024-09-17 14:50:08.083000,408.5111639184544,14
2024-09-17 14:50:08.176000,408.4824396617848,1002
2024-09-17 14:50:08.217000,408.48650559809386,103
2024-09-17 14:50:08.247000,408.5534119561675,100
2024-09-17 14:50:08.315000,408.52247113289457,999
2024-09-17 14:50:08.347000,408.5345192853039,1000
2024-09-17 14:50:08.359000,408.4992447721653,104
2024-09-17 14:50:08.388000,408.48581445420064,101
2024-09-17 14:50:08.418000,408.4873918488181,1003
2024-09-17 14:50:08.473000,408.4913153520664,12
2024-09-17 14:50:08.475000,408.49302969727074,995
2024-09-17 14:50:08.496000,408.5058663458497,10
2024-09-17 14:50:08.581000,408.4873241723364,98
2024-09-17 14:50:08.586000,408.4900675689029,1003
2024-09-17 14:50:08.615000,408.498971034282,7
2024-09-17 14:50:08.630000,408.52658123805406,1002
2024-09-17 14:50:08.639000,408.5100728578019,995
2024-09-17 14:50:08.681000,408.540511315668,999
2024-09-17 14:50:08.710000,408.4807490926405,95
2024-09-17 14:50:08.729000,408.4920597012711,14
2024-09-17 14:50:08.835000,408.5140751947635,9
2024-09-17 14:50:08.942000,408.52101450361965,998
2024-09-17 14:50:08.964000,408.48811004999214,97
2024-09-17 14:50:08.970000,408.51808444801406,6
2024-09-17 14:50:08.980000,408.5057512322786,7
2024-09-17 14:50:08.982000,408.5453720740971,101
2024-09-17 14:50:09.104000,408.5314853998819,99
2024-09-17 14:50:09.115000,408.5627092764932,998
2024-09-17 14:50:09.143000,408.561206468469,995
2024-09-17 14:50:09.158000,408.5508345569052,1004
2024-09-17 14:50:09.227000,408.5240913416376,98
2024-09-17 14:50:09.252000,408.5419425113371,100
2024-09-17 14:50:09.265000,408.5043563934629,95
2024-09-17 14:50:09.274000,408.5171468442055,1005
2024-09-17 14:50:09.324000,408.4911650878437,8
2024-09-17 14:50:09.338000,408.5278885436848,5
2024-09-17 14:50:09.377000,408.5488798462616,96
2024-09-17 14:50:09.384000,408.5547023801374,1003
2024-09-17 14:50:09.451000,408.53095595958905,7
2024-09-17 14:50:09.516000,408.537083561856,105
2024-09-17 14:50:09.532000,408.49645307369497,1005
2024-09-17 14:50:09.540000,408.5292135221933,98
2024-09-17 14:50:09.545000,408.5459408984117,95
2024-09-17 14:50:09.552000,408.5347056013649,5
2024-09-17 14:50:09.557000,408.5720091197685,105
2024-09-17 14:50:09.637000,408.53028532794434,1004
2024-09-17 14:50:09.651000,408.5673910850091,102
2024-09-17 14:50:09.687000,408.5040372647672,997
2024-09-17 14:50:09.845000,408.5011675618103,12
2024-09-17 14:50:09.852000,408.5117829437042,1005
2024-09-17 14:50:09.857000,408.5474416420324,5
2024-09-17 14:50:09.911000,408.52700859584894,99
2024-09-17 14:50:09.915000,408.5413448401175,1003
2024-09-17 14:50:09.983000,408.5587490971466,96
2024-09-17 14:50:09.986000,408.5726738086988,102
2024-09-17 14:50:10.150000,408.508734419066,7
2024-09-17 14:50:10.204000,408.4692375210344,999
2024-09-17 14:50:10.222000,408.4890223909781,6
2024-09-17 14:50:10.235000,408.5213874293305,15
2024-09-17 14:50:10.241000,408.4925624632212,6
2024-09-17 14:50:10.271000,408.4896295254624,14
2024-09-17 14:50:10.518000,408.5242123285236,12
2024-09-17 14:50:10.673000,408.4971104782624,103
2024-09-17 14:50:10.747000,408.46989314964094,1002
2024-09-17 14:50:10.811000,408.5263228910541,8
2024-09-17 14:50:10.815000,408.5257823629011,100
2024-09-17 14:50:10.845000,408.5135807477653,995
2024-09-17 14:50:10.914000,408.49309484217,12
2024-09-17 14:50:11.066000,408.4854235249662,11
2024-09-17 14:50:11.224000,408.5064172769806,7
2024-09-17 14:50:11.299000,408.5052698897064,996
2024-09-17 14:50:11.494000,408.475536155293,101
2024-09-17 14:50:11.505000,408.4765704353743,998
2024-09-17 14:50:11.532000,408.5031283288737,14
2024-09-17 14:50:11.813000,408.51603250796586,105
2024-09-17 14:50:11.859000,408.5048812246309,995
2024-09-17 14:50:12.036000,408.55351168351496,98
2024-09-17 14:50:12.060000,408.5436932528299,998
2024-09-17 14:50:12.072000,408.54923334008,96
2024-09-17 14:50:12.080000,408.5647599599145,11
2024-09-17 14:50:12.147000,408.5606285214466,103
2024-09-17 14:50:12.244000,408.5629680816736,98
2024-09-17 14:50:12.315000,408.5532469926159,12
2024-09-17 14:50:12.387000,408.5389356320146,7
2024-09-17 14:50:12.563000,408.52602198341657,997
2024-09-17 14:50:12.635000,408.5545293190301,1003
2024-09-17 14:50:12.651000,408.5487678221781,11
2024-09-17 14:50:12.679000,408.5473116106783,14
2024-09-17 14:50:12.695000,408.51477089599257,5
2024-09-17 14:50:12.762000,408.5457418163053,1000
2024-09-17 14:50:12.789000,408.5475085513326,999
2024-09-17 14:50:12.921000,408.5422561897097,1003
2024-09-17 14:50:12.941000,408.5588773256369,1001
2024-09-17 14:50:12.960000,408.5231882148361,105
2024-09-17 14:50:12.969000,408.5461590986567,998
2024-09-17 14:50:13.191000,415.6403374362696,96
2024-09-17 14:50:13.201000,408.4681882424771,102
2024-09-17 14:50:13.430000,408.51668758558327,102
2024-09-17 14:50:13.453000,408.48704772925385,999
2024-09-17 14:50:13.616000,408.4875881286583,13
2024-09-17 14:50:13.719000,408.51447455122815,102
2024-09-17 14:50:13.754000,408.54349254388967,97
2024-09-17 14:50:13.787000,408.5396863729549,102
2024-09-17 14:50:13.804000,408.548499588127,12
2024-09-17 14:50:13.927000,408.52452935827824,97
2024-09-17 14:50:13.929000,408.5293921832119,11
2024-09-17 14:50:14.097000,408.490437261679,9
2024-09-17 14:50:14.166000,408.49157854186376,102
2024-09-17 14:50:14.943000,415.6321997105076,98
2024-09-17 14:50:15.094000,408.4686903557197,1005
2024-09-17 14:50:15.266000,408.48780549588463,101
2024-09-17 14:50:15.578000,408.4655346830068,95
2024-09-17 14:50:15.584000,408.503189550335,101
2024-09-17 14:50:15.624000,408.47552887998125,996
2024-09-17 14:50:15.817000,408.5087489922285,999
2024-09-17 14:50:15.847000,408.4752333916761,95
2024-09-17 14:50:16.152000,408.466410043468,996
2024-09-17 14:50:16.203000,408.4764516820634,96
2024-09-17 14:50:16.289000,408.483195889434,96
2024-09-17 14:50:16.534000,408.46435179817263,1005
2024-09-17 14:50:16.555000,408.4445979600307,105
2024-09-17 14:50:16.602000,408.4430810015717,12
2024-09-17 14:50:16.619000,408.4450087603704,8
2024-09-17 14:50:16.795000,408.4617307107047,8
2024-09-17 14:50:16.860000,408.4452580142042,1005
2024-09-17 14:50:16.994000,408.4706386651731,102
2024-09-17 14:50:17.237000,408.4724207718553,11
2024-09-17 14:50:17.694000,408.4690472150605,102
2024-09-17 14:50:18.548000,408.4781660577983,8
2024-09-17 14:50:18.562000,408.4826304143812,105
2024-09-17 14:50:18.692000,408.5151932285348,1003
2024-09-17 14:50:18.865000,408.50195297173,996
2024-09-17 14:50:18.960000,408.4957995341435,103
2024-09-17 14:50:18.995000,408.4839949580141,10
2024-09-17 14:50:19.015000,408.5092878057253,14
2024-09-17 14:50:19.072000,408.4915732959404,102
2024-09-17 14:50:19.075000,408.5139330622538,1004
2024-09-17 14:50:19.094000,408.5140912822597,7
2024-09-17 14:50:19.251000,408.53333121074303,1003
2024-09-17 14:50:19.627000,408.5140273024974,15
2024-09-17 14:50:19.639000,408.50083856211967,11
2024-09-17 14:50:19.672000,408.48915929649377,97
2024-09-17 14:50:19.711000,408.50587713934976,10
2024-09-17 14:50:19.714000,408.50441220436767,1005
2024-09-17 14:50:19.820000,408.5213518367746,1002
2024-09-17 14:50:19.982000,408.5104801045463,103
2024-09-17 14:50:20.108000,408.51864422886456,1004
2024-09-17 14:50:20.357000,408.518204927674,1004
2024-09-17 14:50:20.635000,408.52237835182063,98
2024-09-17 14:50:20.686000,408.51908743281007,6
2024-09-17 14:50:20.880000,408.5091212531853,999
2024-09-17 14:50:21.077000,408.5155823199634,999
2024-09-17 14:50:21.279000,408.5171946519862,1005
2024-09-17 14:50:21.308000,408.5173953521526,995
2024-09-17 14:50:21.518000,408.51859351850726,998
2024-09-17 14:50:21.680000,408.53497843761096,13
2024-09-17 14:50:21.801000,408.5132080349496,9
2024-09-17 14:50:22.059000,408.5868688520889,11
2024-09-17 14:50:22.098000,408.6017553889981,999
2024-09-17 14:50:22.112000,408.5526958602604,997
2024-09-17 14:50:22.329000,408.5635787010699,1001
2024-09-17 14:50:22.397000,408.5294841024526,995
2024-09-17 14:50:22.609000,408.5337230499688,104
2024-09-17 14:50:22.708000,408.5224726458092,97
2024-09-17 14:50:22.726000,408.5770661688246,1002
2024-09-17 14:50:22.747000,408.5279901141035,997
2024-09-17 14:50:22.772000,408.56496597858177,12
2024-09-17 14:50:22.808000,408.5324257660653,999
2024-09-17 14:50:22.815000,408.56029296420536,14
2024-09-17 14:50:22.883000,408.5523229679623,12
2024-09-17 14:50:23.262000,408.5423463519052,7
2024-09-17 14:50:23.286000,408.47829117354144,7
2024-09-17 14:50:23.323000,408.4807052132522,13
2024-09-17 14:50:23.375000,408.52618773563165,1000
2024-09-17 14:50:23.545000,408.49144276209387,9
2024-09-17 14:50:23.576000,408.5359937102604,13
2024-09-17 14:50:23.728000,408.49064455800266,14
2024-09-17 14:50:23.857000,408.5341181727949,100
2024-09-17 14:50:23.915000,408.4879041769865,13
2024-09-17 14:50:23.948000,408.4872286807093,95
2024-09-17 14:50:23.950000,408.5035665099836,997
2024-09-17 14:50:25.009000,408.4423289437162,8
2024-09-17 14:50:25.032000,408.442479803968,1001
2024-09-17 14:50:25.033000,408.4478118948873,6
2024-09-17 14:50:25.062000,408.4448329006542,11
2024-09-17 14:50:25.070000,408.43158845608366,97
2024-09-17 14:50:25.117000,408.44407089794754,98
2024-09-17 14:50:25.119000,408.4692212183199,997
2024-09-17 14:50:25.170000,408.4660253188324,5
2024-09-17 14:50:25.237000,408.44880497912953,1003
2024-09-17 14:50:25.257000,408.448388826738,101
2024-09-17 14:50:25.268000,408.4500465893179,7
2024-09-17 14:50:25.297000,408.4432343406303,9
2024-09-17 14:50:25.312000,408.4388034330269,996
2024-09-17 14:50:25.341000,408.456464391218,1005
2024-09-17 14:50:25.401000,408.4463854313736,10
2024-09-17 14:50:25.418000,408.4361017119929,999
2024-09-17 14:50:25.483000,408.4645783314517,13
2024-09-17 14:50:25.542000,408.46384693975074,12
2024-09-17 14:50:25.655000,408.4477741532872,996
2024-09-17 14:50:25.687000,408.4339402983799,100
2024-09-17 14:50:25.690000,408.4549968455788,102
2024-09-17 14:50:25.701000,408.48104509096777,1002
2024-09-17 14:50:25.903000,408.4416356041428,99
2024-09-17 14:50:25.911000,408.4441394329956,97
2024-09-17 14:50:25.969000,408.4389878998469,14
2024-09-17 14:50:25.990000,408.44891108677984,103
2024-09-17 14:50:26.018000,408.4847986842894,999
2024-09-17 14:50:26.588000,415.8899138861401,13
2024-09-17 14:50:26.639000,415.87144895974006,103
2024-09-17 14:50:26.735000,408.4633773463391,103
2024-09-17 14:50:26.774000,408.4697661749656,105
2024-09-17 14:50:26.976000,408.4724941707593,999
2024-09-17 14:50:27.025000,408.4928347256465,101
2024-09-17 14:50:27.026000,408.4580026099121,95
2024-09-17 14:50:27.073000,408.5081826445416,998
2024-09-17 14:50:27.128000,408.44013652387446,1004
2024-09-17 14:50:27.135000,408.5035761833939,999
2024-09-17 14:50:27.201000,408.4908623211192,12
2024-09-17 14:50:27.207000,408.4701080056441,8
2024-09-17 14:50:27.230000,408.4905304442798,998
2024-09-17 14:50:27.236000,408.5173342126556,1004
2024-09-17 14:50:27.274000,408.4989791279898,1001
2024-09-17 14:50:27.290000,408.5294671234728,1002
2024-09-17 14:50:27.374000,408.4826582026701,997
2024-09-17 14:50:27.410000,408.4521650920436,1005
2024-09-17 14:50:27.483000,408.4948856607204,101
2024-09-17 14:50:27.493000,408.50473868399393,103
2024-09-17 14:50:27.597000,408.4812693186772,104
2024-09-17 14:50:27.635000,408.49409512969874,1005
2024-09-17 14:50:27.643000,408.4899848213496,96
2024-09-17 14:50:27.704000,408.4945116649176,1003
2024-09-17 14:50:27.746000,408.4948967260117,99
2024-09-17 14:50:27.748000,408.4810306949477,999
2024-09-17 14:50:27.785000,408.4947195610085,1002
2024-09-17 14:50:27.818000,408.4446396376805,997
2024-09-17 14:50:27.851000,408.484335381225,10
2024-09-17 14:50:27.905000,408.513012679406,103
2024-09-17 14:50:27.957000,408.5006193185584,9
2024-09-17 14:50:27.967000,408.4309735476992,105
2024-09-17 14:50:28.179000,408.5192407375727,10
2024-09-17 14:50:28.202000,408.5287458813335,14
2024-09-17 14:50:28.247000,408.5168052720592,104
2024-09-17 14:50:28.302000,408.5068637894065,1000
2024-09-17 14:50:28.333000,408.5003510539799,1004
2024-09-17 14:50:28.539000,408.5175018861746,97
2024-09-17 14:50:28.601000,408.5158821951906,998
2024-09-17 14:50:28.724000,408.49075536102094,995
2024-09-17 14:50:28.812000,408.5223185411636,998
2024-09-17 14:50:28.923000,408.5059329883701,999
2024-09-17 14:50:30.029000,408.423067142792,1001
2024-09-17 14:50:30.107000,408.4679961385828,1004
2024-09-17 14:50:30.242000,408.4629329627562,11
2024-09-17 14:50:30.313000,408.50033057381785,101
2024-09-17 14:50:30.315000,408.4236629548163,104
2024-09-17 14:50:30.331000,408.4540977615676,12
2024-09-17 14:50:30.353000,408.4736667813348,1005
2024-09-17 14:50:30.435000,408.4346290834568,104
2024-09-17 14:50:30.494000,408.4397906496561,1000
2024-09-17 14:50:30.523000,408.419699162292,6
2024-09-17 14:50:30.566000,408.4926575146676,1000
2024-09-17 14:50:30.624000,408.4351735073302,101
2024-09-17 14:50:30.628000,408.4404502063949,96
2024-09-17 14:50:30.652000,408.4704823451607,104
2024-09-17 14:50:30.661000,408.47261041779353,10
2024-09-17 14:50:30.732000,408.4674698247188,104
2024-09-17 14:50:30.794000,408.44529183382775,99
2024-09-17 14:50:30.874000,408.46968142676445,1002
2024-09-17 14:50:30.899000,408.4791245436936,10
2024-09-17 14:50:30.934000,408.4883397733066,996
2024-09-17 14:50:30.994000,408.4298279046142,104
2024-09-17 14:50:31.119000,408.4087053860023,11
2024-09-17 14:50:31.273000,408.4101104432196,95
2024-09-17 14:50:31.298000,408.4088779526761,1000
2024-09-17 14:50:31.435000,408.4121345069407,5
2024-09-17 14:50:31.641000,408.3943220699237,105
2024-09-17 14:50:31.685000,408.3941704201879,15
2024-09-17 14:50:31.705000,408.4037023786673,11
2024-09-17 14:50:31.735000,408.4018110398254,8
2024-09-17 14:50:31.736000,408.42847932614063,996
2024-09-17 14:50:31.758000,408.41394780304745,997
2024-09-17 14:50:31.789000,408.4268164565319,100
2024-09-17 14:50:32.033000,408.348005901829,99
2024-09-17 14:50:32.073000,408.3763889924202,6
2024-09-17 14:50:32.104000,408.3918117730873,95
2024-09-17 14:50:32.203000,408.3408971832593,102
2024-09-17 14:50:32.211000,408.4038322651352,999
2024-09-17 14:50:32.251000,408.4131490525661,98
2024-09-17 14:50:32.324000,408.4264909088846,995
2024-09-17 14:50:32.380000,408.4123375540038,1003
2024-09-17 14:50:32.384000,408.3465149063912,101
2024-09-17 14:50:32.390000,408.44343253278896,999
2024-09-17 14:50:32.401000,408.391278762083,97
2024-09-17 14:50:32.402000,408.42914575442666,1005
2024-09-17 14:50:32.450000,408.36702146236274,104
2024-09-17 14:50:32.452000,408.4236368064509,999
2024-09-17 14:50:32.464000,408.38776387956017,102
2024-09-17 14:50:32.571000,408.3703764444757,1001
2024-09-17 14:50:32.639000,408.4174703410311,9
2024-09-17 14:50:32.665000,408.3802686256984,15
2024-09-17 14:50:32.667000,408.42129120508696,103
2024-09-17 14:50:32.703000,408.41878980551456,97
2024-09-17 14:50:32.721000,408.4381011195188,6
2024-09-17 14:50:32.790000,408.4077494917547,11
2024-09-17 14:50:32.881000,408.3860365410551,8
2024-09-17 14:50:32.911000,408.3781672464963,1003
2024-09-17 14:50:32.947000,408.4172928136686,8
2024-09-17 14:50:32.950000,408.3891358547653,15
2024-09-17 14:50:32.961000,408.357958801455,1002
2024-09-17 14:50:33.022000,408.3503718285914,8
2024-09-17 14:50:33.046000,408.28161214881015,10
2024-09-17 14:50:33.099000,408.3480259546849,9
2024-09-17 14:50:33.105000,408.2715021271148,7
2024-09-17 14:50:33.163000,408.2909485920299,11
2024-09-17 14:50:33.242000,408.2910458503824,1000
2024-09-17 14:50:33.288000,408.2832302640956,997
2024-09-17 14:50:33.360000,408.2752145206584,6
2024-09-17 14:50:33.363000,408.32717686842506,996
2024-09-17 14:50:33.381000,408.3252856348666,1002
2024-09-17 14:50:33.418000,408.3457896065957,1002
2024-09-17 14:50:33.431000,408.2858696289601,6
2024-09-17 14:50:33.480000,408.3301838556529,1004
2024-09-17 14:50:33.584000,408.2927566210073,1005
2024-09-17 14:50:33.622000,408.2776221847519,999
2024-09-17 14:50:33.669000,408.3144784227074,105
2024-09-17 14:50:33.703000,408.33132483391216,8
2024-09-17 14:50:33.793000,408.2984974017938,10
2024-09-17 14:50:33.832000,408.28456159112494,1001
2024-09-17 14:50:33.862000,408.2771369413106,10
2024-09-17 14:50:33.896000,408.2753948830146,998
2024-09-17 14:50:33.932000,408.2804140160469,999
2024-09-17 14:50:33.967000,408.29654752316105,101
2024-09-17 14:50:34.016000,408.32039903403967,1004
2024-09-17 14:50:34.069000,408.306639865197,1002
2024-09-17 14:50:34.095000,408.3005066783616,105
2024-09-17 14:50:34.150000,408.3176337246447,105
2024-09-17 14:50:34.171000,408.3090447911342,11
2024-09-17 14:50:34.380000,408.3086915215836,998
2024-09-17 14:50:34.463000,408.2798659593044,104
2024-09-17 14:50:34.472000,408.328275058051,1003
2024-09-17 14:50:34.479000,408.3068771742175,96
2024-09-17 14:50:34.488000,408.30301861083353,9
2024-09-17 14:50:34.527000,408.3229871690716,15
2024-09-17 14:50:34.560000,408.2929919671242,1003
2024-09-17 14:50:34.566000,408.3047230496789,10
2024-09-17 14:50:34.607000,408.3099497339098,104
2024-09-17 14:50:34.636000,408.3341335617619,998
2024-09-17 14:50:34.639000,408.2892903736556,103
2024-09-17 14:50:34.652000,408.3022723978653,101
2024-09-17 14:50:34.658000,408.30254283369015,99
2024-09-17 14:50:34.734000,408.3162824230251,6
2024-09-17 14:50:34.765000,408.3187344895024,10
2024-09-17 14:50:35.130000,408.3342987071625,1000
2024-09-17 14:50:35.203000,408.3374961268128,104
2024-09-17 14:50:35.269000,408.32076233321885,998
2024-09-17 14:50:35.282000,408.3246230932948,5
2024-09-17 14:50:35.286000,408.34070672843103,1001
2024-09-17 14:50:35.437000,408.3260089543017,1000
2024-09-17 14:50:35.455000,408.3213789058416,995
2024-09-17 14:50:35.502000,408.3458655621054,11
2024-09-17 14:50:35.523000,408.338950764284,1000
2024-09-17 14:50:35.548000,408.3440973987342,995
2024-09-17 14:50:35.660000,408.3396106572084,105
2024-09-17 14:50:35.710000,408.3394756199519,995
2024-09-17 14:50:35.714000,408.3245591346112,101
2024-09-17 14:50:35.755000,408.34769754945,10
2024-09-17 14:50:35.909000,408.3273137809554,101
2024-09-17 14:50:35.969000,408.3131523861817,995
2024-09-17 14:50:36.384000,408.3531760841499,9
2024-09-17 14:50:37.090000,408.41276865354735,995
2024-09-17 14:50:37.116000,408.3934891217767,14
2024-09-17 14:50:37.162000,408.362704443009,1003
2024-09-17 14:50:37.217000,408.3639824714968,96
2024-09-17 14:50:37.237000,408.37627103597407,1003
2024-09-17 14:50:37.243000,408.3638727405471,7
2024-09-17 14:50:37.312000,408.3721235877088,997
2024-09-17 14:50:37.317000,408.3760674271157,1002
2024-09-17 14:50:37.374000,408.3694905517063,11
2024-09-17 14:50:37.382000,408.3606551984751,12
2024-09-17 14:50:37.453000,408.3879865960241,997
2024-09-17 14:50:37.465000,408.36082619815136,100
2024-09-17 14:50:37.491000,408.4075775815711,13
2024-09-17 14:50:37.498000,408.3635350477152,98
2024-09-17 14:50:37.607000,408.4173213497809,1005
2024-09-17 14:50:37.642000,408.3782251989823,1000
2024-09-17 14:50:37.645000,408.3657184839676,95
2024-09-17 14:50:37.684000,408.3938971076219,103
2024-09-17 14:50:37.709000,408.3788661554726,1005
2024-09-17 14:50:37.760000,408.3955824836223,100
2024-09-17 14:50:37.798000,408.3787729162215,11
2024-09-17 14:50:37.828000,408.3912412913558,995
2024-09-17 14:50:37.829000,408.412157540519,7
2024-09-17 14:50:37.834000,408.3635670049619,99
2024-09-17 14:50:37.856000,408.3713720627336,1000
2024-09-17 14:50:37.873000,408.36989228954354,100
2024-09-17 14:50:37.951000,408.4009925409086,9
2024-09-17 14:50:37.976000,408.3886520592096,10
2024-09-17 14:50:38.037000,408.3432311753518,104
2024-09-17 14:50:38.178000,408.3607410397146,10
2024-09-17 14:50:38.316000,408.3303019123996,11
2024-09-17 14:50:38.475000,408.3776529869274,10
2024-09-17 14:50:38.527000,408.345809437064,997
2024-09-17 14:50:38.692000,408.3442346028591,101
2024-09-17 14:50:38.726000,408.3872256138457,998
2024-09-17 14:50:38.736000,408.3459128561244,103
2024-09-17 14:50:38.869000,408.35306774731,103
2024-09-17 14:50:39.036000,408.3353674312674,1003
2024-09-17 14:50:39.107000,408.3310836942842,1003
2024-09-17 14:50:39.160000,408.32506525878415,1003
2024-09-17 14:50:39.249000,408.3345983201434,1001
2024-09-17 14:50:39.307000,408.327342256362,14
2024-09-17 14:50:39.359000,408.3498090195163,99
2024-09-17 14:50:39.446000,408.3394285898351,103
2024-09-17 14:50:39.454000,408.3632696771364,997
2024-09-17 14:50:39.474000,408.3307063010944,1000
2024-09-17 14:50:39.477000,408.3409742263395,99
2024-09-17 14:50:39.564000,408.3221401255208,10
2024-09-17 14:50:39.582000,408.3400406332108,13
2024-09-17 14:50:39.596000,408.3263797791829,14
2024-09-17 14:50:39.665000,408.3247936430523,103
2024-09-17 14:50:39.688000,408.3318312976134,95
2024-09-17 14:50:39.808000,408.3543184976934,1002
2024-09-17 14:50:39.908000,408.3263579423996,10
2024-09-17 14:50:40.043000,408.2709685687844,14
2024-09-17 14:50:40.048000,408.2655994710858,99
2024-09-17 14:50:40.184000,408.2364863383542,14
2024-09-17 14:50:40.215000,408.2583995831938,1001
2024-09-17 14:50:40.222000,408.2646435508795,12
2024-09-17 14:50:40.281000,408.23581384957146,103
2024-09-17 14:50:40.355000,408.2876717728169,97
2024-09-17 14:50:40.369000,408.2447176019645,103
2024-09-17 14:50:40.379000,408.30079955962697,97
2024-09-17 14:50:40.381000,408.2388951839712,9
2024-09-17 14:50:40.397000,408.24084235485736,997
2024-09-17 14:50:40.404000,408.24640527688143,8
2024-09-17 14:50:40.408000,408.25301400366016,95
2024-09-17 14:50:40.411000,408.2479183346381,12
2024-09-17 14:50:40.423000,408.259652441982,12
2024-09-17 14:50:40.460000,408.27048675832833,12
2024-09-17 14:50:40.462000,408.3370879813248,998
2024-09-17 14:50:40.473000,408.2986609854965,105
2024-09-17 14:50:40.487000,408.256174455196,10
2024-09-17 14:50:40.512000,408.2332381304824,101
2024-09-17 14:50:40.528000,408.3376957110282,98
2024-09-17 14:50:40.558000,408.24408919958177,101
2024-09-17 14:50:40.748000,408.2612862556902,97
2024-09-17 14:50:40.821000,408.3381542004814,13
2024-09-17 14:50:40.902000,408.224711849177,999
2024-09-17 14:50:40.909000,408.2835740189989,1003
2024-09-17 14:50:40.971000,408.2625808703104,1005
2024-09-17 14:50:40.980000,408.2625323558804,5
2024-09-17 14:50:40.980000,408.2299545610336,100
2024-09-17 14:50:41.116000,408.2646222458409,995
2024-09-17 14:50:41.522000,408.2499373334251,99
2024-09-17 14:50:41.584000,408.2469397464562,11
2024-09-17 14:50:41.735000,408.2539326849397,101
2024-09-17 14:50:41.740000,408.23816608045365,8
2024-09-17 14:50:41.952000,408.2363244187914,98
2024-09-17 14:50:42.009000,408.2115553721109,999
2024-09-17 14:50:42.062000,408.24201701944094,1002
2024-09-17 14:50:42.217000,408.2454089907058,97
2024-09-17 14:50:42.230000,408.2537374244348,1001
2024-09-17 14:50:42.285000,408.2374993757789,998
2024-09-17 14:50:42.319000,408.2554945014922,1004
2024-09-17 14:50:42.351000,408.2483427944473,103
2024-09-17 14:50:42.508000,408.2241129272822,11
2024-09-17 14:50:42.546000,408.21808302007554,100
2024-09-17 14:50:42.551000,408.2547982333482,1001
2024-09-17 14:50:42.565000,408.2394745204462,101
2024-09-17 14:50:42.678000,408.2235753193749,97
2024-09-17 14:50:42.781000,408.2321650946394,95
2024-09-17 14:50:42.786000,408.2304062817662,995
2024-09-17 14:50:42.813000,408.2598911630099,998
2024-09-17 14:50:42.865000,415.6652915334117,998
2024-09-17 14:50:42.919000,408.2344952709724,98
2024-09-17 14:50:42.973000,408.2672115819309,996
2024-09-17 14:50:42.975000,408.2513576019936,12
2024-09-17 14:50:42.995000,408.25991172213406,103
2024-09-17 14:50:43.030000,408.2410325771596,8
2024-09-17 14:50:43.037000,408.2340657646043,8
2024-09-17 14:50:43.039000,408.23790850712265,5
2024-09-17 14:50:43.053000,408.2361755611756,104
2024-09-17 14:50:43.053000,408.211851164349,99
2024-09-17 14:50:43.068000,408.2270855015959,100
2024-09-17 14:50:43.071000,408.2615299601428,1000
2024-09-17 14:50:43.082000,408.23013335931023,14
2024-09-17 14:50:43.133000,408.1882196453402,11
2024-09-17 14:50:43.206000,408.2547737420117,103
2024-09-17 14:50:43.213000,408.2560524343645,13
2024-09-17 14:50:43.220000,408.2254598121418,5
2024-09-17 14:50:43.259000,408.245730334707,14
2024-09-17 14:50:43.264000,408.25130027641023,13
2024-09-17 14:50:43.271000,408.219342427985,995
2024-09-17 14:50:43.285000,408.21187573509366,6
2024-09-17 14:50:43.333000,408.2305500134899,10
2024-09-17 14:50:43.336000,408.1988375963202,995
2024-09-17 14:50:43.368000,408.20457595417935,1002
2024-09-17 14:50:43.441000,408.2055647113119,15
2024-09-17 14:50:43.504000,408.2553793685923,97
2024-09-17 14:50:43.527000,408.21228361463073,5
2024-09-17 14:50:43.607000,408.2334724765586,1005
2024-09-17 14:50:43.650000,408.2506667461989,1004
2024-09-17 14:50:43.756000,408.2677955205708,98
2024-09-17 14:50:43.773000,408.2472648723112,995
2024-09-17 14:50:43.838000,408.2134765387216,8
2024-09-17 14:50:44.245000,408.2496182118844,98
2024-09-17 14:50:44.390000,408.2498494566134,1004
2024-09-17 14:50:45.079000,408.292557671752,5
2024-09-17 14:50:45.141000,408.25243363233307,997
2024-09-17 14:50:45.164000,408.25722964976376,103
2024-09-17 14:50:45.229000,408.2785757474728,6
2024-09-17 14:50:45.337000,408.2604788293018,12
2024-09-17 14:50:45.385000,408.2471202849664,1005
2024-09-17 14:50:45.386000,408.2864669581572,995
2024-09-17 14:50:45.514000,408.2702875577264,997
2024-09-17 14:50:45.598000,408.28200890767135,105
2024-09-17 14:50:45.705000,408.29408806209375,998
2024-09-17 14:50:45.708000,408.2944083910306,15
2024-09-17 14:50:45.790000,408.2689455034206,98
2024-09-17 14:50:45.793000,408.30713866044965,1000
2024-09-17 14:50:45.856000,408.2587030082738,98
2024-09-17 14:50:45.877000,408.297564940951,99
2024-09-17 14:50:45.880000,408.2744025606321,5
2024-09-17 14:50:45.951000,408.2970386477458,11
2024-09-17 14:50:45.972000,408.2397029182622,1003
2024-09-17 14:50:45.995000,408.2763192254352,104
2024-09-17 14:50:45.999000,408.28285747298713,10
2024-09-17 14:50:46.081000,408.2839135450484,999
2024-09-17 14:50:46.223000,408.2822232607893,103
2024-09-17 14:50:46.326000,408.2609722315591,103
2024-09-17 14:50:46.495000,408.2363391202804,1000
2024-09-17 14:50:46.527000,408.22881992734096,13
2024-09-17 14:50:46.632000,408.2867559731603,998
2024-09-17 14:50:46.676000,408.3023105487164,104
2024-09-17 14:50:46.717000,408.2466988416599,97
2024-09-17 14:50:46.866000,408.2524830833246,103
2024-09-17 14:50:46.918000,408.2409545522368,9
2024-09-17 14:50:46.957000,408.2756410563488,12
2024-09-17 14:50:47.061000,408.1610117428482,95
2024-09-17 14:50:47.105000,408.14593649804,1002
2024-09-17 14:50:47.270000,408.195424216436,10
2024-09-17 14:50:47.282000,408.14758684426266,96
2024-09-17 14:50:47.284000,408.14600532315455,98
2024-09-17 14:50:47.363000,408.2310870172321,99
2024-09-17 14:50:47.392000,408.1464950341702,1003
2024-09-17 14:50:47.393000,408.17818416446806,15
2024-09-17 14:50:47.478000,408.23993490134177,96
2024-09-17 14:50:47.505000,408.2315610171949,10
2024-09-17 14:50:47.546000,408.149673906735,96
2024-09-17 14:50:47.549000,408.1484220877213,14
2024-09-17 14:50:47.611000,408.1639673855425,104
2024-09-17 14:50:47.626000,408.2618583801738,1001
2024-09-17 14:50:47.697000,408.1751134606441,995
2024-09-17 14:50:47.727000,408.1464014154855,103
2024-09-17 14:50:47.729000,408.154721402045,8
2024-09-17 14:50:47.756000,408.25775465584667,98
2024-09-17 14:50:47.847000,408.2471097930856,1001
2024-09-17 14:50:47.850000,408.16251797456266,96
2024-09-17 14:50:47.901000,408.14874616560417,1003
2024-09-17 14:50:47.918000,408.2275211670269,97
2024-09-17 14:50:47.931000,408.1609483797964,6
2024-09-17 14:50:47.949000,408.1848381493905,101
2024-09-17 14:50:47.968000,408.2153724016775,98
2024-09-17 14:50:48.007000,408.1516062745458,5
2024-09-17 14:50:48.040000,408.16042018210834,102
2024-09-17 14:50:48.147000,408.1786411121233,999
2024-09-17 14:50:48.222000,408.10916592836656,15
2024-09-17 14:50:48.266000,408.103339043287,999
2024-09-17 14:50:48.371000,408.1052588419224,6
2024-09-17 14:50:48.503000,408.1479594641272,6
2024-09-17 14:50:48.547000,408.1469640614199,996
2024-09-17 14:50:48.613000,408.1539116172644,1005
2024-09-17 14:50:48.687000,408.1343745889264,1001
2024-09-17 14:50:48.736000,408.1611707764429,1005
2024-09-17 14:50:48.783000,408.15346081673135,1004
2024-09-17 14:50:48.812000,408.1688306375229,104
2024-09-17 14:50:48.831000,408.1793369237165,1000
2024-09-17 14:50:48.843000,408.1586675904217,1000
2024-09-17 14:50:48.895000,408.1486707624984,102
2024-09-17 14:50:48.915000,408.1392149271184,995
2024-09-17 14:50:48.928000,408.1572821983141,98
2024-09-17 14:50:48.960000,408.1410771563633,997
2024-09-17 14:50:48.966000,408.16033133892535,9
2024-09-17 14:50:49.089000,408.1952906303191,96
2024-09-17 14:50:49.231000,408.2426129082765,8
2024-09-17 14:50:49.364000,408.20703647596537,95
2024-09-17 14:50:49.493000,408.1993983142123,11
2024-09-17 14:50:49.564000,408.2115722484549,105
2024-09-17 14:50:49.705000,408.20484102070833,1002
2024-09-17 14:50:49.851000,408.19610542568654,10
2024-09-17 14:50:49.952000,408.2039984989008,102
2024-09-17 14:50:49.981000,408.22208651647696,15
2024-09-17 14:50:50.029000,408.19655902325735,15
2024-09-17 14:50:50.071000,408.2304485971927,14
2024-09-17 14:50:50.162000,408.2330470411503,99
2024-09-17 14:50:50.199000,408.251849241974,103
2024-09-17 14:50:50.212000,408.2113585287893,102
2024-09-17 14:50:50.305000,408.2310228613893,95
2024-09-17 14:50:50.378000,408.2140153370167,7
2024-09-17 14:50:50.400000,408.1859507446053,12
2024-09-17 14:50:50.423000,408.2142674139914,12
2024-09-17 14:50:50.461000,408.22332308727823,8
2024-09-17 14:50:50.551000,408.2479787482146,1003
2024-09-17 14:50:50.563000,408.209189594851,8
2024-09-17 14:50:50.632000,408.2416012898593,101
2024-09-17 14:50:50.684000,408.2321572535485,105
2024-09-17 14:50:50.710000,408.24560231000953,1001
2024-09-17 14:50:50.744000,408.2210462328019,13
2024-09-17 14:50:50.774000,408.220970326656,100
2024-09-17 14:50:50.782000,408.2289877735575,100
2024-09-17 14:50:50.824000,408.21408981124216,996
2024-09-17 14:50:51.199000,408.16906626293536,102
2024-09-17 14:50:51.300000,408.1426963861401,105
2024-09-17 14:50:51.379000,408.1481973020622,98
2024-09-17 14:50:51.435000,408.2053118163947,12
2024-09-17 14:50:51.509000,408.1403370649536,998
2024-09-17 14:50:51.552000,408.1945663263458,995
2024-09-17 14:50:51.762000,408.1804801895324,102
2024-09-17 14:50:51.795000,408.1942911340516,97
2024-09-17 14:50:51.822000,408.1794747994,997
2024-09-17 14:50:51.858000,408.1442651996212,998
2024-09-17 14:50:51.981000,408.1553263394315,105
2024-09-17 14:50:52.018000,408.1932780588349,998
2024-09-17 14:50:52.044000,408.15532612916616,9
2024-09-17 14:50:52.093000,408.1727715160332,103
2024-09-17 14:50:52.243000,408.1691888243838,101
2024-09-17 14:50:52.281000,408.1931029683387,100
2024-09-17 14:50:52.284000,408.1829124882045,999
2024-09-17 14:50:52.304000,408.1373019829585,12
2024-09-17 14:50:52.540000,408.1911003541891,105
2024-09-17 14:50:52.630000,408.161534987565,101
2024-09-17 14:50:52.669000,408.1806327780097,102
2024-09-17 14:50:52.694000,408.1491963462213,998
2024-09-17 14:50:52.875000,408.15541562118153,14
2024-09-17 14:50:52.885000,408.1478132602236,97
2024-09-17 14:50:52.904000,408.1701173198747,100
2024-09-17 14:50:53.092000,408.17739738355215,15
2024-09-17 14:50:53.112000,408.1826066609812,997
2024-09-17 14:50:53.175000,408.2018685396313,99
2024-09-17 14:50:53.844000,408.2007017203911,999
2024-09-17 14:50:53.895000,408.172579317631,1003
2024-09-17 14:50:54.064000,408.1325997247667,995
2024-09-17 14:50:54.084000,408.19236912745856,104
2024-09-17 14:50:54.231000,408.1368756506433,9
2024-09-17 14:50:54.259000,408.1695088200197,8
2024-09-17 14:50:54.325000,408.19092161732425,9
2024-09-17 14:50:54.372000,408.2028778508091,101
2024-09-17 14:50:54.473000,408.1443643877466,999
2024-09-17 14:50:54.529000,408.1219621891448,100
2024-09-17 14:50:54.666000,408.1571448719416,14
2024-09-17 14:50:54.685000,408.1558783502102,998
2024-09-17 14:50:54.695000,408.1247759376077,96
2024-09-17 14:50:54.779000,408.13895477239936,98
2024-09-17 14:50:54.898000,408.1794607836014,995
2024-09-17 14:50:54.938000,408.1451900283336,1002
2024-09-17 14:50:54.982000,408.2089394626829,104
2024-09-17 14:50:55.015000,408.1580128254579,98
2024-09-17 14:50:55.117000,408.21904810568526,15
2024-09-17 14:50:55.126000,408.21669084846127,996
2024-09-17 14:50:55.127000,408.1829575279176,10
2024-09-17 14:50:55.141000,408.1816037413733,996
2024-09-17 14:50:55.171000,408.2116607840091,102
2024-09-17 14:50:55.213000,408.1834520232578,1003
2024-09-17 14:50:55.305000,408.1691108593342,97
2024-09-17 14:50:55.463000,408.21198356220486,5
2024-09-17 14:50:55.467000,408.2115061231368,1002
2024-09-17 14:50:55.481000,408.2035485036548,103
2024-09-17 14:50:55.532000,408.210398263264,95
2024-09-17 14:50:55.558000,408.20987497130506,1005
2024-09-17 14:50:55.579000,408.2343926850503,1000
2024-09-17 14:50:55.607000,408.1944698506168,1004
2024-09-17 14:50:55.620000,408.21032228318967,9
2024-09-17 14:50:55.660000,408.20228371727296,1005
2024-09-17 14:50:55.667000,408.2049873248912,7
2024-09-17 14:50:55.707000,408.2020076617997,7
2024-09-17 14:50:55.729000,408.1955155241096,1004
2024-09-17 14:50:55.738000,408.2118852851696,97
2024-09-17 14:50:55.753000,408.1596344604098,10
2024-09-17 14:50:55.757000,408.1783931564333,8
2024-09-17 14:50:55.777000,408.215243340513,101
2024-09-17 14:50:55.856000,408.2149257144167,13
2024-09-17 14:50:55.880000,408.1811927060165,1001
2024-09-17 14:50:55.891000,408.2166955368866,7
2024-09-17 14:50:55.893000,408.20335040546615,99
2024-09-17 14:50:55.933000,408.213705749389,11
2024-09-17 14:50:56.002000,408.2027795267831,98
2024-09-17 14:50:56.062000,408.2214091545407,98
2024-09-17 14:50:56.063000,408.1956529419614,1004
2024-09-17 14:50:56.180000,408.20546563023873,1002
2024-09-17 14:50:56.192000,408.2425454002101,5
2024-09-17 14:50:56.197000,408.2507221398437,996
2024-09-17 14:50:56.213000,408.22346593377335,104
2024-09-17 14:50:56.231000,408.1959900655469,14
2024-09-17 14:50:56.280000,408.2114019603487,1002
2024-09-17 14:50:56.303000,408.2484417718688,13
2024-09-17 14:50:56.335000,408.2280468988972,101
2024-09-17 14:50:56.335000,408.2205565443571,15
2024-09-17 14:50:56.366000,408.2079564603528,6
2024-09-17 14:50:56.366000,408.210467424124,1002
2024-09-17 14:50:56.383000,408.2278431356126,1001
2024-09-17 14:50:56.496000,408.2098936941276,103
2024-09-17 14:50:56.607000,408.198268495983,9
2024-09-17 14:50:56.617000,408.1831491441309,8
2024-09-17 14:50:56.629000,408.2337988737792,96
2024-09-17 14:50:56.778000,408.18172138613295,97
2024-09-17 14:50:56.780000,408.189772148905,15
2024-09-17 14:50:56.831000,408.20948942843273,998
2024-09-17 14:50:56.845000,408.2211795366629,1000
2024-09-17 14:50:56.846000,408.2268621496339,100
2024-09-17 14:50:56.865000,408.2327157914081,995
2024-09-17 14:50:56.867000,408.230467940667,9
2024-09-17 14:50:56.874000,408.2198817062233,999
2024-09-17 14:50:56.881000,408.241283369184,96
2024-09-17 14:50:56.899000,408.217138449381,96
2024-09-17 14:50:56.947000,408.2264542991467,9
2024-09-17 14:50:57.102000,408.2695674468835,1003
2024-09-17 14:50:57.104000,408.261100572702,97
2024-09-17 14:50:57.190000,408.2534912047936,1002
2024-09-17 14:50:57.207000,408.2766272151577,7
2024-09-17 14:50:57.226000,408.2964625158546,97
2024-09-17 14:50:57.281000,408.26384042892295,100
2024-09-17 14:50:57.297000,408.22829520153886,102
2024-09-17 14:50:57.372000,408.2376482510788,103
2024-09-17 14:50:57.394000,408.2689111228064,97
2024-09-17 14:50:57.403000,408.2496219284759,99
2024-09-17 14:50:57.475000,408.3025190345394,996
2024-09-17 14:50:57.532000,408.26012064240297,12
2024-09-17 14:50:57.546000,408.2808882465922,99
2024-09-17 14:50:57.566000,408.2744619816633,12
2024-09-17 14:50:57.577000,408.2850785058867,1003
2024-09-17 14:50:57.614000,408.2515739993662,15
2024-09-17 14:50:57.667000,408.2754217958409,103
2024-09-17 14:50:57.701000,408.2551504090229,998
2024-09-17 14:50:57.707000,408.2288085103954,14
2024-09-17 14:50:57.739000,408.25479476818936,1003
2024-09-17 14:50:57.751000,408.253181825078,102
2024-09-17 14:50:57.780000,408.232292276645,14
2024-09-17 14:50:57.782000,408.22298376739656,1002
2024-09-17 14:50:57.863000,408.2596870336103,7
2024-09-17 14:50:57.878000,408.2586201430702,995
2024-09-17 14:50:57.952000,408.2647929224962,997
2024-09-17 14:50:57.958000,408.22109042939735,7
2024-09-17 14:50:57.971000,408.25072768168354,1003
2024-09-17 14:50:58.085000,408.2015119456634,995
2024-09-17 14:50:58.108000,408.21439481555984,10
2024-09-17 14:50:58.128000,408.2514402326544,95
2024-09-17 14:50:58.129000,408.21276216596505,13
2024-09-17 14:50:58.133000,408.2263021958419,997
2024-09-17 14:50:58.144000,408.2637397082152,15
2024-09-17 14:50:58.164000,408.25167999250624,95
2024-09-17 14:50:58.210000,408.2078953805437,13
2024-09-17 14:50:58.227000,408.2858337963252,13
2024-09-17 14:50:58.275000,408.2822195822012,1001
2024-09-17 14:50:58.280000,408.23060147800624,103
2024-09-17 14:50:58.321000,408.2391808179828,1002
2024-09-17 14:50:58.422000,408.28364380010976,97
2024-09-17 14:50:58.436000,408.2347232012704,104
2024-09-17 14:50:58.495000,408.29577809303953,1004
2024-09-17 14:50:58.505000,408.2273569375331,95
2024-09-17 14:50:58.637000,408.2200592484761,1002
2024-09-17 14:50:58.652000,408.2669229357748,105
2024-09-17 14:50:58.659000,408.27122172611416,995
2024-09-17 14:50:58.702000,408.2563691193867,99
2024-09-17 14:50:58.755000,408.2420107751045,14
2024-09-17 14:50:58.756000,408.2323137935963,102
2024-09-17 14:50:58.760000,408.2213446409739,13
2024-09-17 14:50:58.854000,408.2047384530043,7
2024-09-17 14:50:58.876000,408.2571866332439,1000
2024-09-17 14:50:59.303000,408.2840464833697,100
2024-09-17 14:50:59.551000,408.29151542638016,102
2024-09-17 14:50:59.764000,408.2648880140743,97
