Timestamp,Price,Size
2024-09-16 09:30:00.076000,419.0136913511503,96
2024-09-16 09:30:00.187000,418.9956220586634,15
2024-09-16 09:30:00.222000,418.9936836841179,15
2024-09-16 09:30:00.325000,419.0036355237571,9
2024-09-16 09:30:00.713000,419.0087330050502,998
2024-09-16 09:30:00.836000,418.990770695323,13
2024-09-16 09:30:01.017000,418.99501669472863,105
2024-09-16 09:30:01.022000,418.9988121816998,99
2024-09-16 09:30:01.036000,419.0085929061352,13
2024-09-16 09:30:01.071000,419.0599732665184,10
2024-09-16 09:30:01.337000,419.0577595628032,10
2024-09-16 09:30:01.477000,418.9934293593464,996
2024-09-16 09:30:01.552000,419.0205884599122,1000
2024-09-16 09:30:01.642000,418.99548047378136,14
2024-09-16 09:30:01.651000,419.0315868583671,1000
2024-09-16 09:30:01.725000,419.0384255453359,12
2024-09-16 09:30:01.772000,419.0142726798057,1003
2024-09-16 09:30:01.859000,419.0170220900309,5
2024-09-16 09:30:01.866000,418.99718812201206,997
2024-09-16 09:30:01.890000,419.04945419960575,95
2024-09-16 09:30:01.899000,418.9888155441425,103
2024-09-16 09:30:01.925000,419.03674860730047,997
2024-09-16 09:30:01.933000,419.0243469420956,95
2024-09-16 09:30:01.942000,419.0287772731031,15
2024-09-16 09:30:02.076000,419.0485841871914,100
2024-09-16 09:30:02.091000,419.0206807689604,9
2024-09-16 09:30:02.118000,419.004594545423,15
2024-09-16 09:30:02.275000,419.0485925497451,95
2024-09-16 09:30:02.322000,418.9978217142748,9
2024-09-16 09:30:02.366000,418.9769390139421,100
2024-09-16 09:30:02.367000,418.9970394437373,12
2024-09-16 09:30:02.367000,419.0208711893456,1005
2024-09-16 09:30:02.444000,419.025446640673,6
2024-09-16 09:30:02.447000,418.98633692477057,9
2024-09-16 09:30:02.455000,419.0339040020837,11
2024-09-16 09:30:02.476000,418.9967436385866,1000
2024-09-16 09:30:02.477000,419.0314676528871,15
2024-09-16 09:30:02.479000,419.0020988869859,97
2024-09-16 09:30:02.492000,418.9949671185169,999
2024-09-16 09:30:02.517000,419.01844757609945,1000
2024-09-16 09:30:02.529000,419.010362395261,1000
2024-09-16 09:30:02.580000,419.0204325680526,100
2024-09-16 09:30:02.664000,419.0262364137217,98
2024-09-16 09:30:02.862000,419.03240693855184,999
2024-09-16 09:30:02.888000,419.0423935363358,96
2024-09-16 09:30:02.906000,419.023615876422,103
2024-09-16 09:30:02.912000,419.0493337515664,995
2024-09-16 09:30:02.921000,419.0394028773102,5
2024-09-16 09:30:02.924000,419.0137091926611,1002
2024-09-16 09:30:02.954000,419.0233065711974,101
2024-09-16 09:30:02.957000,419.0503831755513,1001
2024-09-16 09:30:02.990000,418.9982481278392,13
2024-09-16 09:30:03.101000,418.9672452498268,995
2024-09-16 09:30:03.258000,418.9504979979161,105
2024-09-16 09:30:03.270000,418.9554132781026,96
2024-09-16 09:30:03.276000,418.9508813812475,99
2024-09-16 09:30:03.306000,418.9298055027647,999
2024-09-16 09:30:03.386000,418.9497124857781,1001
2024-09-16 09:30:03.431000,418.92057184648064,7
2024-09-16 09:30:03.519000,418.9226845955407,15
2024-09-16 09:30:03.546000,418.9661813183656,96
2024-09-16 09:30:03.546000,418.9204835350105,1003
2024-09-16 09:30:03.770000,418.8795155729129,96
2024-09-16 09:30:03.945000,418.9281035365265,996
2024-09-16 09:30:03.948000,418.9333444235876,1001
2024-09-16 09:30:03.956000,418.9498203350197,15
2024-09-16 09:30:04.309000,418.8655850444211,13
2024-09-16 09:30:04.385000,418.8244452359492,101
2024-09-16 09:30:04.401000,418.770056015848,99
2024-09-16 09:30:04.458000,418.841794056588,13
2024-09-16 09:30:04.651000,418.7593296785267,98
2024-09-16 09:30:04.879000,418.82957299448015,9
2024-09-16 09:30:04.928000,418.81260438002096,1003
2024-09-16 09:30:04.945000,418.7928393968134,95
2024-09-16 09:30:05.021000,418.8057132929848,995
2024-09-16 09:30:05.084000,418.8075503820553,10
2024-09-16 09:30:05.128000,418.818481099782,99
2024-09-16 09:30:05.234000,418.82231628491706,998
2024-09-16 09:30:05.389000,418.8151599179059,8
2024-09-16 09:30:05.797000,418.8163161087216,99
2024-09-16 09:30:05.849000,418.8136336169495,102
2024-09-16 09:30:06.028000,418.83942705121376,996
2024-09-16 09:30:06.075000,418.8128562612975,998
2024-09-16 09:30:06.081000,418.8288645684826,96
2024-09-16 09:30:06.090000,418.82261554208753,96
2024-09-16 09:30:06.132000,418.8494611341114,9
2024-09-16 09:30:06.234000,418.7929628051178,13
2024-09-16 09:30:06.392000,418.8139896977774,95
2024-09-16 09:30:06.428000,418.8045804143192,9
2024-09-16 09:30:06.433000,418.8010359645179,5
2024-09-16 09:30:06.463000,418.8152500009604,1004
2024-09-16 09:30:06.487000,418.815456985048,11
2024-09-16 09:30:06.533000,418.8697907887039,1004
2024-09-16 09:30:06.540000,418.8242400718492,95
2024-09-16 09:30:06.551000,418.8052634536846,8
2024-09-16 09:30:06.563000,418.813789686406,8
2024-09-16 09:30:06.579000,418.813650400164,105
2024-09-16 09:30:06.630000,418.8574874450853,97
2024-09-16 09:30:06.647000,418.8713912030043,1003
2024-09-16 09:30:06.652000,418.8173985542187,100
2024-09-16 09:30:06.663000,418.8203694505276,15
2024-09-16 09:30:06.688000,418.8835076103474,12
2024-09-16 09:30:06.722000,418.8516517176071,103
2024-09-16 09:30:06.733000,418.8305239031799,104
2024-09-16 09:30:06.829000,418.8302061238306,103
2024-09-16 09:30:06.875000,418.8210801700677,101
2024-09-16 09:30:06.882000,418.8393347867545,103
2024-09-16 09:30:06.899000,418.8176936587301,5
2024-09-16 09:30:06.973000,418.80777093394926,101
2024-09-16 09:30:07.041000,418.7772412841231,1000
2024-09-16 09:30:07.061000,418.8247181198921,996
2024-09-16 09:30:07.138000,418.8008358537121,1003
2024-09-16 09:30:07.154000,418.8070902486138,15
2024-09-16 09:30:07.197000,418.821578433478,99
2024-09-16 09:30:07.230000,418.79376476800894,998
2024-09-16 09:30:07.235000,418.7849718319403,96
2024-09-16 09:30:07.344000,418.82634482685137,1005
2024-09-16 09:30:07.347000,418.7927733040512,100
2024-09-16 09:30:07.387000,418.83484124922296,102
2024-09-16 09:30:07.446000,418.8068199721654,10
2024-09-16 09:30:07.446000,418.8035687052867,1002
2024-09-16 09:30:07.468000,418.78897598736665,15
2024-09-16 09:30:07.576000,418.81270185720695,1001
2024-09-16 09:30:07.597000,418.7959695709607,102
2024-09-16 09:30:07.677000,418.81976214578833,95
2024-09-16 09:30:07.726000,418.803580790917,7
2024-09-16 09:30:07.869000,418.79897499392655,104
2024-09-16 09:30:07.873000,418.824611340088,1005
2024-09-16 09:30:08.033000,418.8260181321016,1002
2024-09-16 09:30:08.230000,418.83748334754745,7
2024-09-16 09:30:08.281000,418.8085903106736,105
2024-09-16 09:30:08.372000,418.8572743239528,14
2024-09-16 09:30:08.410000,418.8727347702281,999
2024-09-16 09:30:08.821000,418.86770781669486,10
2024-09-16 09:30:09.004000,418.8001973169818,102
2024-09-16 09:30:09.106000,418.7989126712952,100
2024-09-16 09:30:09.109000,418.8302115867057,997
2024-09-16 09:30:09.196000,418.8263427623593,1002
2024-09-16 09:30:09.212000,418.852537646382,95
2024-09-16 09:30:09.220000,418.8405614759402,996
2024-09-16 09:30:09.276000,418.8430031566851,98
2024-09-16 09:30:09.383000,418.7948296908066,101
2024-09-16 09:30:09.451000,418.7994787419127,1002
2024-09-16 09:30:09.452000,418.8001748238906,98
2024-09-16 09:30:09.553000,418.8166410491152,101
2024-09-16 09:30:09.565000,418.8194637501383,15
2024-09-16 09:30:09.574000,418.8391973562692,9
2024-09-16 09:30:09.659000,418.8380394272336,998
2024-09-16 09:30:09.665000,418.8272836545445,1000
2024-09-16 09:30:09.678000,418.86103346923096,1004
2024-09-16 09:30:09.695000,418.8471112485182,15
2024-09-16 09:30:09.721000,418.8393098125287,999
2024-09-16 09:30:09.754000,418.7986906037517,9
2024-09-16 09:30:09.883000,418.8348704398109,5
2024-09-16 09:30:09.948000,418.8135087913869,995
2024-09-16 09:30:09.986000,418.82493819744536,995
2024-09-16 09:30:10.064000,418.7767333941938,7
2024-09-16 09:30:10.127000,418.7486488467137,998
2024-09-16 09:30:10.136000,418.8120621290528,8
2024-09-16 09:30:10.143000,418.7918045660032,1005
2024-09-16 09:30:10.165000,418.7656193617813,98
2024-09-16 09:30:10.196000,418.7525747227539,105
2024-09-16 09:30:10.379000,418.74912339888,100
2024-09-16 09:30:10.414000,418.7703650417128,11
2024-09-16 09:30:10.438000,418.7462274441992,1003
2024-09-16 09:30:10.440000,418.7740358962077,995
2024-09-16 09:30:10.495000,418.78790930558256,1004
2024-09-16 09:30:10.593000,418.78175661681246,1000
2024-09-16 09:30:10.595000,418.7784513311899,105
2024-09-16 09:30:10.639000,418.755991125397,1001
2024-09-16 09:30:10.647000,418.7538701152937,1002
2024-09-16 09:30:10.792000,418.7751522487088,98
2024-09-16 09:30:10.800000,418.7606348785436,104
2024-09-16 09:30:10.803000,418.7903169768658,95
2024-09-16 09:30:11.012000,418.8000771277907,96
2024-09-16 09:30:11.027000,418.8270730977864,8
2024-09-16 09:30:11.034000,418.7488670420802,105
2024-09-16 09:30:11.059000,418.7965949565682,5
2024-09-16 09:30:11.093000,418.7697978125309,10
2024-09-16 09:30:11.113000,418.7944616274357,997
2024-09-16 09:30:11.123000,418.80364623129657,7
2024-09-16 09:30:11.151000,418.7824192364505,99
2024-09-16 09:30:11.184000,418.73992651406246,9
2024-09-16 09:30:11.193000,418.7562020631638,105
2024-09-16 09:30:11.256000,418.78428383715067,7
2024-09-16 09:30:11.501000,418.7894712570014,97
2024-09-16 09:30:11.550000,418.7933327450946,1004
2024-09-16 09:30:11.553000,418.7243690631238,5
2024-09-16 09:30:11.722000,418.79704174773616,95
2024-09-16 09:30:11.739000,418.7909607165918,103
2024-09-16 09:30:11.840000,418.8133128390164,5
2024-09-16 09:30:11.846000,418.78275385650784,100
2024-09-16 09:30:11.926000,418.7935911155429,996
2024-09-16 09:30:11.932000,418.7516935924285,103
2024-09-16 09:30:11.998000,418.7737787216869,10
2024-09-16 09:30:12.019000,418.7323870388804,103
2024-09-16 09:30:12.074000,418.7457789540578,96
2024-09-16 09:30:12.246000,418.747626758372,1001
2024-09-16 09:30:12.249000,418.72922423055456,15
2024-09-16 09:30:12.548000,418.7332160840111,1003
2024-09-16 09:30:12.638000,418.7269566157252,998
2024-09-16 09:30:12.719000,418.7719667011169,99
2024-09-16 09:30:12.727000,418.73463708412726,9
2024-09-16 09:30:12.961000,418.7350102037032,1001
2024-09-16 09:30:12.977000,418.7226993748124,1004
2024-09-16 09:30:13.127000,418.7748521481621,13
2024-09-16 09:30:13.165000,418.7393958827814,996
2024-09-16 09:30:13.302000,418.7554734474306,96
2024-09-16 09:30:13.348000,418.7751898638562,10
2024-09-16 09:30:13.433000,418.7458410899108,1003
2024-09-16 09:30:13.438000,418.7824886747167,100
2024-09-16 09:30:13.619000,418.7584101042424,11
2024-09-16 09:30:13.662000,418.7835587810832,7
2024-09-16 09:30:13.669000,418.75651775281,95
2024-09-16 09:30:13.824000,418.7568855134724,10
2024-09-16 09:30:14.005000,418.69981023800256,1001
2024-09-16 09:30:14.063000,418.7030234508974,11
2024-09-16 09:30:14.156000,418.7241911365513,1003
2024-09-16 09:30:14.203000,418.7121094779611,1004
2024-09-16 09:30:14.209000,418.7338584263493,96
2024-09-16 09:30:14.219000,418.7578961028834,9
2024-09-16 09:30:14.232000,418.7221368031924,997
2024-09-16 09:30:14.235000,418.7713171816199,996
2024-09-16 09:30:14.348000,418.75406237906753,15
2024-09-16 09:30:14.373000,418.72737395225886,103
2024-09-16 09:30:14.386000,418.7091911736376,997
2024-09-16 09:30:14.507000,418.7323032137031,999
2024-09-16 09:30:14.593000,418.73173545796175,6
2024-09-16 09:30:14.598000,418.7315897501269,13
2024-09-16 09:30:14.608000,418.7318044729056,13
2024-09-16 09:30:14.633000,418.7475423948908,997
2024-09-16 09:30:14.798000,418.6935968347639,103
2024-09-16 09:30:14.810000,418.73008045584726,6
2024-09-16 09:30:14.863000,418.7039032793084,10
2024-09-16 09:30:14.870000,418.74110244892137,995
2024-09-16 09:30:14.922000,418.7265218922821,96
2024-09-16 09:30:14.963000,418.7519255461888,100
2024-09-16 09:30:14.992000,418.7199310215354,1002
2024-09-16 09:30:15.033000,418.6101044979131,101
2024-09-16 09:30:15.056000,418.62787226440366,9
2024-09-16 09:30:15.057000,418.66750373635455,13
2024-09-16 09:30:15.070000,418.6360359566601,100
2024-09-16 09:30:15.107000,418.7157048766898,100
2024-09-16 09:30:15.147000,418.6872026084798,6
2024-09-16 09:30:15.243000,418.6447038020544,5
2024-09-16 09:30:15.259000,418.6280072762703,995
2024-09-16 09:30:15.352000,418.6098869512157,102
2024-09-16 09:30:15.357000,418.61483501043193,105
2024-09-16 09:30:15.483000,418.6131432489269,15
2024-09-16 09:30:15.496000,418.6328129750541,14
2024-09-16 09:30:15.508000,418.7013752902388,1003
2024-09-16 09:30:15.553000,418.62376468655833,12
2024-09-16 09:30:15.704000,418.60506588875,996
2024-09-16 09:30:15.719000,418.6894827385983,102
2024-09-16 09:30:15.725000,418.67318490946207,95
2024-09-16 09:30:15.785000,418.6240844570371,8
2024-09-16 09:30:15.879000,418.6060421436171,8
2024-09-16 09:30:15.920000,418.61121512293096,996
2024-09-16 09:30:16.141000,418.6073233448198,1000
2024-09-16 09:30:16.428000,418.6151459298197,1000
2024-09-16 09:30:16.778000,418.60316977235146,1000
2024-09-16 09:30:17.253000,418.62518483412777,104
2024-09-16 09:30:17.297000,418.641260304364,8
2024-09-16 09:30:17.315000,418.6451886791272,103
2024-09-16 09:30:17.435000,418.6120648026762,995
2024-09-16 09:30:17.632000,418.605637448966,99
2024-09-16 09:30:17.764000,418.6438360158743,101
2024-09-16 09:30:17.775000,418.6569381067687,101
2024-09-16 09:30:18.041000,418.6465155407552,96
2024-09-16 09:30:18.095000,418.6170167534026,999
2024-09-16 09:30:18.166000,418.63158346333273,1002
2024-09-16 09:30:18.177000,418.62052726263255,13
2024-09-16 09:30:18.286000,418.5765057069227,96
2024-09-16 09:30:18.350000,418.64307785252487,998
2024-09-16 09:30:18.387000,418.62643188941706,5
2024-09-16 09:30:18.390000,418.62027517819774,5
2024-09-16 09:30:18.401000,418.6401808072324,10
2024-09-16 09:30:18.437000,418.6072868209477,998
2024-09-16 09:30:18.457000,418.6052879189157,101
2024-09-16 09:30:18.478000,418.57934864787256,1000
2024-09-16 09:30:18.557000,418.5853724480246,7
2024-09-16 09:30:18.557000,418.6059136630474,101
2024-09-16 09:30:18.612000,418.6382993724886,1002
2024-09-16 09:30:18.655000,418.6255384436725,1002
2024-09-16 09:30:18.738000,418.61000818240046,995
2024-09-16 09:30:18.753000,418.6060618314951,105
2024-09-16 09:30:18.762000,418.6153246563672,95
2024-09-16 09:30:18.797000,418.6022966007348,9
2024-09-16 09:30:18.812000,418.5944100835514,97
2024-09-16 09:30:18.888000,418.6422438164567,101
2024-09-16 09:30:18.990000,418.62109536514697,8
2024-09-16 09:30:19.004000,418.6250808639918,11
2024-09-16 09:30:19.224000,418.63265012863326,105
2024-09-16 09:30:20.071000,418.632664758671,97
2024-09-16 09:30:20.100000,418.6160196967069,103
2024-09-16 09:30:20.109000,418.6155541891876,1000
2024-09-16 09:30:20.150000,418.6316559223868,15
2024-09-16 09:30:20.154000,418.63432778062446,15
2024-09-16 09:30:20.158000,418.6145089537297,95
2024-09-16 09:30:20.242000,418.6293395151218,12
2024-09-16 09:30:20.276000,418.6254366664896,8
2024-09-16 09:30:20.313000,418.6419275388055,1002
2024-09-16 09:30:20.393000,418.6313660438476,96
2024-09-16 09:30:20.518000,418.6347291295399,998
2024-09-16 09:30:20.561000,418.6297005692945,6
2024-09-16 09:30:20.648000,418.635539963904,96
2024-09-16 09:30:20.650000,418.6382250230061,1005
2024-09-16 09:30:20.661000,418.6373025834596,998
2024-09-16 09:30:20.777000,418.605167630817,6
2024-09-16 09:30:20.814000,418.6335124631655,6
2024-09-16 09:30:20.857000,418.62376390315904,99
2024-09-16 09:30:20.859000,418.6431925383827,1002
2024-09-16 09:30:20.871000,418.6299986934991,995
2024-09-16 09:30:20.924000,418.6234212157983,98
2024-09-16 09:30:21.037000,418.6903941149508,998
2024-09-16 09:30:21.084000,418.69653486932367,6
2024-09-16 09:30:21.115000,418.6506507433038,8
2024-09-16 09:30:21.148000,418.67404669938907,14
2024-09-16 09:30:21.241000,418.6406190358946,996
2024-09-16 09:30:21.243000,418.6964752835729,7
2024-09-16 09:30:21.271000,418.6886005235603,8
2024-09-16 09:30:21.304000,418.6770787220133,95
2024-09-16 09:30:21.525000,418.68394970826944,1002
2024-09-16 09:30:21.577000,418.6495389343153,105
2024-09-16 09:30:21.638000,418.6659239420408,996
2024-09-16 09:30:21.643000,418.6775800587995,95
2024-09-16 09:30:21.646000,418.692312113508,7
2024-09-16 09:30:21.658000,418.6351307980767,1001
2024-09-16 09:30:21.694000,418.6947581541348,1000
2024-09-16 09:30:21.715000,418.6841370693811,99
2024-09-16 09:30:21.753000,418.6268233666239,8
2024-09-16 09:30:21.801000,418.6824723359889,997
2024-09-16 09:30:21.958000,418.6410743640799,9
2024-09-16 09:30:22.931000,418.665081188366,105
2024-09-16 09:30:23.070000,418.7180832435807,1002
2024-09-16 09:30:23.076000,418.7344919077645,5
2024-09-16 09:30:23.088000,418.7244907427064,6
2024-09-16 09:30:23.112000,418.7090133910726,102
2024-09-16 09:30:23.118000,418.7083224093504,1001
2024-09-16 09:30:23.122000,418.7096262612931,95
2024-09-16 09:30:23.135000,418.7052925315082,101
2024-09-16 09:30:23.228000,418.7020114983835,1004
2024-09-16 09:30:23.276000,418.7009273093415,997
2024-09-16 09:30:23.282000,418.7073402813788,6
2024-09-16 09:30:23.297000,418.6733571905372,95
2024-09-16 09:30:23.318000,418.66962985787546,1003
2024-09-16 09:30:23.413000,418.7112673936968,100
2024-09-16 09:30:23.596000,418.7387297406354,996
2024-09-16 09:30:23.649000,418.7146219788592,1001
2024-09-16 09:30:23.710000,418.7007381437292,1003
2024-09-16 09:30:23.817000,418.7048613113262,14
2024-09-16 09:30:23.894000,418.7087611092102,1000
2024-09-16 09:30:23.944000,418.6881915412324,11
2024-09-16 09:30:23.975000,418.7035945109971,99
2024-09-16 09:30:23.990000,418.72314936974897,7
2024-09-16 09:30:23.999000,418.6643766170209,1002
2024-09-16 09:30:24.017000,418.7104108903295,102
2024-09-16 09:30:24.022000,418.7231108324124,102
2024-09-16 09:30:24.029000,418.7098646633557,10
2024-09-16 09:30:24.037000,418.69678183917097,101
2024-09-16 09:30:24.247000,418.7416146475315,96
2024-09-16 09:30:24.360000,418.7253994400563,97
2024-09-16 09:30:24.541000,418.73209231017273,100
2024-09-16 09:30:24.748000,418.7128557945634,100
2024-09-16 09:30:24.797000,418.7294663016678,95
2024-09-16 09:30:24.967000,418.73688657572205,105
2024-09-16 09:30:25.006000,418.7063829225731,1004
2024-09-16 09:30:25.028000,418.7036374375552,9
2024-09-16 09:30:25.033000,418.71670376439954,1003
2024-09-16 09:30:25.067000,418.6868380166591,5
2024-09-16 09:30:25.073000,418.7402574507744,1002
2024-09-16 09:30:25.140000,418.72891647094207,9
2024-09-16 09:30:25.272000,418.7271584530882,9
2024-09-16 09:30:25.324000,418.71377492001307,995
2024-09-16 09:30:25.355000,418.7164595468043,1003
2024-09-16 09:30:25.361000,418.7020842735057,14
2024-09-16 09:30:25.429000,418.70159042339054,995
2024-09-16 09:30:25.459000,418.7362206873942,996
2024-09-16 09:30:25.466000,418.6870925261508,15
2024-09-16 09:30:25.479000,418.7231148997513,13
2024-09-16 09:30:25.500000,418.6947270949232,10
2024-09-16 09:30:25.546000,418.7116095921763,1003
2024-09-16 09:30:25.582000,418.73538240176657,100
2024-09-16 09:30:25.616000,418.6967596413639,104
2024-09-16 09:30:25.630000,418.7243909660469,1003
2024-09-16 09:30:25.724000,418.7085453254667,14
2024-09-16 09:30:25.727000,418.7014059863011,102
2024-09-16 09:30:25.749000,418.7170577714286,101
2024-09-16 09:30:25.827000,418.6965069439846,97
2024-09-16 09:30:25.846000,418.7249214017735,1002
2024-09-16 09:30:25.903000,418.6962702509015,1003
2024-09-16 09:30:25.934000,418.73774410313297,15
2024-09-16 09:30:25.947000,418.7093604801967,10
2024-09-16 09:30:25.961000,418.67510815631584,1005
2024-09-16 09:30:25.990000,418.7018750329276,1005
2024-09-16 09:30:26.259000,418.68440510834927,997
2024-09-16 09:30:26.312000,418.6946517687747,97
2024-09-16 09:30:26.833000,418.68303239431407,997
2024-09-16 09:30:26.860000,418.6739771746385,95
2024-09-16 09:30:26.861000,418.6833976474445,96
2024-09-16 09:30:27.643000,418.66173998578296,1004
2024-09-16 09:30:28.005000,418.6630835448833,995
2024-09-16 09:30:28.063000,418.7601863378931,996
2024-09-16 09:30:28.238000,418.72972096491736,98
2024-09-16 09:30:28.246000,418.7585830395244,7
2024-09-16 09:30:28.249000,418.7502382166252,104
2024-09-16 09:30:28.335000,418.6797304673684,1004
2024-09-16 09:30:28.392000,418.6725699228329,1004
2024-09-16 09:30:28.403000,418.6169111112096,98
2024-09-16 09:30:28.422000,418.7182582408957,100
2024-09-16 09:30:28.449000,418.6165370939796,14
2024-09-16 09:30:28.481000,418.7088757344685,104
2024-09-16 09:30:28.540000,418.6806175730322,11
2024-09-16 09:30:28.548000,418.6967500895454,7
2024-09-16 09:30:28.551000,418.75277661603343,9
2024-09-16 09:30:28.574000,418.7279709820919,1004
2024-09-16 09:30:28.608000,418.6336288496602,7
2024-09-16 09:30:28.624000,418.61823993270383,1002
2024-09-16 09:30:28.676000,418.6580478433068,1000
2024-09-16 09:30:28.696000,418.7580841556542,998
2024-09-16 09:30:28.712000,418.6221386456901,15
2024-09-16 09:30:28.734000,418.7382377876261,11
2024-09-16 09:30:28.822000,418.63885909941104,101
2024-09-16 09:30:28.867000,418.6725662436403,1005
2024-09-16 09:30:28.900000,418.6469611375612,99
2024-09-16 09:30:28.988000,418.7515027220885,995
2024-09-16 09:30:28.991000,418.6783538319837,1004
2024-09-16 09:30:29.018000,418.7164246045221,105
2024-09-16 09:30:29.035000,418.6922051112966,97
2024-09-16 09:30:29.093000,418.7294721211687,14
2024-09-16 09:30:29.107000,418.70021098982,996
2024-09-16 09:30:29.121000,418.72589680203015,996
2024-09-16 09:30:29.124000,418.7131145176221,103
2024-09-16 09:30:29.185000,418.714773639604,997
2024-09-16 09:30:29.354000,418.73266212339394,8
2024-09-16 09:30:29.361000,418.7002482391429,6
2024-09-16 09:30:29.460000,418.716330658819,13
2024-09-16 09:30:29.614000,418.7213053713784,97
2024-09-16 09:30:29.642000,418.74000606804464,10
2024-09-16 09:30:29.698000,418.71581246682695,1000
2024-09-16 09:30:29.742000,418.7238017324044,101
2024-09-16 09:30:29.745000,418.70873974944647,95
2024-09-16 09:30:29.810000,418.7283126974636,101
2024-09-16 09:30:29.822000,418.7044707060205,101
2024-09-16 09:30:29.897000,418.71845304856976,1003
2024-09-16 09:30:29.911000,418.7208542465869,996
2024-09-16 09:30:31.127000,418.7109702149108,105
2024-09-16 09:30:31.241000,418.7598394507669,9
2024-09-16 09:30:31.314000,418.768872818489,7
2024-09-16 09:30:31.381000,418.770705327943,12
2024-09-16 09:30:31.397000,418.7606961178885,11
2024-09-16 09:30:31.474000,418.7710382624248,6
2024-09-16 09:30:31.770000,418.75689363212166,15
2024-09-16 09:30:31.815000,418.7856109995012,99
2024-09-16 09:30:31.859000,418.7726158365052,104
2024-09-16 09:30:31.921000,418.7536692932544,10
2024-09-16 09:30:31.960000,418.73857739602585,96
2024-09-16 09:30:32.084000,418.7550429754528,5
2024-09-16 09:30:32.140000,418.75004174230696,12
2024-09-16 09:30:32.143000,418.77943155547285,5
2024-09-16 09:30:32.151000,418.7340684423269,998
2024-09-16 09:30:32.255000,418.7666310635837,7
2024-09-16 09:30:32.261000,418.73508303817465,101
2024-09-16 09:30:32.284000,418.7665899371357,1003
2024-09-16 09:30:32.288000,418.7441506095651,1000
2024-09-16 09:30:32.291000,418.7664519842612,1000
2024-09-16 09:30:32.418000,418.7321015743997,1002
2024-09-16 09:30:32.471000,418.7390295114112,13
2024-09-16 09:30:32.478000,418.7526056014791,14
2024-09-16 09:30:32.503000,418.753026408353,99
2024-09-16 09:30:32.510000,418.7520835559063,102
2024-09-16 09:30:32.626000,418.7572431405417,12
2024-09-16 09:30:32.627000,418.7418826024608,1002
2024-09-16 09:30:32.654000,418.7354208595804,99
2024-09-16 09:30:32.691000,418.7835186257055,1000
2024-09-16 09:30:32.701000,418.7390016286347,7
2024-09-16 09:30:32.732000,418.784417449884,14
2024-09-16 09:30:32.760000,418.73811188864335,1004
2024-09-16 09:30:32.762000,418.7650729274274,12
2024-09-16 09:30:32.856000,418.7507550979075,101
2024-09-16 09:30:32.903000,418.744948451284,105
2024-09-16 09:30:32.993000,418.7384353716219,5
2024-09-16 09:30:33.100000,418.7786526552529,1005
2024-09-16 09:30:33.176000,418.69632099204654,995
2024-09-16 09:30:33.199000,418.68178120111537,995
2024-09-16 09:30:33.204000,418.696596488124,100
2024-09-16 09:30:33.204000,418.7471436456909,997
2024-09-16 09:30:33.236000,418.76818714540406,9
2024-09-16 09:30:33.259000,418.6891328017284,15
2024-09-16 09:30:33.306000,418.689408315503,99
2024-09-16 09:30:33.417000,418.77859334097815,99
2024-09-16 09:30:33.678000,418.7136045037664,101
2024-09-16 09:30:33.726000,418.6996584835464,10
2024-09-16 09:30:33.750000,418.7123461502487,12
2024-09-16 09:30:33.764000,418.68277203908775,104
2024-09-16 09:30:33.789000,418.7043396562764,103
2024-09-16 09:30:33.801000,418.7425997838567,1002
2024-09-16 09:30:33.848000,418.7630619238441,1000
2024-09-16 09:30:33.872000,418.7070210452238,997
2024-09-16 09:30:33.938000,418.75049659882336,98
2024-09-16 09:30:33.956000,418.7313122494686,100
2024-09-16 09:30:33.974000,418.72764285418646,104
2024-09-16 09:30:34.016000,418.7136710031381,12
2024-09-16 09:30:34.085000,418.70090132072585,105
2024-09-16 09:30:34.100000,418.7291219619581,101
2024-09-16 09:30:34.117000,418.6967685024275,103
2024-09-16 09:30:34.168000,418.6981807938452,96
2024-09-16 09:30:34.234000,418.6987586508046,1002
2024-09-16 09:30:34.248000,418.7237363378601,8
2024-09-16 09:30:34.257000,418.7168233986077,12
2024-09-16 09:30:34.263000,418.690584897872,14
2024-09-16 09:30:34.321000,418.69821441724616,997
2024-09-16 09:30:34.363000,418.739343943062,105
2024-09-16 09:30:34.433000,418.7001330870506,100
2024-09-16 09:30:34.453000,418.70491073792186,7
2024-09-16 09:30:34.464000,418.7263023530009,997
2024-09-16 09:30:34.476000,418.7355257972392,1000
2024-09-16 09:30:34.508000,418.6998612575924,13
2024-09-16 09:30:34.512000,418.6984548112006,1003
2024-09-16 09:30:34.578000,418.69520412787045,13
2024-09-16 09:30:34.584000,418.73367790212205,98
2024-09-16 09:30:34.618000,418.699323533516,103
2024-09-16 09:30:34.672000,418.7377532971687,8
2024-09-16 09:30:34.693000,418.7280811181448,98
2024-09-16 09:30:34.732000,418.7257233926331,101
2024-09-16 09:30:34.784000,418.7078274469579,104
2024-09-16 09:30:34.860000,418.6975470486869,8
2024-09-16 09:30:34.901000,418.70091215607744,1005
2024-09-16 09:30:34.947000,418.7155054984127,996
2024-09-16 09:30:35.048000,418.7556566073674,999
2024-09-16 09:30:35.332000,418.75917392948384,104
2024-09-16 09:30:35.365000,418.7683814557825,15
2024-09-16 09:30:35.394000,418.7114339168004,998
2024-09-16 09:30:35.673000,418.7277341435967,105
2024-09-16 09:30:35.768000,418.7436127078343,97
2024-09-16 09:30:35.789000,418.7106271112538,1001
2024-09-16 09:30:35.816000,418.7772125893802,1001
2024-09-16 09:30:35.818000,418.7326485930198,97
2024-09-16 09:30:35.847000,418.736344813947,10
2024-09-16 09:30:35.896000,418.7421769395394,1001
2024-09-16 09:30:36.014000,418.81555639153663,7
2024-09-16 09:30:36.045000,418.8043503498869,11
2024-09-16 09:30:36.135000,418.8112847723342,998
2024-09-16 09:30:36.141000,418.7456619934917,97
2024-09-16 09:30:36.214000,418.79285765107215,95
2024-09-16 09:30:36.227000,418.76307431381326,9
2024-09-16 09:30:36.266000,418.86079407060527,14
2024-09-16 09:30:36.268000,418.7600625508707,999
2024-09-16 09:30:36.342000,418.82452233153634,1000
2024-09-16 09:30:36.505000,418.78209731975295,1003
2024-09-16 09:30:36.580000,418.8043297362072,1000
2024-09-16 09:30:36.603000,418.763569459301,1003
2024-09-16 09:30:36.633000,418.82675432194776,99
2024-09-16 09:30:36.681000,418.75759979593255,997
2024-09-16 09:30:36.695000,418.85688120220135,12
2024-09-16 09:30:36.695000,418.7929479771546,1005
2024-09-16 09:30:36.707000,418.758483088416,12
2024-09-16 09:30:36.710000,418.86351863610287,1003
2024-09-16 09:30:36.761000,418.7472553338426,5
2024-09-16 09:30:36.861000,418.7474152992112,996
2024-09-16 09:30:36.918000,418.8668003965934,996
2024-09-16 09:30:36.931000,418.76358816101055,1005
2024-09-16 09:30:36.944000,418.75312606193614,98
2024-09-16 09:30:37.174000,418.8484898947775,996
2024-09-16 09:30:37.321000,418.859629187648,996
2024-09-16 09:30:37.367000,418.8488778913772,998
2024-09-16 09:30:37.408000,418.83310896133656,1001
2024-09-16 09:30:37.410000,418.8643561799296,105
2024-09-16 09:30:37.500000,418.8559788897782,1002
2024-09-16 09:30:37.572000,418.8331817560695,102
2024-09-16 09:30:37.616000,418.86900088147854,7
2024-09-16 09:30:37.621000,418.8704213589899,9
2024-09-16 09:30:37.684000,418.87373317363193,11
2024-09-16 09:30:37.775000,418.8129801625737,101
2024-09-16 09:30:37.798000,418.849890213557,97
2024-09-16 09:30:37.832000,418.8118154225654,6
2024-09-16 09:30:37.875000,418.86515248586767,5
2024-09-16 09:30:37.990000,418.8545231612114,101
2024-09-16 09:30:38.039000,418.6622736692695,9
2024-09-16 09:30:38.060000,418.7798675781255,1002
2024-09-16 09:30:38.062000,418.770870496125,6
2024-09-16 09:30:38.076000,418.754152656213,999
2024-09-16 09:30:38.089000,418.724119012246,999
2024-09-16 09:30:38.173000,418.6461797041429,102
2024-09-16 09:30:38.255000,418.7636643363782,97
2024-09-16 09:30:38.271000,418.690063731304,102
2024-09-16 09:30:38.274000,418.6692692748204,103
2024-09-16 09:30:38.307000,418.7832464586676,999
2024-09-16 09:30:38.364000,418.6813355449568,12
2024-09-16 09:30:38.407000,418.82490583471406,9
2024-09-16 09:30:38.498000,418.6642206877413,104
2024-09-16 09:30:38.506000,418.779054151653,7
2024-09-16 09:30:38.626000,418.8050067056493,6
2024-09-16 09:30:38.648000,418.6982948751185,95
2024-09-16 09:30:38.669000,418.8367861925277,9
2024-09-16 09:30:38.765000,418.8054895589356,1002
2024-09-16 09:30:38.784000,418.8413394680719,5
2024-09-16 09:30:38.799000,418.6994251596398,1004
2024-09-16 09:30:38.802000,418.6994536589183,8
2024-09-16 09:30:38.935000,418.6770911575278,5
2024-09-16 09:30:38.953000,418.7459792702205,103
2024-09-16 09:30:38.974000,418.7267327325428,5
2024-09-16 09:30:39.088000,418.6909739384005,7
2024-09-16 09:30:39.171000,418.7131246943642,101
2024-09-16 09:30:39.213000,418.6863647102773,102
2024-09-16 09:30:39.282000,418.7189999450045,1001
2024-09-16 09:30:39.293000,418.7032407265382,9
2024-09-16 09:30:39.318000,418.7048814618472,1004
2024-09-16 09:30:39.356000,418.6616303375807,12
2024-09-16 09:30:39.383000,418.6709550610466,96
2024-09-16 09:30:39.434000,418.7073265691437,97
2024-09-16 09:30:39.455000,418.6907696398342,97
2024-09-16 09:30:39.516000,418.69968948086864,15
2024-09-16 09:30:39.583000,418.6516238409215,95
2024-09-16 09:30:39.607000,418.6898257941307,97
2024-09-16 09:30:39.620000,418.6528807417054,7
2024-09-16 09:30:39.642000,418.6689165127792,6
2024-09-16 09:30:39.665000,418.656606858553,104
2024-09-16 09:30:39.709000,418.6860908702544,5
2024-09-16 09:30:39.724000,418.7013603409165,14
2024-09-16 09:30:39.825000,418.68556637038125,98
2024-09-16 09:30:39.845000,418.6728626274859,998
2024-09-16 09:30:39.924000,418.7012274373802,101
2024-09-16 09:30:39.976000,418.699962327831,10
2024-09-16 09:30:40.018000,418.70715275391086,97
2024-09-16 09:30:40.019000,418.7581425668502,1002
2024-09-16 09:30:40.052000,418.71229894611656,1003
2024-09-16 09:30:40.081000,418.72701296605,102
2024-09-16 09:30:40.093000,418.7214856067518,9
2024-09-16 09:30:40.104000,418.7265450422389,996
2024-09-16 09:30:40.145000,418.7340248120821,6
2024-09-16 09:30:40.246000,418.7580728148936,100
2024-09-16 09:30:40.254000,418.74727845957966,5
2024-09-16 09:30:40.341000,418.7376699731085,5
2024-09-16 09:30:40.369000,418.7052924655093,105
2024-09-16 09:30:40.374000,418.6753055159074,97
2024-09-16 09:30:40.423000,418.7551035477992,101
2024-09-16 09:30:40.428000,418.7379141615037,7
2024-09-16 09:30:40.432000,418.6599268601829,7
2024-09-16 09:30:40.513000,418.7138178450727,8
2024-09-16 09:30:40.521000,418.7505913797862,996
2024-09-16 09:30:40.522000,418.7215683036442,5
2024-09-16 09:30:40.641000,418.7518006743579,5
2024-09-16 09:30:40.658000,418.7431159261109,995
2024-09-16 09:30:40.666000,418.7108232012786,1002
2024-09-16 09:30:40.732000,418.7507741875037,102
2024-09-16 09:30:40.759000,418.66942451592064,95
2024-09-16 09:30:40.814000,418.6986742152084,96
2024-09-16 09:30:40.855000,418.73583409742827,996
2024-09-16 09:30:40.864000,418.7314504692585,999
2024-09-16 09:30:40.887000,418.7262820853067,102
2024-09-16 09:30:40.918000,418.6602465515509,5
2024-09-16 09:30:40.987000,418.7465052568834,105
2024-09-16 09:30:40.996000,418.7441943341471,1003
2024-09-16 09:30:41.046000,418.65150013800695,6
2024-09-16 09:30:41.123000,418.6651581393425,1005
2024-09-16 09:30:41.344000,418.6593164527858,104
2024-09-16 09:30:41.428000,418.66522949766335,1003
2024-09-16 09:30:41.499000,418.6355692153091,99
2024-09-16 09:30:41.506000,418.6484294370237,97
2024-09-16 09:30:41.590000,418.6537689775768,97
2024-09-16 09:30:41.593000,418.65514658406585,1002
2024-09-16 09:30:41.788000,418.6549319258902,996
2024-09-16 09:30:42.031000,418.6392900930149,996
2024-09-16 09:30:42.037000,418.64101895495367,8
2024-09-16 09:30:42.092000,418.69874375871854,8
2024-09-16 09:30:42.128000,418.661727808711,95
2024-09-16 09:30:42.145000,418.63129949643377,101
2024-09-16 09:30:42.214000,418.68702457779017,97
2024-09-16 09:30:42.303000,418.6947506920322,1003
2024-09-16 09:30:42.340000,418.6980749126337,15
2024-09-16 09:30:42.423000,418.6463717217087,101
2024-09-16 09:30:42.430000,418.6584654739239,1005
2024-09-16 09:30:42.449000,418.6769506581232,1004
2024-09-16 09:30:42.530000,418.63188222202166,1001
2024-09-16 09:30:42.533000,418.6678454087807,9
2024-09-16 09:30:42.604000,418.6790297021776,1003
2024-09-16 09:30:42.617000,418.6545165682825,1004
2024-09-16 09:30:42.660000,418.6956775926148,1003
2024-09-16 09:30:42.669000,418.67502235589313,97
2024-09-16 09:30:42.705000,418.6754876934455,101
2024-09-16 09:30:42.786000,418.627141130982,7
2024-09-16 09:30:42.791000,418.6181014415221,1004
2024-09-16 09:30:42.881000,418.6767045565616,6
2024-09-16 09:30:42.881000,418.6827912020156,999
2024-09-16 09:30:42.914000,418.6497911982408,14
2024-09-16 09:30:42.940000,418.6635490555756,10
2024-09-16 09:30:42.942000,418.6380821830836,99
2024-09-16 09:30:43.027000,418.7116974618814,10
2024-09-16 09:30:43.207000,418.6987653450249,5
2024-09-16 09:30:43.214000,418.7232317419389,15
2024-09-16 09:30:43.219000,418.7274082915496,95
2024-09-16 09:30:43.255000,418.7276101103556,997
2024-09-16 09:30:43.315000,418.6884695873858,996
2024-09-16 09:30:43.421000,418.7139381212551,104
2024-09-16 09:30:43.431000,418.7397459957731,101
2024-09-16 09:30:43.474000,418.7290527266906,7
2024-09-16 09:30:43.503000,418.7114481525209,12
2024-09-16 09:30:43.505000,418.73738308189326,97
2024-09-16 09:30:43.508000,418.706025137343,96
2024-09-16 09:30:43.556000,418.7250507112434,14
2024-09-16 09:30:43.640000,418.6993688409162,999
2024-09-16 09:30:43.686000,418.6802525261934,10
2024-09-16 09:30:43.765000,418.73717104790086,1004
2024-09-16 09:30:43.792000,418.6980278977624,9
2024-09-16 09:30:43.825000,418.69144398847226,6
2024-09-16 09:30:43.913000,418.693891108908,1004
2024-09-16 09:30:43.932000,418.7001641131119,1005
2024-09-16 09:30:43.952000,418.71783780066727,6
2024-09-16 09:30:43.988000,418.69189402827743,8
2024-09-16 09:30:43.989000,418.702954781185,96
2024-09-16 09:30:43.989000,418.6865006208823,1000
2024-09-16 09:30:43.998000,418.7110277468001,8
2024-09-16 09:30:44.166000,418.6612558731049,10
2024-09-16 09:30:44.167000,418.6806715666047,5
2024-09-16 09:30:44.246000,418.72390786808137,997
2024-09-16 09:30:44.303000,418.68805147267415,101
2024-09-16 09:30:44.380000,418.67867758898393,102
2024-09-16 09:30:44.406000,418.696050454863,15
2024-09-16 09:30:44.587000,418.7016305145187,9
2024-09-16 09:30:44.606000,418.67432369078034,998
2024-09-16 09:30:44.682000,418.68544052838047,995
2024-09-16 09:30:44.742000,418.65603718017496,95
2024-09-16 09:30:44.862000,418.6549540463096,11
2024-09-16 09:30:44.920000,418.7161592904844,1000
2024-09-16 09:30:44.992000,418.6867202100475,995
2024-09-16 09:30:44.998000,418.68531434893936,103
2024-09-16 09:30:45.132000,418.696768590022,104
2024-09-16 09:30:45.164000,418.70077574079824,998
2024-09-16 09:30:45.219000,418.6920013657423,10
2024-09-16 09:30:45.253000,418.6754493616447,10
2024-09-16 09:30:45.270000,418.700684822495,15
2024-09-16 09:30:45.293000,418.6684266288726,96
2024-09-16 09:30:45.443000,418.7125510833967,1002
2024-09-16 09:30:45.480000,418.70032148256206,99
2024-09-16 09:30:45.705000,418.6946346927765,998
2024-09-16 09:30:45.747000,418.6948957827278,99
2024-09-16 09:30:45.791000,418.6627978483533,104
2024-09-16 09:30:45.857000,418.67097734480166,6
2024-09-16 09:30:45.912000,418.710999770069,96
2024-09-16 09:30:45.993000,418.7102056154909,995
2024-09-16 09:30:46.039000,418.7835496198217,997
2024-09-16 09:30:46.077000,418.7876775839081,98
2024-09-16 09:30:46.131000,418.71769181749727,1005
2024-09-16 09:30:46.158000,418.7200566392344,7
2024-09-16 09:30:46.173000,418.8555942374271,8
2024-09-16 09:30:46.296000,418.7668047147728,98
2024-09-16 09:30:46.317000,418.7946488610346,98
2024-09-16 09:30:46.326000,418.8278381132387,14
2024-09-16 09:30:46.358000,418.8572439018365,996
2024-09-16 09:30:46.385000,418.77499265506094,102
2024-09-16 09:30:46.415000,418.8397141413469,1003
2024-09-16 09:30:46.506000,418.7750072192741,5
2024-09-16 09:30:46.519000,418.77106127708623,999
2024-09-16 09:30:46.569000,418.81585846305313,12
2024-09-16 09:30:46.587000,418.7621460394961,103
2024-09-16 09:30:46.598000,418.8393428772847,100
2024-09-16 09:30:46.616000,418.78621345644166,96
2024-09-16 09:30:46.618000,418.7844322939365,15
2024-09-16 09:30:46.664000,418.7870242258684,998
2024-09-16 09:30:46.665000,418.86726866212086,8
2024-09-16 09:30:46.669000,418.7097150736678,1002
2024-09-16 09:30:46.698000,418.6991476790909,15
2024-09-16 09:30:46.758000,418.7512396073768,98
2024-09-16 09:30:46.787000,418.7148915344688,1004
2024-09-16 09:30:46.884000,418.8361724817849,998
2024-09-16 09:30:46.911000,418.7407891932144,1001
2024-09-16 09:30:46.919000,418.78403854318464,11
2024-09-16 09:30:46.921000,418.7256167436721,13
2024-09-16 09:30:47.006000,418.840686969613,1004
2024-09-16 09:30:47.076000,418.78613498138367,15
2024-09-16 09:30:47.156000,418.79200895452647,102
2024-09-16 09:30:47.167000,418.82142749098017,8
2024-09-16 09:30:47.168000,418.8060794924,996
2024-09-16 09:30:47.277000,418.7834542774988,100
2024-09-16 09:30:47.299000,418.80490540489535,14
2024-09-16 09:30:47.307000,418.7699176761522,102
2024-09-16 09:30:47.369000,418.8132302724475,96
2024-09-16 09:30:47.373000,418.8114380967067,10
2024-09-16 09:30:47.378000,418.7906256572728,99
2024-09-16 09:30:47.390000,418.78083699325697,1001
2024-09-16 09:30:47.428000,418.8343566055482,1002
2024-09-16 09:30:47.433000,418.8621334751053,1002
2024-09-16 09:30:47.435000,418.8086798970981,95
2024-09-16 09:30:47.511000,418.8108779962288,15
2024-09-16 09:30:47.567000,418.8520135351185,1004
2024-09-16 09:30:47.579000,418.833270916913,7
2024-09-16 09:30:47.584000,418.7902955421832,1003
2024-09-16 09:30:47.657000,418.7572183617671,98
2024-09-16 09:30:47.727000,418.8193628634376,97
2024-09-16 09:30:47.771000,418.8069225874141,96
2024-09-16 09:30:47.782000,418.808713892329,1002
2024-09-16 09:30:47.809000,418.8440441461941,11
2024-09-16 09:30:47.827000,418.8066404787864,13
2024-09-16 09:30:47.920000,418.7815985089636,98
2024-09-16 09:30:47.942000,418.8888028751844,10
2024-09-16 09:30:47.971000,418.805757110437,13
2024-09-16 09:30:47.997000,418.8074285623454,5
2024-09-16 09:30:48.025000,418.8068118375484,1004
2024-09-16 09:30:48.055000,418.8213913308158,7
2024-09-16 09:30:48.098000,418.7548520239343,1000
2024-09-16 09:30:48.162000,418.767785299356,999
2024-09-16 09:30:48.274000,418.7748058198611,5
2024-09-16 09:30:48.343000,418.79789821644346,105
2024-09-16 09:30:48.396000,418.768539012744,105
2024-09-16 09:30:48.542000,418.7977001590513,998
2024-09-16 09:30:48.568000,418.7774899167328,13
2024-09-16 09:30:48.788000,418.7752833327542,6
2024-09-16 09:30:48.857000,418.7690912273969,1004
2024-09-16 09:30:48.861000,418.7728661178056,1005
2024-09-16 09:30:48.916000,418.7665023174836,98
2024-09-16 09:30:48.980000,418.7829093110356,97
2024-09-16 09:30:49.029000,418.7867722186134,996
2024-09-16 09:30:49.081000,418.80676743112616,103
2024-09-16 09:30:49.120000,418.82515820445246,11
2024-09-16 09:30:49.125000,418.8128326242971,1002
2024-09-16 09:30:49.153000,418.8207087207487,103
2024-09-16 09:30:49.157000,418.8223232928246,996
2024-09-16 09:30:49.161000,418.7771181080291,104
2024-09-16 09:30:49.180000,418.8031285434759,11
2024-09-16 09:30:49.276000,418.82020055692266,98
2024-09-16 09:30:49.283000,418.8108013289084,97
2024-09-16 09:30:49.309000,418.8153716337556,97
2024-09-16 09:30:49.331000,418.8178176993388,97
2024-09-16 09:30:49.360000,418.7504306887902,1001
2024-09-16 09:30:49.406000,418.8080678533737,997
2024-09-16 09:30:49.442000,418.8106666870756,997
2024-09-16 09:30:49.475000,418.7622519707889,12
2024-09-16 09:30:49.523000,418.7461693092683,1003
2024-09-16 09:30:49.535000,418.8152583196334,96
2024-09-16 09:30:49.592000,418.8083798599322,99
2024-09-16 09:30:49.607000,418.82202544360496,97
2024-09-16 09:30:49.635000,418.816773832519,998
2024-09-16 09:30:49.790000,418.8036707638173,8
2024-09-16 09:30:49.820000,418.79841718911234,105
2024-09-16 09:30:49.835000,418.7563597146017,95
2024-09-16 09:30:49.846000,418.8118037691685,9
2024-09-16 09:30:49.869000,418.80732157639807,11
2024-09-16 09:30:49.880000,418.81066406226506,6
2024-09-16 09:30:49.891000,418.8147781494512,999
2024-09-16 09:30:50.004000,418.7577533652068,101
2024-09-16 09:30:50.129000,418.73923742236127,7
2024-09-16 09:30:50.133000,418.7766314474913,14
2024-09-16 09:30:50.280000,418.7322859000191,1004
2024-09-16 09:30:50.451000,418.7299635366677,995
2024-09-16 09:30:50.472000,418.7708331466832,999
2024-09-16 09:30:50.550000,418.7802641194608,998
2024-09-16 09:30:50.565000,418.74629594107023,105
2024-09-16 09:30:50.636000,418.7405138847662,1005
2024-09-16 09:30:50.683000,418.74269948376974,8
2024-09-16 09:30:50.689000,418.783510779613,101
2024-09-16 09:30:50.791000,418.80057902628016,103
2024-09-16 09:30:50.821000,418.7183775905221,9
2024-09-16 09:30:50.855000,418.7313992589597,1001
2024-09-16 09:30:50.862000,418.7717400658902,995
2024-09-16 09:30:50.862000,418.74159479589497,13
2024-09-16 09:30:50.894000,418.7798504400797,98
2024-09-16 09:30:50.929000,418.75994396296784,1003
2024-09-16 09:30:51.068000,418.67623255711953,99
2024-09-16 09:30:51.081000,418.6857276223784,12
2024-09-16 09:30:51.220000,418.712405801827,1005
2024-09-16 09:30:51.517000,418.68809297568725,97
2024-09-16 09:30:51.527000,418.692772652868,12
2024-09-16 09:30:51.605000,418.7073621601813,6
2024-09-16 09:30:51.717000,418.70015503034057,996
2024-09-16 09:30:51.752000,418.7124861307433,101
2024-09-16 09:30:51.777000,418.7101293044661,999
2024-09-16 09:30:51.842000,418.705868966457,1001
2024-09-16 09:30:51.874000,418.6938955915371,999
2024-09-16 09:30:52.039000,418.64334157891153,11
2024-09-16 09:30:52.047000,418.6535492997434,98
2024-09-16 09:30:52.141000,418.665350385354,997
2024-09-16 09:30:52.201000,418.63474769724553,97
2024-09-16 09:30:52.205000,418.6386267639273,99
2024-09-16 09:30:52.244000,418.6652647718909,5
2024-09-16 09:30:52.261000,418.6647401370056,13
2024-09-16 09:30:52.265000,418.67651382277376,98
2024-09-16 09:30:52.448000,418.675564545416,9
2024-09-16 09:30:52.499000,418.6403433318446,6
2024-09-16 09:30:52.503000,418.6455326058565,1001
2024-09-16 09:30:52.520000,418.6495076877116,103
2024-09-16 09:30:52.571000,418.6730042979204,12
2024-09-16 09:30:52.602000,418.6392092718393,5
2024-09-16 09:30:52.706000,418.6402368425989,7
2024-09-16 09:30:52.800000,418.6589386723329,9
2024-09-16 09:30:52.935000,418.6384423268378,8
2024-09-16 09:30:52.964000,418.6469394801098,95
2024-09-16 09:30:52.970000,418.6600436486372,1005
2024-09-16 09:30:52.993000,418.669559646836,11
2024-09-16 09:30:53.033000,418.6626265584841,103
2024-09-16 09:30:53.134000,418.632587555233,96
2024-09-16 09:30:53.293000,418.6404043628507,99
2024-09-16 09:30:53.317000,418.6612136733032,104
2024-09-16 09:30:53.348000,418.6656368943433,995
2024-09-16 09:30:53.350000,418.66531028007176,14
2024-09-16 09:30:53.445000,418.6471825782457,9
2024-09-16 09:30:53.469000,418.6596024089861,1004
2024-09-16 09:30:53.487000,418.6514586671161,15
2024-09-16 09:30:53.542000,418.6534369033496,6
2024-09-16 09:30:53.756000,418.6691808920576,95
2024-09-16 09:30:53.773000,418.6630875989754,996
2024-09-16 09:30:53.779000,418.6377236224423,1003
2024-09-16 09:30:53.834000,418.66515816609206,104
2024-09-16 09:30:53.967000,418.6634165377913,1002
2024-09-16 09:30:53.982000,418.6374930942112,103
2024-09-16 09:30:54.076000,418.62670781336345,996
2024-09-16 09:30:54.138000,418.64179897837926,9
2024-09-16 09:30:54.242000,418.6271286204044,5
2024-09-16 09:30:54.250000,418.6183766590213,1001
2024-09-16 09:30:54.276000,418.65421572606897,14
2024-09-16 09:30:54.332000,418.625204785296,9
2024-09-16 09:30:54.358000,418.64548690184125,14
2024-09-16 09:30:54.376000,418.6259744467173,103
2024-09-16 09:30:54.378000,418.6438064822749,98
2024-09-16 09:30:54.380000,418.634227266525,13
2024-09-16 09:30:54.387000,418.6303790840143,14
2024-09-16 09:30:54.390000,418.62643299187977,1001
2024-09-16 09:30:54.418000,418.6429337483044,98
2024-09-16 09:30:54.493000,418.66432878922245,1004
2024-09-16 09:30:54.497000,418.63147286438345,6
2024-09-16 09:30:54.589000,418.6299384615882,8
2024-09-16 09:30:54.608000,418.60948230892205,14
2024-09-16 09:30:54.675000,418.6267698677616,96
2024-09-16 09:30:54.688000,418.6102165205814,104
2024-09-16 09:30:54.758000,418.6405239136127,1000
2024-09-16 09:30:54.856000,418.6427109509777,1001
2024-09-16 09:30:54.870000,418.6243148029442,95
2024-09-16 09:30:54.887000,418.6183637705117,996
2024-09-16 09:30:55.170000,418.603987425585,100
2024-09-16 09:30:55.277000,418.61760594637,96
2024-09-16 09:30:56.178000,418.5745727484776,15
2024-09-16 09:30:56.377000,418.6122837096644,14
2024-09-16 09:30:56.495000,418.5944821215262,7
2024-09-16 09:30:56.688000,418.5884351750579,5
2024-09-16 09:30:57.017000,418.6214525048597,995
2024-09-16 09:30:57.031000,418.5956728005485,995
2024-09-16 09:30:57.055000,418.56749726266537,7
2024-09-16 09:30:57.073000,418.5419871409636,98
2024-09-16 09:30:57.108000,418.5997201331708,96
2024-09-16 09:30:57.131000,418.5792232270001,997
2024-09-16 09:30:57.277000,418.60760886418126,97
2024-09-16 09:30:57.299000,418.6089699842752,10
2024-09-16 09:30:57.334000,418.5985648175243,1001
2024-09-16 09:30:57.375000,418.59616788957777,6
2024-09-16 09:30:57.441000,418.5719077934713,102
2024-09-16 09:30:57.491000,418.56286399609616,995
2024-09-16 09:30:57.493000,418.6045065017612,998
2024-09-16 09:30:57.520000,418.5560635483816,14
2024-09-16 09:30:57.600000,418.5845719802009,95
2024-09-16 09:30:57.739000,418.5475865959971,95
2024-09-16 09:30:57.888000,418.5885729533274,96
2024-09-16 09:30:58.041000,418.5359841878518,1003
2024-09-16 09:30:58.237000,418.5556187215223,12
2024-09-16 09:30:58.249000,418.564845036053,14
2024-09-16 09:30:58.355000,418.57145819105847,997
2024-09-16 09:30:58.805000,418.57175521910415,1003
2024-09-16 09:30:58.996000,418.54363549391513,13
2024-09-16 09:30:59.037000,418.5508141593705,100
2024-09-16 09:30:59.089000,418.5671106409601,1000
2024-09-16 09:30:59.126000,418.594245352623,104
2024-09-16 09:30:59.190000,418.5836274267067,15
2024-09-16 09:30:59.230000,418.533724148245,999
2024-09-16 09:30:59.239000,418.5582238234635,101
2024-09-16 09:30:59.376000,418.5729452103381,998
2024-09-16 09:30:59.380000,418.57720544570697,12
2024-09-16 09:30:59.403000,418.5767276204716,9
2024-09-16 09:30:59.442000,418.563589704748,101
2024-09-16 09:30:59.574000,418.5525491988504,10
2024-09-16 09:30:59.644000,418.5787515562925,12
2024-09-16 09:30:59.681000,418.5562185963272,10
2024-09-16 09:30:59.788000,418.604670820428,97
2024-09-16 09:30:59.797000,418.5757695999354,10
2024-09-16 09:30:59.827000,418.5857350025024,998
2024-09-16 09:30:59.878000,418.5827285137776,99
2024-09-16 09:30:59.885000,418.5595541743101,12
2024-09-16 09:30:59.891000,418.59354039447,97
2024-09-16 09:30:59.902000,418.5554196206344,8
