Timestamp,Price,Size
2024-09-17 12:56:00.018000,406.6792876708729,10
2024-09-17 12:56:00.202000,406.6937589496136,98
2024-09-17 12:56:00.540000,406.6767163299384,5
2024-09-17 12:56:00.616000,406.681963085371,998
2024-09-17 12:56:00.671000,406.6771855026231,7
2024-09-17 12:56:00.689000,406.6915101347099,98
2024-09-17 12:56:00.912000,406.66681326848885,100
2024-09-17 12:56:01.077000,406.6499244465181,999
2024-09-17 12:56:01.077000,406.6418434247453,1001
2024-09-17 12:56:01.186000,406.6033588447504,99
2024-09-17 12:56:01.215000,406.6187022269357,8
2024-09-17 12:56:01.420000,406.6190703242444,7
2024-09-17 12:56:01.454000,406.6616905516333,95
2024-09-17 12:56:01.490000,406.62487291875823,7
2024-09-17 12:56:01.512000,406.61107856929874,103
2024-09-17 12:56:01.513000,406.6027547761195,95
2024-09-17 12:56:01.544000,406.61910104642,12
2024-09-17 12:56:01.596000,406.6426155002486,104
2024-09-17 12:56:01.657000,406.6438355665533,13
2024-09-17 12:56:01.688000,406.6008548972008,12
2024-09-17 12:56:01.835000,406.639759990662,995
2024-09-17 12:56:01.871000,406.6246326910205,1004
2024-09-17 12:56:01.875000,406.6524378241264,103
2024-09-17 12:56:01.953000,406.62804344281096,1003
2024-09-17 12:56:01.955000,406.6807834594388,96
2024-09-17 12:56:02.009000,406.62941671438,103
2024-09-17 12:56:02.249000,406.6129142983719,11
2024-09-17 12:56:02.323000,406.6377588263575,95
2024-09-17 12:56:02.485000,406.6472317964853,104
2024-09-17 12:56:02.531000,406.6532232579656,998
2024-09-17 12:56:02.579000,406.6381976861447,999
2024-09-17 12:56:02.772000,406.6331870860573,997
2024-09-17 12:56:02.840000,406.6421665695104,10
2024-09-17 12:56:02.936000,406.65276147148506,97
2024-09-17 12:56:02.975000,406.6247281273215,12
2024-09-17 12:56:03.075000,406.6615526238376,6
2024-09-17 12:56:03.131000,406.6770194728863,97
2024-09-17 12:56:03.166000,406.6692656743043,104
2024-09-17 12:56:03.294000,406.66508430632814,95
2024-09-17 12:56:03.330000,406.66256047886594,8
2024-09-17 12:56:03.369000,406.651959049076,1000
2024-09-17 12:56:03.435000,406.6608672680699,1002
2024-09-17 12:56:03.500000,406.68910205970127,102
2024-09-17 12:56:03.515000,406.6641654360912,7
2024-09-17 12:56:03.628000,406.6627526563972,7
2024-09-17 12:56:03.653000,406.6558392402303,7
2024-09-17 12:56:03.857000,406.64839243673214,105
2024-09-17 12:56:03.923000,406.6854102681716,97
2024-09-17 12:56:03.989000,406.6493309067943,13
2024-09-17 12:56:04.718000,406.665950712434,1005
2024-09-17 12:56:04.755000,406.6694172593676,13
2024-09-17 12:56:05.047000,406.62467175561534,11
2024-09-17 12:56:05.131000,406.6735185230063,15
2024-09-17 12:56:05.213000,406.6625230206345,1005
2024-09-17 12:56:05.247000,406.6032074310472,5
2024-09-17 12:56:05.266000,406.6551902276572,1003
2024-09-17 12:56:05.367000,406.5918408735043,100
2024-09-17 12:56:05.418000,406.6468922628896,1005
2024-09-17 12:56:05.431000,406.650902690296,104
2024-09-17 12:56:05.471000,406.6146515785726,99
2024-09-17 12:56:05.475000,406.6192988768029,999
2024-09-17 12:56:05.492000,406.6488697229711,997
2024-09-17 12:56:05.516000,406.6236781890137,1005
2024-09-17 12:56:05.549000,406.597451701478,95
2024-09-17 12:56:05.580000,406.6592724158797,998
2024-09-17 12:56:05.632000,406.6097795502174,12
2024-09-17 12:56:05.662000,406.6348682720206,1004
2024-09-17 12:56:05.683000,406.61834266355055,10
2024-09-17 12:56:05.751000,406.6155606871869,13
2024-09-17 12:56:05.873000,406.599178691113,105
2024-09-17 12:56:05.890000,406.5979517742728,1005
2024-09-17 12:56:05.940000,406.67091963272856,10
2024-09-17 12:56:06.032000,406.5799026944622,1004
2024-09-17 12:56:06.043000,406.59987860485234,1002
2024-09-17 12:56:06.079000,406.6142310239894,1000
2024-09-17 12:56:06.128000,406.5973780878721,8
2024-09-17 12:56:06.131000,406.6082302463525,995
2024-09-17 12:56:06.151000,406.5907629299331,6
2024-09-17 12:56:06.167000,406.5803621938057,1002
2024-09-17 12:56:06.246000,406.5963034514816,1002
2024-09-17 12:56:06.259000,406.5879023516955,7
2024-09-17 12:56:06.494000,406.6057581626338,14
2024-09-17 12:56:06.518000,406.6172768645382,8
2024-09-17 12:56:06.612000,406.6052128267871,98
2024-09-17 12:56:06.683000,406.5910204789933,15
2024-09-17 12:56:06.728000,406.6095619181257,9
2024-09-17 12:56:06.733000,406.6124767193828,996
2024-09-17 12:56:06.844000,406.6253828152917,9
2024-09-17 12:56:06.870000,406.6259928988066,8
2024-09-17 12:56:06.900000,406.60992929512594,100
2024-09-17 12:56:06.940000,406.62115856898,12
2024-09-17 12:56:07.004000,406.61342057552827,998
2024-09-17 12:56:07.045000,406.6499963004223,7
2024-09-17 12:56:07.096000,406.6435196712108,95
2024-09-17 12:56:07.144000,406.6356371581128,99
2024-09-17 12:56:07.355000,406.62062979988985,14
2024-09-17 12:56:07.360000,406.63113915788114,5
2024-09-17 12:56:07.582000,406.6110418168152,11
2024-09-17 12:56:07.671000,406.6394951154769,15
2024-09-17 12:56:07.690000,406.6221613304992,11
2024-09-17 12:56:07.722000,406.6365987199409,998
2024-09-17 12:56:07.766000,406.62544840350125,96
2024-09-17 12:56:07.921000,406.60980427401046,102
2024-09-17 12:56:08.080000,406.6635154353192,15
2024-09-17 12:56:08.109000,406.6009754504676,1004
2024-09-17 12:56:08.116000,406.6587783726936,999
2024-09-17 12:56:08.137000,406.6472908783816,1000
2024-09-17 12:56:08.145000,406.6666451973245,14
2024-09-17 12:56:08.256000,406.67108154539216,14
2024-09-17 12:56:08.297000,406.6850547628781,15
2024-09-17 12:56:08.361000,406.6183686378926,996
2024-09-17 12:56:08.402000,406.6846811739316,998
2024-09-17 12:56:08.480000,406.6644360965348,14
2024-09-17 12:56:08.484000,406.65231063967246,1001
2024-09-17 12:56:08.579000,406.6290299380239,995
2024-09-17 12:56:08.593000,406.6164968250461,1000
2024-09-17 12:56:08.739000,406.61537259910654,97
2024-09-17 12:56:08.763000,406.6224010226311,103
2024-09-17 12:56:08.847000,406.6430834665213,999
2024-09-17 12:56:08.872000,406.6396339165252,9
2024-09-17 12:56:08.945000,406.6507124283367,95
2024-09-17 12:56:08.984000,406.64193579428303,10
2024-09-17 12:56:09.073000,406.66455632891257,14
2024-09-17 12:56:09.155000,406.66234881326216,996
2024-09-17 12:56:09.174000,406.640712868374,105
2024-09-17 12:56:09.209000,406.6611365887412,102
2024-09-17 12:56:09.256000,406.674499087674,1003
2024-09-17 12:56:09.268000,406.6733067663531,98
2024-09-17 12:56:09.318000,406.6871097232678,998
2024-09-17 12:56:09.385000,406.6750938499956,998
2024-09-17 12:56:09.404000,406.6732627349287,1004
2024-09-17 12:56:09.459000,406.6617252112414,997
2024-09-17 12:56:09.467000,406.666378881683,10
2024-09-17 12:56:09.554000,406.6450806632776,12
2024-09-17 12:56:09.568000,406.6744067307137,1001
2024-09-17 12:56:09.600000,406.6621503236243,8
2024-09-17 12:56:09.603000,406.66960378463307,1001
2024-09-17 12:56:09.663000,406.6683874761324,1000
2024-09-17 12:56:09.683000,406.6397767478792,11
2024-09-17 12:56:09.683000,406.6645341298684,11
2024-09-17 12:56:09.722000,406.6664780971345,15
2024-09-17 12:56:09.814000,406.663629652764,100
2024-09-17 12:56:09.896000,406.677149793044,1001
2024-09-17 12:56:09.918000,406.69273288736855,999
2024-09-17 12:56:09.983000,406.6822995051864,14
2024-09-17 12:56:09.997000,406.6556098514494,1002
2024-09-17 12:56:09.998000,406.6755434920721,1001
2024-09-17 12:56:10.016000,406.6037286869986,15
2024-09-17 12:56:10.052000,406.6139165814921,995
2024-09-17 12:56:10.096000,406.6089664963328,101
2024-09-17 12:56:10.194000,406.6369025692106,8
2024-09-17 12:56:10.198000,406.65449873532447,1000
2024-09-17 12:56:10.219000,406.6604830811424,99
2024-09-17 12:56:10.287000,406.6254486683112,995
2024-09-17 12:56:10.377000,406.62869118328456,105
2024-09-17 12:56:10.838000,406.6720358564721,99
2024-09-17 12:56:10.877000,406.6380335701301,1003
2024-09-17 12:56:10.977000,406.6747049213933,99
2024-09-17 12:56:10.979000,406.63327659084473,1000
2024-09-17 12:56:11.027000,406.621077719438,5
2024-09-17 12:56:12.186000,406.61577470686257,998
2024-09-17 12:56:12.350000,406.6419800625357,5
2024-09-17 12:56:12.900000,406.6414710860996,996
2024-09-17 12:56:12.956000,406.64006789839226,1003
2024-09-17 12:56:12.973000,406.6470468277478,999
2024-09-17 12:56:13.131000,406.6364676797331,12
2024-09-17 12:56:13.513000,406.6617478320278,999
2024-09-17 12:56:13.652000,406.64436170112265,97
2024-09-17 12:56:13.672000,406.66277155068417,101
2024-09-17 12:56:13.798000,406.65474085983567,102
2024-09-17 12:56:14.078000,406.629046910829,103
2024-09-17 12:56:14.180000,406.6443879632824,997
2024-09-17 12:56:14.230000,406.6190573460335,996
2024-09-17 12:56:14.299000,406.6325291350471,995
2024-09-17 12:56:14.527000,406.6390678443963,6
2024-09-17 12:56:14.732000,406.619437400236,103
2024-09-17 12:56:14.772000,406.6207397107467,13
2024-09-17 12:56:14.858000,406.6067030771843,14
2024-09-17 12:56:14.876000,406.623475494255,13
2024-09-17 12:56:14.901000,406.6186596043029,9
2024-09-17 12:56:14.903000,406.64540692517113,105
2024-09-17 12:56:15.064000,406.62310122348725,99
2024-09-17 12:56:15.514000,406.6401173312416,998
2024-09-17 12:56:15.640000,406.6074454219103,7
2024-09-17 12:56:16.131000,406.60994174639336,5
2024-09-17 12:56:16.210000,406.6499659776939,995
2024-09-17 12:56:16.411000,406.6504131837178,100
2024-09-17 12:56:16.982000,406.6525068114507,101
2024-09-17 12:56:17.058000,406.5994640669259,105
2024-09-17 12:56:17.166000,406.639774617322,97
2024-09-17 12:56:17.202000,406.5959082384818,997
2024-09-17 12:56:17.216000,406.62057129980246,5
2024-09-17 12:56:17.310000,406.6190940616515,9
2024-09-17 12:56:17.337000,406.5761124383356,98
2024-09-17 12:56:17.349000,406.6239932922836,1005
2024-09-17 12:56:17.360000,406.5875907553168,6
2024-09-17 12:56:17.360000,406.6427662538236,11
2024-09-17 12:56:17.374000,406.5749211496129,1003
2024-09-17 12:56:17.381000,406.633456953886,9
2024-09-17 12:56:17.410000,406.633976051807,99
2024-09-17 12:56:17.482000,406.6255378388692,104
2024-09-17 12:56:17.568000,406.6032172220421,10
2024-09-17 12:56:17.589000,406.6297921035799,96
2024-09-17 12:56:17.603000,406.57254692909294,102
2024-09-17 12:56:17.723000,406.5699151955904,104
2024-09-17 12:56:17.771000,406.61455112948187,96
2024-09-17 12:56:17.897000,406.58051955522393,12
2024-09-17 12:56:17.921000,406.5767060191072,98
2024-09-17 12:56:17.922000,406.64183236888624,12
2024-09-17 12:56:17.976000,406.65149122077474,8
2024-09-17 12:56:18.030000,406.5537368641348,96
2024-09-17 12:56:18.050000,406.5792851822476,14
2024-09-17 12:56:18.054000,406.5584340760082,98
2024-09-17 12:56:18.063000,406.59555277856606,97
2024-09-17 12:56:18.092000,406.5509826564577,11
2024-09-17 12:56:18.128000,406.5800885585636,105
2024-09-17 12:56:18.176000,406.5546350392963,102
2024-09-17 12:56:18.221000,406.5451342898877,8
2024-09-17 12:56:18.228000,406.5565526705311,1004
2024-09-17 12:56:18.251000,406.572192339017,1004
2024-09-17 12:56:18.259000,406.569350573714,105
2024-09-17 12:56:18.275000,406.6059134385236,9
2024-09-17 12:56:18.316000,406.5716481858014,103
2024-09-17 12:56:18.321000,406.5770912093688,1004
2024-09-17 12:56:18.324000,406.5907136482182,1002
2024-09-17 12:56:18.339000,406.6119770681629,1000
2024-09-17 12:56:18.407000,406.5731049005059,995
2024-09-17 12:56:18.425000,406.5674522803755,96
2024-09-17 12:56:18.475000,406.5750192160384,1004
2024-09-17 12:56:18.499000,406.5763179932702,101
2024-09-17 12:56:18.583000,406.5993204627573,10
2024-09-17 12:56:18.588000,406.5488858771096,10
2024-09-17 12:56:18.597000,406.5914985108486,1003
2024-09-17 12:56:18.600000,406.5455988416727,13
2024-09-17 12:56:18.636000,406.5448930525056,97
2024-09-17 12:56:18.637000,406.55824220653193,1003
2024-09-17 12:56:18.705000,406.5969645231182,995
2024-09-17 12:56:18.756000,406.57326437624585,1000
2024-09-17 12:56:18.973000,406.54108866183975,95
2024-09-17 12:56:19.041000,406.5494877151789,95
2024-09-17 12:56:19.184000,406.58493257621006,9
2024-09-17 12:56:19.721000,406.5701647590786,97
2024-09-17 12:56:19.742000,406.6125726386426,104
2024-09-17 12:56:19.794000,406.54566566209365,101
2024-09-17 12:56:19.807000,406.57514082982266,104
2024-09-17 12:56:19.964000,406.579260786568,9
2024-09-17 12:56:20.288000,406.5149366921429,1002
2024-09-17 12:56:20.398000,406.5454235401855,5
2024-09-17 12:56:20.796000,406.5394311855176,101
2024-09-17 12:56:20.801000,406.5207349569692,11
2024-09-17 12:56:20.983000,406.5172136647898,101
2024-09-17 12:56:21.052000,406.53884065135753,8
2024-09-17 12:56:21.199000,406.5304340805338,15
2024-09-17 12:56:21.238000,406.5204596025702,104
2024-09-17 12:56:21.270000,406.5380668655842,999
2024-09-17 12:56:21.378000,406.52421259638425,11
2024-09-17 12:56:21.426000,406.5620785603034,11
2024-09-17 12:56:21.497000,406.5124486997484,12
2024-09-17 12:56:21.550000,406.56450380901913,1001
2024-09-17 12:56:21.591000,406.5487363965428,5
2024-09-17 12:56:21.665000,406.53242766424006,1000
2024-09-17 12:56:21.666000,406.5390306435271,104
2024-09-17 12:56:21.748000,406.5263104982699,14
2024-09-17 12:56:21.751000,406.5423291629421,996
2024-09-17 12:56:21.796000,406.53401466418046,1002
2024-09-17 12:56:21.838000,406.550467887544,97
2024-09-17 12:56:21.908000,406.5410686410288,1000
2024-09-17 12:56:21.925000,406.5282396949775,1002
2024-09-17 12:56:21.951000,406.5181305652644,96
2024-09-17 12:56:21.996000,406.5335083275226,95
2024-09-17 12:56:22.027000,406.5940415680795,99
2024-09-17 12:56:22.034000,406.59787419021313,12
2024-09-17 12:56:22.056000,406.5854192229702,1002
2024-09-17 12:56:22.080000,406.5394232716193,8
2024-09-17 12:56:22.121000,406.5590815900684,14
2024-09-17 12:56:22.139000,406.59542164207136,1000
2024-09-17 12:56:22.173000,406.5615422474696,995
2024-09-17 12:56:22.249000,406.5352733913795,96
2024-09-17 12:56:22.252000,406.56786508074,999
2024-09-17 12:56:22.266000,406.5247862053582,997
2024-09-17 12:56:22.289000,406.55471490149074,96
2024-09-17 12:56:22.305000,406.5625456287728,101
2024-09-17 12:56:22.436000,406.5363635346001,999
2024-09-17 12:56:22.481000,406.5331999141599,104
2024-09-17 12:56:22.537000,406.59471527339326,9
2024-09-17 12:56:22.540000,406.5757447975061,95
2024-09-17 12:56:22.576000,406.56853836114425,998
2024-09-17 12:56:22.642000,406.5779693857948,100
2024-09-17 12:56:22.646000,406.56080624139,15
2024-09-17 12:56:22.660000,406.57451241304045,98
2024-09-17 12:56:22.852000,406.5539510143822,996
2024-09-17 12:56:22.865000,406.5355958587123,999
2024-09-17 12:56:22.870000,406.56657271656746,9
2024-09-17 12:56:22.925000,406.5597208157059,6
2024-09-17 12:56:22.947000,406.57263307550113,11
2024-09-17 12:56:22.980000,406.5758929794063,1005
2024-09-17 12:56:23.046000,406.5261118697882,100
2024-09-17 12:56:23.310000,406.4941697333059,105
2024-09-17 12:56:24.056000,406.5029875703432,1005
2024-09-17 12:56:24.073000,406.5109161340213,12
2024-09-17 12:56:24.090000,406.5415359050172,997
2024-09-17 12:56:24.126000,406.49417261553873,103
2024-09-17 12:56:24.181000,406.4986844698837,1001
2024-09-17 12:56:24.233000,406.5112093863912,7
2024-09-17 12:56:24.251000,406.5067373391221,9
2024-09-17 12:56:24.304000,406.4983519630578,998
2024-09-17 12:56:24.321000,406.521748911417,12
2024-09-17 12:56:24.366000,406.5096863651041,14
2024-09-17 12:56:24.474000,406.4976897133655,9
2024-09-17 12:56:24.478000,406.4978465413855,1004
2024-09-17 12:56:24.502000,406.5185622871033,15
2024-09-17 12:56:24.506000,406.48680789565526,8
2024-09-17 12:56:24.575000,406.5028135940913,96
2024-09-17 12:56:24.630000,406.5265880760916,996
2024-09-17 12:56:24.720000,406.5208532952255,999
2024-09-17 12:56:24.817000,406.5013663754829,99
2024-09-17 12:56:24.832000,406.5115903205698,1000
2024-09-17 12:56:24.864000,406.4974386858438,97
2024-09-17 12:56:24.963000,406.5013412281455,95
2024-09-17 12:56:24.982000,406.50607653138456,8
2024-09-17 12:56:25.091000,406.53229883586624,103
2024-09-17 12:56:25.512000,406.5264391404937,13
2024-09-17 12:56:25.791000,406.5448827169956,100
2024-09-17 12:56:25.858000,406.5437558501403,9
2024-09-17 12:56:25.867000,406.53757285622254,11
2024-09-17 12:56:25.988000,406.5546359849964,5
2024-09-17 12:56:26.057000,406.5753472045805,1004
2024-09-17 12:56:26.118000,406.5836941291735,995
2024-09-17 12:56:26.169000,406.53103478199296,99
2024-09-17 12:56:26.192000,406.56682167649655,104
2024-09-17 12:56:26.285000,406.55109231827583,10
2024-09-17 12:56:26.334000,406.584040393387,15
2024-09-17 12:56:26.356000,406.6080750500697,998
2024-09-17 12:56:26.416000,406.6151596147517,997
2024-09-17 12:56:26.471000,406.5824953981893,1002
2024-09-17 12:56:26.528000,406.6112555202268,999
2024-09-17 12:56:26.543000,406.6112615365936,100
2024-09-17 12:56:26.545000,406.60263941375325,101
2024-09-17 12:56:26.567000,406.55929949258456,103
2024-09-17 12:56:26.653000,406.6016314510321,1003
2024-09-17 12:56:26.711000,406.5790989402223,104
2024-09-17 12:56:26.902000,406.60774562289953,998
2024-09-17 12:56:26.912000,406.5620605620256,96
2024-09-17 12:56:27.009000,406.6525249255616,101
2024-09-17 12:56:27.143000,406.7179262034848,9
2024-09-17 12:56:27.149000,406.6262497277754,97
2024-09-17 12:56:27.154000,406.64679920135086,999
2024-09-17 12:56:27.206000,406.7186798195094,98
2024-09-17 12:56:27.207000,406.7078150502098,5
2024-09-17 12:56:27.264000,406.7155072325944,15
2024-09-17 12:56:27.287000,406.7109226647601,996
2024-09-17 12:56:27.288000,406.6858590199308,6
2024-09-17 12:56:27.363000,406.6130472001163,95
2024-09-17 12:56:27.441000,406.6827910340056,104
2024-09-17 12:56:27.507000,406.6483640769232,9
2024-09-17 12:56:27.598000,406.67725674938566,98
2024-09-17 12:56:27.627000,406.7060579142549,103
2024-09-17 12:56:27.711000,406.6166334558505,103
2024-09-17 12:56:27.713000,406.6979147572014,1001
2024-09-17 12:56:27.819000,406.72854001653775,1002
2024-09-17 12:56:27.871000,406.633649864388,998
2024-09-17 12:56:27.888000,406.612153798456,100
2024-09-17 12:56:27.915000,406.70954591639656,103
2024-09-17 12:56:28.047000,406.7156208059857,9
2024-09-17 12:56:28.471000,406.6927950584907,995
2024-09-17 12:56:28.654000,406.7283984601425,996
2024-09-17 12:56:28.718000,406.70894766812046,996
2024-09-17 12:56:28.788000,406.73843096364726,102
2024-09-17 12:56:28.820000,406.7268245726603,5
2024-09-17 12:56:28.857000,406.7010374089243,99
2024-09-17 12:56:28.868000,406.7002258640908,13
2024-09-17 12:56:28.963000,406.7199507051831,102
2024-09-17 12:56:29.010000,406.7242398538978,96
2024-09-17 12:56:29.011000,406.7492125757811,101
2024-09-17 12:56:29.053000,406.7583288162821,103
2024-09-17 12:56:29.088000,406.759123767432,97
2024-09-17 12:56:29.098000,406.7410778821263,102
2024-09-17 12:56:29.122000,406.71292940629695,14
2024-09-17 12:56:29.142000,406.723065823616,103
2024-09-17 12:56:29.380000,406.7432469995508,999
2024-09-17 12:56:29.388000,406.7569984047408,98
2024-09-17 12:56:29.537000,406.7509804352525,12
2024-09-17 12:56:29.564000,406.72342516454415,105
2024-09-17 12:56:29.724000,406.7819092283185,98
2024-09-17 12:56:29.821000,406.75824898326937,7
2024-09-17 12:56:29.851000,406.7077458125652,1001
2024-09-17 12:56:29.876000,406.73706224666455,12
2024-09-17 12:56:29.910000,406.7325197117564,7
2024-09-17 12:56:29.923000,406.69359859272095,999
2024-09-17 12:56:30.097000,406.6923363652657,15
2024-09-17 12:56:30.122000,406.6993173430428,99
2024-09-17 12:56:30.167000,406.664885172979,99
2024-09-17 12:56:30.235000,406.6983675019983,104
2024-09-17 12:56:30.456000,406.6682169182755,1004
2024-09-17 12:56:30.488000,406.6915157051188,998
2024-09-17 12:56:30.578000,406.6795701234674,96
2024-09-17 12:56:30.719000,406.6939667683498,101
2024-09-17 12:56:30.911000,406.6736697011004,1002
2024-09-17 12:56:31.008000,406.6750844716046,1004
2024-09-17 12:56:31.043000,406.6454292029004,98
2024-09-17 12:56:31.084000,406.7071401719499,1000
2024-09-17 12:56:31.090000,406.6885513357441,1003
2024-09-17 12:56:31.110000,406.64883326718143,12
2024-09-17 12:56:31.110000,406.68126646189785,1003
2024-09-17 12:56:31.154000,406.6963208604286,100
2024-09-17 12:56:31.195000,406.65703133849024,8
2024-09-17 12:56:31.258000,406.6967794364402,14
2024-09-17 12:56:31.262000,406.68234548339456,98
2024-09-17 12:56:31.309000,406.6845126845328,97
2024-09-17 12:56:31.319000,406.6990247186123,8
2024-09-17 12:56:31.331000,406.6859990068693,1003
2024-09-17 12:56:31.354000,406.6946593791903,101
2024-09-17 12:56:31.379000,406.6583695387424,100
2024-09-17 12:56:31.399000,406.67720440127454,105
2024-09-17 12:56:31.434000,406.6535746151778,13
2024-09-17 12:56:31.456000,406.6788960374989,104
2024-09-17 12:56:31.482000,406.67282340229593,1005
2024-09-17 12:56:31.684000,406.65240154399385,12
2024-09-17 12:56:31.800000,406.6605801810607,1001
2024-09-17 12:56:31.816000,406.7073105873015,997
2024-09-17 12:56:31.871000,406.7155554266339,8
2024-09-17 12:56:31.969000,406.6851550204879,11
2024-09-17 12:56:31.985000,406.69077819348473,1001
2024-09-17 12:56:32.008000,406.7051842360404,997
2024-09-17 12:56:32.118000,406.7387211631183,998
2024-09-17 12:56:32.182000,406.7129835928527,14
2024-09-17 12:56:32.237000,406.75693672652375,11
2024-09-17 12:56:32.263000,406.67454763632526,11
2024-09-17 12:56:32.348000,406.7287207886832,995
2024-09-17 12:56:32.381000,406.7547050156129,1004
2024-09-17 12:56:32.404000,406.71093598517047,1003
2024-09-17 12:56:32.417000,406.78848848844206,101
2024-09-17 12:56:32.459000,406.6750713898905,8
2024-09-17 12:56:32.520000,406.7498039353949,1002
2024-09-17 12:56:32.552000,406.7547515764599,14
2024-09-17 12:56:32.566000,406.76617347868415,8
2024-09-17 12:56:32.571000,406.72949026303377,102
2024-09-17 12:56:32.572000,406.6929451847327,1001
2024-09-17 12:56:32.584000,406.7105857449879,102
2024-09-17 12:56:32.588000,406.6778127304428,997
2024-09-17 12:56:32.598000,406.7424196169138,995
2024-09-17 12:56:32.613000,406.7132918474099,5
2024-09-17 12:56:32.660000,406.66822524780633,99
2024-09-17 12:56:32.707000,406.7083754209298,997
2024-09-17 12:56:32.751000,406.7142306267656,995
2024-09-17 12:56:32.775000,406.779643725859,100
2024-09-17 12:56:32.898000,406.70791479599535,1001
2024-09-17 12:56:32.925000,406.710395915386,1005
2024-09-17 12:56:32.932000,406.69251130629146,11
2024-09-17 12:56:33.133000,406.7902788732414,1003
2024-09-17 12:56:33.154000,406.7912839129661,7
2024-09-17 12:56:33.262000,406.7613720705725,1004
2024-09-17 12:56:33.263000,406.77816347019575,7
2024-09-17 12:56:33.274000,406.8097042122839,11
2024-09-17 12:56:33.319000,406.76829451776575,1001
2024-09-17 12:56:33.468000,406.74134653876257,99
2024-09-17 12:56:33.518000,406.7751713118397,105
2024-09-17 12:56:33.528000,406.8096473251177,97
2024-09-17 12:56:33.598000,406.79305323190704,13
2024-09-17 12:56:33.694000,406.7715008514582,5
2024-09-17 12:56:33.764000,406.7935695469954,996
2024-09-17 12:56:33.768000,406.7965728292359,96
2024-09-17 12:56:33.832000,406.7637998652671,1004
2024-09-17 12:56:33.832000,406.779325297387,101
2024-09-17 12:56:33.874000,406.76713294720383,1005
2024-09-17 12:56:33.912000,406.7634076533348,13
2024-09-17 12:56:33.929000,406.8050702016415,14
2024-09-17 12:56:34.190000,406.7607555219675,5
2024-09-17 12:56:34.199000,406.7723385014393,105
2024-09-17 12:56:34.234000,406.7317174139864,100
2024-09-17 12:56:34.392000,406.78365831700825,12
2024-09-17 12:56:34.468000,406.7529577075362,997
2024-09-17 12:56:34.512000,406.7401881916367,1003
2024-09-17 12:56:34.532000,406.764896713612,12
2024-09-17 12:56:34.802000,406.73182036516846,104
2024-09-17 12:56:34.825000,406.739264877912,105
2024-09-17 12:56:34.849000,406.7419203691897,7
2024-09-17 12:56:34.993000,406.7484076251727,998
2024-09-17 12:56:35.035000,406.7204040923105,9
2024-09-17 12:56:35.140000,406.74676633280376,997
2024-09-17 12:56:35.203000,406.7519509508969,8
2024-09-17 12:56:35.232000,406.7324023126273,7
2024-09-17 12:56:35.294000,406.71815271642936,96
2024-09-17 12:56:35.295000,406.78087461529634,1004
2024-09-17 12:56:35.351000,406.7098112661199,8
2024-09-17 12:56:35.374000,406.72794148943257,100
2024-09-17 12:56:35.375000,406.77364518495074,102
2024-09-17 12:56:35.383000,406.7743680133122,995
2024-09-17 12:56:35.394000,406.7074065723717,995
2024-09-17 12:56:35.409000,406.7440727446573,12
2024-09-17 12:56:35.445000,406.7696481628199,13
2024-09-17 12:56:35.733000,406.7500489715111,103
2024-09-17 12:56:35.745000,406.7321355293029,1003
2024-09-17 12:56:35.781000,406.7242253631551,1004
2024-09-17 12:56:35.841000,406.7322822516856,12
2024-09-17 12:56:35.904000,406.7333827152694,8
2024-09-17 12:56:35.937000,406.7722962042807,11
2024-09-17 12:56:36.048000,406.6766858544335,96
2024-09-17 12:56:36.072000,406.6728402487355,996
2024-09-17 12:56:36.083000,406.6959371528994,1000
2024-09-17 12:56:36.092000,406.6703321523918,96
2024-09-17 12:56:36.114000,406.6933844580995,1002
2024-09-17 12:56:36.141000,406.6740492879525,6
2024-09-17 12:56:36.150000,406.6644689455887,12
2024-09-17 12:56:36.171000,406.6769316110557,15
2024-09-17 12:56:36.271000,406.6809139536544,100
2024-09-17 12:56:36.283000,406.6579531417917,105
2024-09-17 12:56:36.293000,406.6911809663656,14
2024-09-17 12:56:36.338000,406.6863892824812,13
2024-09-17 12:56:36.446000,406.6885609984887,95
2024-09-17 12:56:36.465000,406.7252270992375,12
2024-09-17 12:56:36.478000,406.6753295265681,101
2024-09-17 12:56:36.492000,406.6594327058104,99
2024-09-17 12:56:36.503000,406.6571317638774,1003
2024-09-17 12:56:36.528000,406.6601405107464,999
2024-09-17 12:56:36.531000,406.6613429262537,1002
2024-09-17 12:56:36.545000,406.6740076044868,5
2024-09-17 12:56:36.609000,406.6694518722925,998
2024-09-17 12:56:36.821000,406.68053587537975,13
2024-09-17 12:56:36.956000,406.6678481345072,1000
2024-09-17 12:56:36.993000,406.6652145175379,104
2024-09-17 12:56:37.081000,406.64241130069774,998
2024-09-17 12:56:37.119000,406.6383621970763,104
2024-09-17 12:56:37.164000,406.6471580673075,10
2024-09-17 12:56:37.173000,406.6229091291641,8
2024-09-17 12:56:37.241000,406.6077045925725,5
2024-09-17 12:56:37.254000,406.62802079720507,15
2024-09-17 12:56:37.278000,406.6600795179522,996
2024-09-17 12:56:37.329000,406.6442857719293,12
2024-09-17 12:56:37.338000,406.62268516795257,97
2024-09-17 12:56:37.361000,406.62930200450114,1004
2024-09-17 12:56:37.520000,406.6383521022217,11
2024-09-17 12:56:37.550000,406.6813519219437,997
2024-09-17 12:56:37.570000,406.6150563042331,996
2024-09-17 12:56:37.631000,406.64515969041247,101
2024-09-17 12:56:37.633000,406.61890255555335,99
2024-09-17 12:56:37.634000,406.64960911658665,9
2024-09-17 12:56:37.686000,406.63575902557096,97
2024-09-17 12:56:37.715000,406.632865648974,996
2024-09-17 12:56:37.718000,406.62846107481977,1003
2024-09-17 12:56:37.746000,406.6410616134423,996
2024-09-17 12:56:37.762000,406.6443987031012,999
2024-09-17 12:56:37.765000,406.6323957242567,11
2024-09-17 12:56:37.808000,406.64816892717454,1004
2024-09-17 12:56:37.845000,406.655306019328,9
2024-09-17 12:56:37.861000,406.61280745459686,1005
2024-09-17 12:56:37.883000,406.6409823695291,104
2024-09-17 12:56:37.892000,406.62270059849504,97
2024-09-17 12:56:37.988000,406.6326352174767,12
2024-09-17 12:56:38.105000,406.65511649865374,11
2024-09-17 12:56:38.115000,406.6531587404491,6
2024-09-17 12:56:38.255000,406.6617198959179,998
2024-09-17 12:56:38.486000,406.6740056893151,1002
2024-09-17 12:56:38.556000,406.6655533719947,8
2024-09-17 12:56:38.917000,406.6599755410405,105
2024-09-17 12:56:38.980000,406.62052738239606,13
2024-09-17 12:56:39.037000,406.5968654409276,999
2024-09-17 12:56:39.166000,406.5714524771666,1004
2024-09-17 12:56:39.202000,406.5639176743129,999
2024-09-17 12:56:39.257000,406.5825019786592,5
2024-09-17 12:56:39.259000,406.5930379404956,8
2024-09-17 12:56:39.306000,406.578046145688,997
2024-09-17 12:56:39.363000,406.59108712892726,1005
2024-09-17 12:56:39.415000,406.5820850397282,99
2024-09-17 12:56:39.512000,406.58567573033423,7
2024-09-17 12:56:39.777000,406.5812826961982,105
2024-09-17 12:56:39.781000,406.5829205605639,104
2024-09-17 12:56:39.849000,406.5760441510423,13
2024-09-17 12:56:39.855000,406.5848336960841,1005
2024-09-17 12:56:39.873000,406.5713321187205,99
2024-09-17 12:56:39.900000,406.5707870202103,103
2024-09-17 12:56:39.930000,406.6058980864103,998
2024-09-17 12:56:39.960000,406.6074892048453,999
2024-09-17 12:56:40.052000,406.5567214881586,11
2024-09-17 12:56:40.060000,406.5776007084383,7
2024-09-17 12:56:40.084000,406.58379372752654,8
2024-09-17 12:56:40.085000,406.5755009884504,105
2024-09-17 12:56:40.086000,406.5790124328741,999
2024-09-17 12:56:40.131000,406.57290850202185,999
2024-09-17 12:56:40.166000,406.5859831210685,996
2024-09-17 12:56:40.181000,406.543416773671,12
2024-09-17 12:56:40.204000,406.5779586529417,12
2024-09-17 12:56:40.368000,406.57078088701945,998
2024-09-17 12:56:40.420000,406.59056000734176,95
2024-09-17 12:56:40.437000,406.5776752078541,1003
2024-09-17 12:56:40.482000,406.58333879509263,1002
2024-09-17 12:56:40.593000,406.59053384209926,1002
2024-09-17 12:56:40.652000,406.59434723464346,997
2024-09-17 12:56:40.775000,406.5668783921489,998
2024-09-17 12:56:40.862000,406.5842126542468,10
2024-09-17 12:56:40.885000,406.5658556757027,6
2024-09-17 12:56:40.935000,406.5664591570628,8
2024-09-17 12:56:41.059000,406.5902071456594,1003
2024-09-17 12:56:41.195000,406.5991484922229,5
2024-09-17 12:56:41.314000,406.5894275876782,101
2024-09-17 12:56:41.356000,406.59557359292165,12
2024-09-17 12:56:41.418000,406.58745755829096,1001
2024-09-17 12:56:41.425000,406.6762543018625,1000
2024-09-17 12:56:41.432000,406.5998653060868,101
2024-09-17 12:56:41.488000,406.614465168938,997
2024-09-17 12:56:41.560000,406.5905884428032,104
2024-09-17 12:56:41.582000,406.67537644349096,96
2024-09-17 12:56:41.663000,406.6673024444692,8
2024-09-17 12:56:41.732000,406.61416535177386,8
2024-09-17 12:56:41.735000,406.6263156529676,15
2024-09-17 12:56:41.956000,406.5683785432472,96
2024-09-17 12:56:41.972000,406.57496266927495,101
2024-09-17 12:56:42.022000,406.6538499826492,101
2024-09-17 12:56:42.066000,406.6548125315805,97
2024-09-17 12:56:42.136000,406.684179630703,995
2024-09-17 12:56:42.303000,406.6868631444535,105
2024-09-17 12:56:42.308000,406.6603973814201,15
2024-09-17 12:56:42.395000,406.6814116821757,997
2024-09-17 12:56:42.398000,406.647936529842,998
2024-09-17 12:56:42.447000,406.6911372965936,100
2024-09-17 12:56:42.456000,406.6678897473112,1003
2024-09-17 12:56:42.489000,406.6621647455544,10
2024-09-17 12:56:42.552000,406.6816015596099,995
2024-09-17 12:56:42.562000,406.7022205626629,101
2024-09-17 12:56:42.574000,406.6654612795591,1005
2024-09-17 12:56:42.591000,406.70245101015377,95
2024-09-17 12:56:42.611000,406.681897813674,100
2024-09-17 12:56:42.619000,406.6707063053933,996
2024-09-17 12:56:42.674000,406.6957534011088,1004
2024-09-17 12:56:42.683000,406.6544334300895,5
2024-09-17 12:56:42.733000,406.6903213170452,1001
2024-09-17 12:56:42.750000,406.68669345153154,5
2024-09-17 12:56:42.760000,406.6637147191886,13
2024-09-17 12:56:42.821000,406.7013786866584,1005
2024-09-17 12:56:42.823000,406.6421065009365,6
2024-09-17 12:56:42.883000,406.65735879732,14
2024-09-17 12:56:42.908000,406.6998930977432,1000
2024-09-17 12:56:42.932000,406.6489982721564,15
2024-09-17 12:56:43.055000,406.63259600768606,7
2024-09-17 12:56:43.126000,406.68039694801325,9
2024-09-17 12:56:43.167000,406.6392771678543,8
2024-09-17 12:56:43.258000,406.6228803994508,105
2024-09-17 12:56:43.301000,406.651603028562,996
2024-09-17 12:56:43.315000,406.6887664034014,104
2024-09-17 12:56:43.347000,406.6767524676648,999
2024-09-17 12:56:43.390000,406.6623706278982,12
2024-09-17 12:56:43.394000,406.67217405573086,997
2024-09-17 12:56:43.421000,406.6409884246102,12
2024-09-17 12:56:43.538000,406.6631409884694,1003
2024-09-17 12:56:43.613000,406.6310923185454,99
2024-09-17 12:56:43.679000,406.6521779566245,1000
2024-09-17 12:56:43.698000,406.672163268683,13
2024-09-17 12:56:43.706000,406.6370772016809,996
2024-09-17 12:56:43.739000,406.6317762792529,1000
2024-09-17 12:56:43.752000,406.6589175598081,10
2024-09-17 12:56:43.877000,406.6886304234634,1002
2024-09-17 12:56:43.928000,406.64816657251055,995
2024-09-17 12:56:43.950000,406.62997777614686,98
2024-09-17 12:56:44.016000,406.7342355829815,101
2024-09-17 12:56:44.046000,406.73607622144806,96
2024-09-17 12:56:44.128000,406.73414929677153,7
2024-09-17 12:56:44.132000,406.734016034774,1000
2024-09-17 12:56:44.134000,406.7363066278634,1003
2024-09-17 12:56:44.185000,406.7457836192081,96
2024-09-17 12:56:44.206000,406.6970093913042,98
2024-09-17 12:56:44.449000,406.7312313431758,996
2024-09-17 12:56:44.526000,406.75036606121176,995
2024-09-17 12:56:44.545000,406.7130871900409,996
2024-09-17 12:56:44.548000,406.75927323248567,5
2024-09-17 12:56:44.631000,406.73022871712936,15
2024-09-17 12:56:44.694000,406.7286794468642,1002
2024-09-17 12:56:44.814000,406.68675007140143,997
2024-09-17 12:56:44.818000,406.7316857518724,14
2024-09-17 12:56:44.831000,406.72164788857066,998
2024-09-17 12:56:44.878000,406.7059572359603,5
2024-09-17 12:56:45.398000,406.76469742125136,997
2024-09-17 12:56:45.636000,406.7743006192289,11
2024-09-17 12:56:45.692000,406.7358346187778,11
2024-09-17 12:56:45.761000,406.7276099842896,5
2024-09-17 12:56:45.768000,406.7725944183002,99
2024-09-17 12:56:45.937000,406.7379735923036,9
2024-09-17 12:56:45.975000,406.75125739898766,1001
2024-09-17 12:56:45.994000,406.7636208260199,105
2024-09-17 12:56:46.271000,406.7734369985666,104
2024-09-17 12:56:46.438000,406.76696954678414,5
2024-09-17 12:56:46.942000,406.7545443960337,105
2024-09-17 12:56:47.099000,406.732537464717,6
2024-09-17 12:56:47.245000,406.74324926311726,102
2024-09-17 12:56:47.278000,406.7234007958453,11
2024-09-17 12:56:47.298000,406.716565500008,96
2024-09-17 12:56:47.775000,406.7311935525277,13
2024-09-17 12:56:47.846000,406.7559411868477,102
2024-09-17 12:56:47.977000,406.7714855642065,11
2024-09-17 12:56:48.021000,406.6549688090042,999
2024-09-17 12:56:48.066000,406.6681898767354,102
2024-09-17 12:56:48.160000,406.639465075704,98
2024-09-17 12:56:48.209000,406.7102210958931,12
2024-09-17 12:56:48.268000,406.5908862815397,95
2024-09-17 12:56:48.302000,406.61070892571126,995
2024-09-17 12:56:48.306000,406.7114599535555,9
2024-09-17 12:56:48.339000,406.68239894805015,104
2024-09-17 12:56:48.379000,406.6917939211901,997
2024-09-17 12:56:48.478000,406.5993472219535,99
2024-09-17 12:56:48.487000,406.7123381323208,7
2024-09-17 12:56:48.493000,406.637472116928,98
2024-09-17 12:56:48.568000,406.6824151589147,1002
2024-09-17 12:56:48.632000,406.6012745456793,105
2024-09-17 12:56:48.636000,406.6915745685908,1002
2024-09-17 12:56:48.644000,406.6861293195818,6
2024-09-17 12:56:48.673000,406.71745535124,1005
2024-09-17 12:56:48.682000,406.6143757502636,98
2024-09-17 12:56:48.692000,406.6140038254626,997
2024-09-17 12:56:48.696000,406.6154943663766,1005
2024-09-17 12:56:48.744000,406.6998112485892,95
2024-09-17 12:56:48.856000,406.60392485578143,95
2024-09-17 12:56:48.908000,406.628809372583,7
2024-09-17 12:56:49.570000,406.6036730553087,11
2024-09-17 12:56:50.135000,406.6105083772593,15
2024-09-17 12:56:50.399000,406.60552285312656,5
2024-09-17 12:56:50.595000,406.6408757513938,6
2024-09-17 12:56:50.720000,406.6293613709527,10
2024-09-17 12:56:50.844000,406.6316473490236,99
2024-09-17 12:56:50.869000,406.6417227605075,9
2024-09-17 12:56:50.944000,406.6328368935436,1000
2024-09-17 12:56:51.002000,406.6453532469777,97
2024-09-17 12:56:51.089000,406.638590811584,998
2024-09-17 12:56:51.266000,406.6559952496549,5
2024-09-17 12:56:51.275000,406.6248943474616,98
2024-09-17 12:56:51.478000,406.6621016505712,996
2024-09-17 12:56:51.508000,406.68632029019176,96
2024-09-17 12:56:51.706000,406.6648457561976,5
2024-09-17 12:56:51.903000,406.62399990084793,1001
2024-09-17 12:56:52.092000,406.6734049862716,100
2024-09-17 12:56:52.120000,406.6794936241323,7
2024-09-17 12:56:52.215000,406.667926580809,14
2024-09-17 12:56:52.233000,406.6799867805408,11
2024-09-17 12:56:52.261000,406.694467143039,100
2024-09-17 12:56:52.276000,406.6894503461182,995
2024-09-17 12:56:52.300000,406.66147796885184,13
2024-09-17 12:56:52.366000,406.68790539635785,97
2024-09-17 12:56:52.388000,406.70216095388434,15
2024-09-17 12:56:52.497000,406.6850441647497,95
2024-09-17 12:56:52.592000,406.6816090728266,7
2024-09-17 12:56:52.600000,406.6612663837071,13
2024-09-17 12:56:52.610000,406.67343405587536,100
2024-09-17 12:56:52.662000,406.68890976185054,95
2024-09-17 12:56:52.687000,406.6948053161494,12
2024-09-17 12:56:52.736000,406.68294007448543,995
2024-09-17 12:56:52.768000,406.6816893256592,1005
2024-09-17 12:56:53.020000,406.6706288455833,10
2024-09-17 12:56:53.060000,406.6709184140015,1004
2024-09-17 12:56:53.144000,406.6734737003732,105
2024-09-17 12:56:53.153000,406.7029781226325,98
2024-09-17 12:56:53.395000,406.6748721284403,1001
2024-09-17 12:56:53.557000,406.7104709041177,10
2024-09-17 12:56:53.613000,406.6990909465373,96
2024-09-17 12:56:53.621000,406.7024073431113,104
2024-09-17 12:56:53.622000,406.7020483476618,7
2024-09-17 12:56:53.788000,406.6973140923188,1002
2024-09-17 12:56:54.006000,406.6505669449264,5
2024-09-17 12:56:54.127000,406.644800673632,103
2024-09-17 12:56:54.238000,406.6367550009509,998
2024-09-17 12:56:54.246000,406.65210464554696,105
2024-09-17 12:56:54.291000,406.6350625396644,1004
2024-09-17 12:56:54.335000,406.63544070539416,15
2024-09-17 12:56:54.399000,406.63466627563184,1002
2024-09-17 12:56:54.422000,406.6552496705543,11
2024-09-17 12:56:54.494000,406.6346590721412,8
2024-09-17 12:56:54.618000,406.63814572103456,5
2024-09-17 12:56:54.913000,406.6403844289077,995
2024-09-17 12:56:54.924000,406.6301101403744,99
2024-09-17 12:56:55.243000,406.6153961990005,8
2024-09-17 12:56:55.408000,406.5921418678944,14
2024-09-17 12:56:55.495000,406.5961368103052,14
2024-09-17 12:56:55.762000,406.5845641367723,99
2024-09-17 12:56:55.997000,406.5969988347635,1001
2024-09-17 12:56:56.025000,406.6059626422294,14
2024-09-17 12:56:56.163000,406.6012006945431,104
2024-09-17 12:56:56.317000,406.6074335842716,10
2024-09-17 12:56:56.390000,406.5743254119293,11
2024-09-17 12:56:56.492000,406.5711746492645,8
2024-09-17 12:56:56.843000,406.5925378029853,15
2024-09-17 12:56:56.973000,406.58445454340136,99
2024-09-17 12:56:56.978000,406.5829688489166,8
2024-09-17 12:56:57.061000,406.5525244115304,1001
2024-09-17 12:56:57.136000,406.5403838969476,1000
2024-09-17 12:56:57.147000,406.5641143650376,7
2024-09-17 12:56:57.176000,406.55454323997833,1000
2024-09-17 12:56:57.231000,406.55467584099785,5
2024-09-17 12:56:57.289000,406.54792033163136,1001
2024-09-17 12:56:57.309000,406.5657852122022,999
2024-09-17 12:56:57.539000,406.54522224709,10
2024-09-17 12:56:57.623000,406.5581582974094,1001
2024-09-17 12:56:57.648000,406.5476229070517,96
2024-09-17 12:56:57.760000,406.5541504414026,999
2024-09-17 12:56:57.826000,406.5515727063122,100
2024-09-17 12:56:57.955000,406.5810662798302,105
2024-09-17 12:56:58.357000,406.57427505726736,1000
2024-09-17 12:56:58.530000,406.5591559863552,997
2024-09-17 12:56:58.847000,406.56215522921445,102
2024-09-17 12:56:59.404000,406.5800935117514,997
