Timestamp,Price,Size
2024-09-18 15:05:00.186000,414.659668107924,105
2024-09-18 15:05:00.191000,414.6844007281925,15
2024-09-18 15:05:00.283000,414.6747030096519,105
2024-09-18 15:05:00.285000,414.67667510503054,1002
2024-09-18 15:05:00.330000,414.6864665092463,14
2024-09-18 15:05:00.400000,414.664139783733,98
2024-09-18 15:05:00.465000,414.6250012413028,12
2024-09-18 15:05:00.643000,414.6581229861977,100
2024-09-18 15:05:00.741000,414.6348507751418,13
2024-09-18 15:05:00.904000,414.667475229606,95
2024-09-18 15:05:00.950000,414.636778398116,10
2024-09-18 15:05:01.016000,414.73505872365786,10
2024-09-18 15:05:01.108000,414.70471450550895,100
2024-09-18 15:05:01.120000,414.7546075498431,9
2024-09-18 15:05:01.411000,414.6821419860409,9
2024-09-18 15:05:01.439000,414.76546411816673,1005
2024-09-18 15:05:01.449000,414.6954822656188,14
2024-09-18 15:05:01.981000,414.6740046086224,1004
2024-09-18 15:05:02.068000,414.77618074407184,14
2024-09-18 15:05:02.115000,414.78845833917313,9
2024-09-18 15:05:02.163000,414.80505346152034,1002
2024-09-18 15:05:02.166000,414.77543055359337,12
2024-09-18 15:05:02.177000,414.7805581842757,995
2024-09-18 15:05:02.272000,414.7736895021917,10
2024-09-18 15:05:02.310000,414.7725017316627,998
2024-09-18 15:05:02.357000,414.7831374536401,95
2024-09-18 15:05:02.450000,414.7918988117551,1001
2024-09-18 15:05:02.484000,414.7908330104709,15
2024-09-18 15:05:02.504000,414.77609376064,13
2024-09-18 15:05:02.629000,414.7657213182672,10
2024-09-18 15:05:02.783000,414.78796301113175,101
2024-09-18 15:05:02.784000,414.7671802373051,998
2024-09-18 15:05:02.795000,414.7816399456644,7
2024-09-18 15:05:02.840000,414.78838991965824,14
2024-09-18 15:05:02.968000,414.80048376189205,999
2024-09-18 15:05:03.010000,414.6824311672027,1000
2024-09-18 15:05:03.084000,414.7017627542792,104
2024-09-18 15:05:03.089000,414.7475587355715,103
2024-09-18 15:05:03.254000,414.74383620335817,1003
2024-09-18 15:05:03.255000,414.7142459065123,1001
2024-09-18 15:05:03.393000,414.75833953690073,100
2024-09-18 15:05:03.396000,414.714144605484,97
2024-09-18 15:05:03.397000,414.7084602199238,1005
2024-09-18 15:05:03.467000,414.724761264829,5
2024-09-18 15:05:03.474000,414.7180370290771,6
2024-09-18 15:05:03.479000,414.7186908252347,7
2024-09-18 15:05:03.490000,414.74895725625,7
2024-09-18 15:05:03.581000,414.7177452393946,105
2024-09-18 15:05:03.600000,414.70884493247326,1005
2024-09-18 15:05:03.624000,414.7174433790468,103
2024-09-18 15:05:03.651000,414.74416758125847,97
2024-09-18 15:05:03.667000,414.7104345743178,9
2024-09-18 15:05:03.716000,414.695441865436,1001
2024-09-18 15:05:03.744000,414.6895054434108,1003
2024-09-18 15:05:03.778000,414.75826441551146,12
2024-09-18 15:05:03.789000,414.7338471361437,101
2024-09-18 15:05:03.793000,414.74582058249086,1001
2024-09-18 15:05:03.822000,414.7467795248753,105
2024-09-18 15:05:03.953000,414.7191952481045,996
2024-09-18 15:05:04.345000,407.3011800257602,1005
2024-09-18 15:05:04.594000,414.7475720306877,13
2024-09-18 15:05:05.113000,414.7778695991578,96
2024-09-18 15:05:05.114000,414.779476073323,96
2024-09-18 15:05:05.195000,414.8546212494064,98
2024-09-18 15:05:05.269000,414.8178870974282,104
2024-09-18 15:05:05.315000,414.84246075891593,97
2024-09-18 15:05:05.453000,414.8205842527655,1005
2024-09-18 15:05:05.471000,414.79054871234223,995
2024-09-18 15:05:05.603000,414.8511408895662,11
2024-09-18 15:05:05.609000,414.82989394774967,105
2024-09-18 15:05:05.661000,414.8379113564398,1005
2024-09-18 15:05:05.679000,414.8177103161074,1004
2024-09-18 15:05:05.764000,414.8244290123187,995
2024-09-18 15:05:05.797000,414.7721000650761,96
2024-09-18 15:05:05.833000,414.80469251777873,1004
2024-09-18 15:05:05.869000,414.7934244056026,104
2024-09-18 15:05:06.050000,414.8740038114506,1004
2024-09-18 15:05:06.122000,414.87942469916,997
2024-09-18 15:05:06.129000,414.86719077588015,5
2024-09-18 15:05:06.547000,414.87778120303614,95
2024-09-18 15:05:06.550000,414.90015498439,100
2024-09-18 15:05:06.919000,414.8682621909496,97
2024-09-18 15:05:07.049000,414.8460868602911,999
2024-09-18 15:05:07.131000,414.8961188576934,5
2024-09-18 15:05:07.214000,414.8847675521527,7
2024-09-18 15:05:07.489000,414.8588453476679,102
2024-09-18 15:05:07.489000,414.8987384880327,8
2024-09-18 15:05:07.497000,414.88771608745,99
2024-09-18 15:05:07.572000,414.8625735590903,101
2024-09-18 15:05:07.594000,414.87681793466606,13
2024-09-18 15:05:07.699000,414.9059384708746,12
2024-09-18 15:05:07.845000,414.9048300481675,105
2024-09-18 15:05:07.861000,414.8581120646201,104
2024-09-18 15:05:07.888000,414.86969619657344,998
2024-09-18 15:05:07.975000,414.8769860236807,1000
2024-09-18 15:05:07.987000,414.9142316575576,5
2024-09-18 15:05:07.988000,414.882181057944,98
2024-09-18 15:05:08.091000,414.9022123633413,98
2024-09-18 15:05:08.163000,414.8990949104088,1004
2024-09-18 15:05:08.270000,414.8919292672844,1000
2024-09-18 15:05:08.451000,414.8886719411301,100
2024-09-18 15:05:08.455000,414.8967930086308,104
2024-09-18 15:05:08.772000,414.8963452577125,1005
2024-09-18 15:05:08.999000,414.8903181739208,12
2024-09-18 15:05:09.075000,414.8838860365379,1003
2024-09-18 15:05:09.086000,414.9929660474018,100
2024-09-18 15:05:09.144000,414.8778651756335,105
2024-09-18 15:05:09.181000,414.8949810918999,101
2024-09-18 15:05:09.182000,414.91282592694,995
2024-09-18 15:05:09.208000,414.8808938358764,1000
2024-09-18 15:05:09.221000,414.97960232578544,1002
2024-09-18 15:05:09.318000,414.9227552934715,997
2024-09-18 15:05:09.321000,414.9183453200263,104
2024-09-18 15:05:09.326000,414.8945409024258,13
2024-09-18 15:05:09.489000,414.911099302904,1003
2024-09-18 15:05:09.515000,414.9012771664932,15
2024-09-18 15:05:09.539000,414.9327452302283,7
2024-09-18 15:05:09.592000,414.896241050136,8
2024-09-18 15:05:09.604000,414.9954834227557,1005
2024-09-18 15:05:09.606000,414.9929983749998,1003
2024-09-18 15:05:09.655000,415.0035677886438,98
2024-09-18 15:05:09.673000,414.8998108725914,98
2024-09-18 15:05:09.726000,414.8950102035095,7
2024-09-18 15:05:09.798000,414.9897087621785,96
2024-09-18 15:05:09.834000,414.8885787581114,13
2024-09-18 15:05:09.952000,414.9955562557879,97
2024-09-18 15:05:10.024000,415.0058014095183,7
2024-09-18 15:05:10.042000,415.01867403646384,13
2024-09-18 15:05:10.067000,415.0254056861661,100
2024-09-18 15:05:10.069000,415.08174472413214,1005
2024-09-18 15:05:10.092000,415.0450231676029,14
2024-09-18 15:05:10.123000,415.0521885326772,13
2024-09-18 15:05:10.126000,415.03463846659565,1001
2024-09-18 15:05:10.155000,415.0860430708417,99
2024-09-18 15:05:10.160000,415.0565133305281,103
2024-09-18 15:05:10.191000,415.0336882871022,10
2024-09-18 15:05:10.194000,415.054350322444,10
2024-09-18 15:05:10.197000,415.0925315075774,99
2024-09-18 15:05:10.240000,415.08839291870953,996
2024-09-18 15:05:10.266000,415.0547569380055,96
2024-09-18 15:05:10.279000,415.057817050337,15
2024-09-18 15:05:10.341000,415.0822061796703,97
2024-09-18 15:05:10.480000,415.1108338065751,105
2024-09-18 15:05:10.497000,415.0677891462774,6
2024-09-18 15:05:10.543000,415.0854660714559,95
2024-09-18 15:05:10.773000,415.1107656999801,10
2024-09-18 15:05:10.784000,415.0819088689592,1001
2024-09-18 15:05:10.825000,415.0564589128974,97
2024-09-18 15:05:10.865000,415.0975083243532,105
2024-09-18 15:05:10.907000,415.0340528309761,998
2024-09-18 15:05:10.924000,415.10842897830224,996
2024-09-18 15:05:10.948000,415.04379183453545,6
2024-09-18 15:05:10.956000,415.0521460426409,102
2024-09-18 15:05:10.957000,415.0925289878884,11
2024-09-18 15:05:11.037000,414.96858219069225,100
2024-09-18 15:05:11.045000,414.9871854541329,96
2024-09-18 15:05:11.080000,415.01019115414647,1000
2024-09-18 15:05:11.123000,415.00069875443575,104
2024-09-18 15:05:11.148000,414.96427990995903,97
2024-09-18 15:05:11.192000,415.0027226734942,12
2024-09-18 15:05:11.247000,414.98046242851495,998
2024-09-18 15:05:11.263000,414.9764826182186,101
2024-09-18 15:05:11.329000,414.9985155028524,1003
2024-09-18 15:05:11.381000,414.982307985494,6
2024-09-18 15:05:11.396000,414.9897945040609,100
2024-09-18 15:05:11.398000,415.0329862582177,996
2024-09-18 15:05:11.408000,415.0031522281468,95
2024-09-18 15:05:11.461000,415.00395697579086,103
2024-09-18 15:05:11.609000,414.9930618465685,100
2024-09-18 15:05:11.631000,414.9956100965181,14
2024-09-18 15:05:11.676000,414.9787678810685,1001
2024-09-18 15:05:11.691000,415.0045079968516,998
2024-09-18 15:05:11.744000,414.9825678714584,11
2024-09-18 15:05:11.829000,415.0160659193705,997
2024-09-18 15:05:11.830000,414.982102602758,103
2024-09-18 15:05:11.847000,414.9793572034069,1000
2024-09-18 15:05:11.923000,414.9816499484991,999
2024-09-18 15:05:11.927000,414.98660917129007,103
2024-09-18 15:05:11.959000,414.9759936042012,1004
2024-09-18 15:05:11.991000,414.96573561855655,101
2024-09-18 15:05:11.998000,415.0023142516744,12
2024-09-18 15:05:12.110000,414.9645875319672,1004
2024-09-18 15:05:12.234000,414.9634020805444,1001
2024-09-18 15:05:12.316000,414.9305923297333,13
2024-09-18 15:05:12.323000,414.938721245108,11
2024-09-18 15:05:12.405000,414.9308858399722,996
2024-09-18 15:05:12.604000,414.93130398814407,1001
2024-09-18 15:05:12.637000,414.9621047354296,105
2024-09-18 15:05:12.801000,414.9465142235397,99
2024-09-18 15:05:12.939000,414.9380442061196,104
2024-09-18 15:05:12.945000,414.96888689053895,101
2024-09-18 15:05:12.972000,414.943846673184,98
2024-09-18 15:05:12.999000,414.9304920499448,1000
2024-09-18 15:05:13.033000,414.9032027874775,1000
2024-09-18 15:05:13.130000,414.9498604228026,1002
2024-09-18 15:05:13.161000,414.9626137642226,101
2024-09-18 15:05:13.215000,414.92994003439736,6
2024-09-18 15:05:13.268000,414.913968450301,995
2024-09-18 15:05:13.273000,414.90622137712216,96
2024-09-18 15:05:13.333000,414.9264572093188,105
2024-09-18 15:05:13.394000,414.9052771444751,98
2024-09-18 15:05:13.411000,414.95289507650216,99
2024-09-18 15:05:13.420000,414.9079798194962,1005
2024-09-18 15:05:13.443000,414.920645904288,105
2024-09-18 15:05:13.491000,414.9345785332514,11
2024-09-18 15:05:13.557000,414.9104410448991,1001
2024-09-18 15:05:13.656000,414.93119981145423,1001
2024-09-18 15:05:13.749000,414.907937055687,8
2024-09-18 15:05:13.817000,414.922834417538,102
2024-09-18 15:05:13.849000,414.9353670933936,1000
2024-09-18 15:05:13.902000,414.9031982124982,15
2024-09-18 15:05:13.911000,414.9486492195761,96
2024-09-18 15:05:13.932000,414.9495780256093,11
2024-09-18 15:05:13.942000,414.9375151087725,95
2024-09-18 15:05:13.944000,414.9462866802015,1003
2024-09-18 15:05:13.976000,414.9008033205754,15
2024-09-18 15:05:13.977000,414.9717799787418,102
2024-09-18 15:05:14.042000,414.8532275808351,999
2024-09-18 15:05:14.214000,414.8734999883585,996
2024-09-18 15:05:14.269000,414.8967804800485,1003
2024-09-18 15:05:14.304000,414.8830382310659,102
2024-09-18 15:05:14.803000,414.8653878310161,10
2024-09-18 15:05:16.135000,414.8492830643341,996
2024-09-18 15:05:17.005000,414.83712590403815,103
2024-09-18 15:05:17.061000,414.8393237318025,101
2024-09-18 15:05:17.286000,414.86404780010616,95
2024-09-18 15:05:17.445000,414.8336046227323,998
2024-09-18 15:05:17.458000,414.836057718256,5
2024-09-18 15:05:17.762000,414.8422062918429,100
2024-09-18 15:05:18.046000,414.8952694210856,1004
2024-09-18 15:05:18.241000,414.8983701781668,104
2024-09-18 15:05:18.282000,414.9018653641148,1000
2024-09-18 15:05:18.348000,414.8987202691781,100
2024-09-18 15:05:18.382000,414.9089575185695,11
2024-09-18 15:05:18.389000,414.8508736488897,995
2024-09-18 15:05:18.408000,414.8576175072312,12
2024-09-18 15:05:18.665000,414.85412513984267,1004
2024-09-18 15:05:18.688000,414.8971930505156,1005
2024-09-18 15:05:18.703000,414.8674435213915,14
2024-09-18 15:05:18.844000,414.86832012439777,102
2024-09-18 15:05:18.895000,414.9051741415928,102
2024-09-18 15:05:19.031000,414.92298511103263,15
2024-09-18 15:05:19.231000,414.8751730283584,102
2024-09-18 15:05:19.232000,414.8512536328952,102
2024-09-18 15:05:19.263000,414.9420670204308,99
2024-09-18 15:05:19.295000,414.9333516901437,1005
2024-09-18 15:05:19.307000,414.8875896840174,13
2024-09-18 15:05:19.339000,414.9411067961112,12
2024-09-18 15:05:19.344000,414.905273870687,5
2024-09-18 15:05:19.356000,414.8903342224164,1003
2024-09-18 15:05:19.375000,414.9001534014203,10
2024-09-18 15:05:19.380000,414.8891724139176,7
2024-09-18 15:05:19.387000,414.9252320490762,12
2024-09-18 15:05:19.458000,414.91073385052255,97
2024-09-18 15:05:19.477000,414.8868614840864,13
2024-09-18 15:05:19.589000,414.888290298943,102
2024-09-18 15:05:19.604000,414.951995226977,5
2024-09-18 15:05:19.643000,414.8759589108695,10
2024-09-18 15:05:19.666000,414.92358077730336,14
2024-09-18 15:05:19.674000,414.9332188810391,105
2024-09-18 15:05:19.694000,414.943418730832,12
2024-09-18 15:05:19.715000,414.8711889529612,99
2024-09-18 15:05:19.804000,414.9249805882255,1002
2024-09-18 15:05:19.888000,414.9044516717706,997
2024-09-18 15:05:19.972000,414.8785365115568,1000
2024-09-18 15:05:19.981000,414.9015715500887,1003
2024-09-18 15:05:19.998000,414.8845183006409,104
2024-09-18 15:05:20.083000,414.8982221453445,15
2024-09-18 15:05:20.467000,414.9235382046429,100
2024-09-18 15:05:20.911000,414.9317169185653,15
2024-09-18 15:05:21.179000,414.8558211587383,9
2024-09-18 15:05:21.223000,414.8640856424086,7
2024-09-18 15:05:21.230000,414.8905810909753,97
2024-09-18 15:05:21.617000,414.8608943292753,7
2024-09-18 15:05:21.622000,414.8709964505748,6
2024-09-18 15:05:21.667000,414.8850097134276,103
2024-09-18 15:05:21.699000,414.8613163244173,997
2024-09-18 15:05:21.971000,414.8594558389041,1000
2024-09-18 15:05:22.009000,414.8369799587996,104
2024-09-18 15:05:22.047000,414.81233447630245,95
2024-09-18 15:05:22.077000,414.879100823798,998
2024-09-18 15:05:22.347000,414.8540845851194,1002
2024-09-18 15:05:22.367000,414.8521866028379,999
2024-09-18 15:05:22.393000,414.87656408647496,7
2024-09-18 15:05:22.407000,414.8251965516205,9
2024-09-18 15:05:22.442000,414.8340769632536,997
2024-09-18 15:05:22.474000,414.8203470269676,1003
2024-09-18 15:05:22.535000,414.8603977655424,103
2024-09-18 15:05:22.549000,414.8738812250408,99
2024-09-18 15:05:22.644000,414.84668755326464,1000
2024-09-18 15:05:22.655000,414.8295249672103,11
2024-09-18 15:05:22.758000,414.8313943111796,998
2024-09-18 15:05:22.784000,414.83659403020846,95
2024-09-18 15:05:22.829000,414.8364328980153,999
2024-09-18 15:05:22.915000,414.8579797807613,998
2024-09-18 15:05:22.927000,414.8170706247592,9
2024-09-18 15:05:22.981000,407.1573443650016,1001
2024-09-18 15:05:23.005000,414.85174788642473,10
2024-09-18 15:05:23.044000,414.8463362274416,101
2024-09-18 15:05:23.060000,414.8529776886036,96
2024-09-18 15:05:23.071000,414.8406173225233,9
2024-09-18 15:05:23.101000,414.85458506622336,96
2024-09-18 15:05:23.215000,414.8696204007723,104
2024-09-18 15:05:23.251000,414.8615776048472,99
2024-09-18 15:05:23.523000,414.8363733204538,105
2024-09-18 15:05:23.525000,414.8290232713795,8
2024-09-18 15:05:23.648000,414.8535790607987,13
2024-09-18 15:05:23.710000,414.86435002334593,997
2024-09-18 15:05:23.743000,414.85561302812334,95
2024-09-18 15:05:23.757000,414.8509145018721,99
2024-09-18 15:05:23.757000,414.8516138728589,101
2024-09-18 15:05:23.904000,414.8733199743985,996
2024-09-18 15:05:23.928000,414.86307714581807,1001
2024-09-18 15:05:23.983000,414.8279927407661,7
2024-09-18 15:05:23.992000,414.8647164467093,102
2024-09-18 15:05:24.288000,414.8704493912175,996
2024-09-18 15:05:24.859000,414.8518965287534,98
2024-09-18 15:05:25.001000,414.84650874129727,995
2024-09-18 15:05:25.048000,414.8549215717858,7
2024-09-18 15:05:25.054000,414.8175345696292,11
2024-09-18 15:05:25.083000,414.8163179938573,11
2024-09-18 15:05:25.084000,414.8154767786492,13
2024-09-18 15:05:25.089000,414.8244926668571,997
2024-09-18 15:05:25.276000,414.8623713115729,1004
2024-09-18 15:05:25.278000,414.8296407658721,102
2024-09-18 15:05:25.327000,414.8307651170316,12
2024-09-18 15:05:25.394000,414.8250001506946,999
2024-09-18 15:05:25.430000,414.8185086632417,999
2024-09-18 15:05:25.438000,414.8192110195564,103
2024-09-18 15:05:25.452000,414.8219431043619,1005
2024-09-18 15:05:25.469000,414.8233661135253,100
2024-09-18 15:05:25.617000,414.81255085800666,101
2024-09-18 15:05:25.628000,414.83531736325233,96
2024-09-18 15:05:25.661000,414.8251915694037,1005
2024-09-18 15:05:25.734000,414.8273346469684,97
2024-09-18 15:05:25.843000,414.80250882849725,995
2024-09-18 15:05:25.877000,414.82693061674536,1002
2024-09-18 15:05:25.883000,414.82552740799554,1003
2024-09-18 15:05:25.888000,414.8255731657524,1005
2024-09-18 15:05:25.967000,407.15128946682273,100
2024-09-18 15:05:26.756000,414.8416731398913,98
2024-09-18 15:05:27.040000,414.8240912261968,1001
2024-09-18 15:05:27.075000,414.8328959583727,101
2024-09-18 15:05:27.085000,414.8348423325005,100
2024-09-18 15:05:27.113000,414.8507992710997,13
2024-09-18 15:05:27.150000,414.8439059626469,5
2024-09-18 15:05:27.218000,414.8332505697136,1005
2024-09-18 15:05:27.243000,414.8243841159849,5
2024-09-18 15:05:27.330000,414.8155319895136,1003
2024-09-18 15:05:27.401000,414.8399670897488,7
2024-09-18 15:05:27.446000,414.8736102459781,11
2024-09-18 15:05:27.818000,414.8827881065369,10
2024-09-18 15:05:27.845000,414.8451084336499,99
2024-09-18 15:05:27.875000,414.8375028035081,997
2024-09-18 15:05:27.983000,414.8402923708504,15
2024-09-18 15:05:28.010000,414.904106027081,105
2024-09-18 15:05:28.528000,414.86490699196594,13
2024-09-18 15:05:28.544000,414.8535677442195,96
2024-09-18 15:05:28.605000,414.8659481482255,7
2024-09-18 15:05:28.620000,414.87246732802095,1003
2024-09-18 15:05:28.628000,414.88986607854537,105
2024-09-18 15:05:28.758000,414.8729725511391,98
2024-09-18 15:05:28.811000,414.8843786438872,14
2024-09-18 15:05:29.120000,414.9395969341829,1000
2024-09-18 15:05:29.158000,414.9226328624928,101
2024-09-18 15:05:29.175000,414.9225193507967,1003
2024-09-18 15:05:29.201000,414.900203287737,97
2024-09-18 15:05:29.349000,414.8911475116518,104
2024-09-18 15:05:29.356000,414.89967978672144,104
2024-09-18 15:05:29.426000,414.9502680588234,95
2024-09-18 15:05:29.480000,414.9627764639602,13
2024-09-18 15:05:29.496000,414.9701103905312,999
2024-09-18 15:05:29.512000,414.9296778532119,15
2024-09-18 15:05:29.518000,414.95674965621424,105
2024-09-18 15:05:29.520000,414.9458323933043,102
2024-09-18 15:05:29.593000,414.9142849051156,100
2024-09-18 15:05:29.698000,414.89890052595695,995
2024-09-18 15:05:29.705000,414.9351551731609,100
2024-09-18 15:05:29.711000,414.9147532851552,103
2024-09-18 15:05:29.713000,414.91640962902665,1005
2024-09-18 15:05:29.718000,414.9418228910496,97
2024-09-18 15:05:29.743000,414.9453374737894,102
2024-09-18 15:05:29.759000,414.9323654990973,1000
2024-09-18 15:05:29.787000,414.969610171901,105
2024-09-18 15:05:29.815000,414.8890608339802,100
2024-09-18 15:05:29.816000,414.9518162340577,99
2024-09-18 15:05:29.861000,414.89962690567415,14
2024-09-18 15:05:29.862000,414.91709944828455,13
2024-09-18 15:05:29.912000,414.9118630943779,96
2024-09-18 15:05:29.979000,414.9562804025651,8
2024-09-18 15:05:30.059000,414.92893252355486,998
2024-09-18 15:05:30.228000,407.2481286448508,1004
2024-09-18 15:05:30.267000,414.94795268094623,10
2024-09-18 15:05:30.412000,414.9059074727445,15
2024-09-18 15:05:30.420000,414.9272609207705,10
2024-09-18 15:05:30.524000,414.9228473573171,104
2024-09-18 15:05:30.543000,414.93204716458337,11
2024-09-18 15:05:30.627000,414.9602434905176,997
2024-09-18 15:05:30.668000,414.9095454457418,99
2024-09-18 15:05:30.766000,414.92378852256405,995
2024-09-18 15:05:30.879000,414.926444749262,1004
2024-09-18 15:05:30.969000,414.9019609364857,12
2024-09-18 15:05:31.063000,414.9289741623948,101
2024-09-18 15:05:31.129000,414.9062009757842,103
2024-09-18 15:05:31.137000,414.9219936699087,95
2024-09-18 15:05:31.227000,414.8841465502492,1002
2024-09-18 15:05:31.247000,414.9162058722778,97
2024-09-18 15:05:31.285000,414.89401237877775,104
2024-09-18 15:05:31.333000,414.896535655611,101
2024-09-18 15:05:31.532000,414.9329344942016,1002
2024-09-18 15:05:31.611000,414.8861182417104,1003
2024-09-18 15:05:31.716000,414.9095296544092,12
2024-09-18 15:05:31.721000,414.903500287976,996
2024-09-18 15:05:31.811000,414.8818420190196,1002
2024-09-18 15:05:31.831000,414.9071069763001,996
2024-09-18 15:05:31.877000,414.9152199815366,12
2024-09-18 15:05:31.925000,414.93268774957903,997
2024-09-18 15:05:31.968000,414.9211150099304,998
2024-09-18 15:05:32.259000,414.8938769623954,101
2024-09-18 15:05:33.039000,414.92501294739617,1000
2024-09-18 15:05:33.044000,414.93457229434864,7
2024-09-18 15:05:33.122000,414.91532956299926,7
2024-09-18 15:05:33.236000,414.9323847654524,995
2024-09-18 15:05:33.261000,414.90852280976526,102
2024-09-18 15:05:33.282000,414.9308309490244,1000
2024-09-18 15:05:33.482000,414.8992274734204,98
2024-09-18 15:05:33.529000,414.950389545723,998
2024-09-18 15:05:33.571000,414.9457581100543,103
2024-09-18 15:05:33.680000,414.93068440829467,996
2024-09-18 15:05:33.758000,414.9507856862253,96
2024-09-18 15:05:33.802000,414.9141296991269,105
2024-09-18 15:05:33.856000,414.9279993375046,100
2024-09-18 15:05:34.093000,415.0028553258852,998
2024-09-18 15:05:34.140000,414.9966542234285,95
2024-09-18 15:05:34.285000,414.991929058381,5
2024-09-18 15:05:34.306000,415.0015838179453,15
2024-09-18 15:05:34.531000,415.006025587823,1005
2024-09-18 15:05:34.536000,415.0077618390504,1000
2024-09-18 15:05:34.547000,407.3114464002777,1003
2024-09-18 15:05:34.668000,414.9995953205568,1001
2024-09-18 15:05:34.673000,414.9630218686168,995
2024-09-18 15:05:34.711000,407.3118421190021,103
2024-09-18 15:05:34.737000,414.978389516,12
2024-09-18 15:05:34.791000,407.3321480555254,105
2024-09-18 15:05:34.825000,414.9977871818015,101
2024-09-18 15:05:34.900000,415.0132245619772,7
2024-09-18 15:05:35.040000,415.02097307578913,9
2024-09-18 15:05:35.045000,414.99371745601513,104
2024-09-18 15:05:35.050000,415.00579987992967,1003
2024-09-18 15:05:35.109000,414.97522549764034,102
2024-09-18 15:05:35.136000,415.0062621874915,99
2024-09-18 15:05:35.216000,415.0216499006722,97
2024-09-18 15:05:35.390000,415.0168879747412,95
2024-09-18 15:05:35.418000,414.9660298686649,98
2024-09-18 15:05:35.428000,415.01651364516414,1005
2024-09-18 15:05:35.437000,414.9835246115021,96
2024-09-18 15:05:35.492000,415.0120359814612,98
2024-09-18 15:05:35.500000,415.0219584758598,95
2024-09-18 15:05:35.588000,414.9829865627797,998
2024-09-18 15:05:35.663000,414.9931508701155,96
2024-09-18 15:05:35.889000,414.9938470736418,97
2024-09-18 15:05:35.978000,414.9664661808569,104
2024-09-18 15:05:35.991000,415.0002085229088,97
2024-09-18 15:05:36.027000,414.98762699818656,1004
2024-09-18 15:05:36.088000,414.9671159330577,998
2024-09-18 15:05:36.107000,414.9930208801784,1000
2024-09-18 15:05:36.138000,414.9624912113289,105
2024-09-18 15:05:36.183000,414.98130116045735,995
2024-09-18 15:05:36.190000,414.9586435183437,8
2024-09-18 15:05:36.192000,414.9748679279494,103
2024-09-18 15:05:36.270000,414.9774688489193,99
2024-09-18 15:05:36.281000,414.97130055130407,7
2024-09-18 15:05:36.342000,414.9763326694552,95
2024-09-18 15:05:36.378000,414.98121658502254,100
2024-09-18 15:05:36.381000,414.9952750218473,104
2024-09-18 15:05:36.402000,414.9815608315382,1001
2024-09-18 15:05:36.474000,414.9739471657355,96
2024-09-18 15:05:36.483000,414.9809663649328,997
2024-09-18 15:05:36.488000,414.9899810718986,998
2024-09-18 15:05:36.512000,414.9623041526797,1000
2024-09-18 15:05:36.659000,414.9867137531578,105
2024-09-18 15:05:36.660000,414.9942198594736,1001
2024-09-18 15:05:36.811000,414.9725812668113,995
2024-09-18 15:05:36.824000,414.99061530938434,101
2024-09-18 15:05:36.966000,414.9745402012808,9
2024-09-18 15:05:36.972000,414.9823124474996,96
2024-09-18 15:05:37.048000,415.0393503490743,104
2024-09-18 15:05:37.053000,415.0986778047544,995
2024-09-18 15:05:37.061000,415.0981876119519,105
2024-09-18 15:05:37.091000,415.0417388801978,103
2024-09-18 15:05:37.112000,415.03464017447686,96
2024-09-18 15:05:37.151000,415.0774885596201,101
2024-09-18 15:05:37.168000,415.04095835826826,6
2024-09-18 15:05:37.198000,415.0491565331783,995
2024-09-18 15:05:37.298000,415.015218004365,13
2024-09-18 15:05:37.378000,414.9907391701629,11
2024-09-18 15:05:37.390000,415.0358958038981,998
2024-09-18 15:05:37.420000,415.064812756156,999
2024-09-18 15:05:37.455000,415.0688617890996,13
2024-09-18 15:05:37.475000,415.0392154760197,1001
2024-09-18 15:05:37.639000,415.04958985184015,1001
2024-09-18 15:05:37.660000,415.05504511018063,5
2024-09-18 15:05:37.756000,415.05703434530506,100
2024-09-18 15:05:37.788000,415.084162680307,98
2024-09-18 15:05:37.808000,415.04558352589066,105
2024-09-18 15:05:37.850000,415.04898623954193,99
2024-09-18 15:05:37.931000,415.0971968902482,1002
2024-09-18 15:05:37.999000,415.0101849326838,102
2024-09-18 15:05:38.006000,415.0766257686385,104
2024-09-18 15:05:38.008000,415.1050694322889,105
2024-09-18 15:05:38.024000,415.1060328397877,104
2024-09-18 15:05:38.067000,415.1545137277879,103
2024-09-18 15:05:38.080000,415.1218869147156,9
2024-09-18 15:05:38.111000,415.168077168638,8
2024-09-18 15:05:38.193000,415.10648005378494,102
2024-09-18 15:05:38.221000,415.1706913697651,5
2024-09-18 15:05:38.233000,415.10603215579965,995
2024-09-18 15:05:38.573000,415.0833036738723,6
2024-09-18 15:05:38.580000,415.0691785791181,105
2024-09-18 15:05:38.589000,415.0994627336559,999
2024-09-18 15:05:38.629000,415.11239636819647,998
2024-09-18 15:05:38.662000,415.1047711890709,100
2024-09-18 15:05:38.675000,415.0639610924614,105
2024-09-18 15:05:38.687000,415.1355908581386,101
2024-09-18 15:05:38.705000,415.1059332843554,10
2024-09-18 15:05:38.717000,415.0644981879886,102
2024-09-18 15:05:38.842000,415.1094454500054,1003
2024-09-18 15:05:38.883000,415.1556615452719,1003
2024-09-18 15:05:38.917000,415.0643497645668,1002
2024-09-18 15:05:38.982000,415.1339107042652,1003
2024-09-18 15:05:39.017000,415.22186964907416,101
2024-09-18 15:05:39.036000,415.24109366858056,6
2024-09-18 15:05:39.204000,415.1955600477218,997
2024-09-18 15:05:39.312000,415.1726593217075,101
2024-09-18 15:05:39.604000,415.2089509414961,11
2024-09-18 15:05:39.790000,415.1849181849327,998
2024-09-18 15:05:39.973000,415.1773594102394,96
2024-09-18 15:05:40.030000,415.2897915801536,95
2024-09-18 15:05:40.032000,415.24935735332906,104
2024-09-18 15:05:40.137000,415.2206657471028,15
2024-09-18 15:05:40.350000,415.2203565320168,97
2024-09-18 15:05:40.367000,415.2317349476829,105
2024-09-18 15:05:40.382000,415.30417900635166,15
2024-09-18 15:05:40.391000,415.28714049326345,1001
2024-09-18 15:05:40.400000,415.2599837547845,10
2024-09-18 15:05:40.408000,415.24504191903753,998
2024-09-18 15:05:40.424000,415.2506052454982,12
2024-09-18 15:05:40.519000,415.2248200735928,104
2024-09-18 15:05:40.534000,415.2493471739063,1004
2024-09-18 15:05:40.568000,415.2502195957708,1003
2024-09-18 15:05:40.587000,415.22857442407576,10
2024-09-18 15:05:40.821000,415.278233822039,8
2024-09-18 15:05:40.837000,415.23040325836,15
2024-09-18 15:05:40.851000,415.2358336825302,10
2024-09-18 15:05:40.885000,415.3039563785976,97
2024-09-18 15:05:40.905000,415.2174030473087,996
2024-09-18 15:05:40.950000,415.2805295925511,5
2024-09-18 15:05:40.959000,415.26504704947087,13
2024-09-18 15:05:41.127000,415.2799666082678,11
2024-09-18 15:05:41.152000,415.310740391409,13
2024-09-18 15:05:41.158000,415.3304208226402,6
2024-09-18 15:05:41.196000,415.2936903861748,96
2024-09-18 15:05:41.345000,415.31162711502975,95
2024-09-18 15:05:41.420000,415.3297679134928,102
2024-09-18 15:05:41.427000,415.3112015863015,12
2024-09-18 15:05:41.528000,415.29408384205504,99
2024-09-18 15:05:41.545000,415.2961855850932,103
2024-09-18 15:05:41.596000,415.3215550063019,104
2024-09-18 15:05:41.622000,415.3105254715668,102
2024-09-18 15:05:41.673000,415.30844828658326,10
2024-09-18 15:05:41.677000,415.299898631405,997
2024-09-18 15:05:41.757000,415.3149262209982,96
2024-09-18 15:05:41.779000,415.30118008717534,11
2024-09-18 15:05:41.839000,415.3044471292637,99
2024-09-18 15:05:41.918000,415.2921639584654,99
2024-09-18 15:05:41.957000,415.338046117532,998
2024-09-18 15:05:41.965000,415.3104655912696,1004
2024-09-18 15:05:41.974000,415.3123694640528,1005
2024-09-18 15:05:41.977000,415.3020472813912,10
2024-09-18 15:05:42.011000,415.2844735603134,999
2024-09-18 15:05:42.074000,415.29708412729,1000
2024-09-18 15:05:42.088000,415.29069099942905,102
2024-09-18 15:05:42.103000,415.22528246886185,14
2024-09-18 15:05:42.186000,415.2107408215612,15
2024-09-18 15:05:42.189000,415.2598613056406,104
2024-09-18 15:05:42.206000,415.23060037327855,1004
2024-09-18 15:05:42.271000,415.22777887121424,12
2024-09-18 15:05:42.271000,415.2509051574399,103
2024-09-18 15:05:42.276000,415.2414790558905,8
2024-09-18 15:05:42.283000,415.2998232102363,997
2024-09-18 15:05:42.288000,415.2724279665728,1003
2024-09-18 15:05:42.471000,415.2676251123864,9
2024-09-18 15:05:42.498000,415.284610398659,1001
2024-09-18 15:05:42.505000,415.2313520926877,15
2024-09-18 15:05:42.574000,415.2453559004517,97
2024-09-18 15:05:42.584000,415.25930407401313,10
2024-09-18 15:05:42.595000,415.3159383505176,5
2024-09-18 15:05:42.596000,415.2193846792977,5
2024-09-18 15:05:42.619000,415.2870627171688,1003
2024-09-18 15:05:42.647000,415.2271148683223,97
2024-09-18 15:05:42.679000,415.25653776698346,10
2024-09-18 15:05:42.707000,415.20937627679376,100
2024-09-18 15:05:42.787000,407.35086592295096,999
2024-09-18 15:05:42.869000,415.2424675355173,999
2024-09-18 15:05:42.926000,415.2361137724292,14
2024-09-18 15:05:42.933000,415.221605144324,98
2024-09-18 15:05:42.939000,415.3091871054221,997
2024-09-18 15:05:43.115000,415.23324811078425,997
2024-09-18 15:05:43.316000,415.2176618603466,95
2024-09-18 15:05:43.416000,415.2190783637942,15
2024-09-18 15:05:43.683000,415.2180460494633,996
2024-09-18 15:05:43.750000,415.21104822989673,995
2024-09-18 15:05:43.907000,415.2240446263005,7
2024-09-18 15:05:44.002000,415.2393514941353,996
2024-09-18 15:05:44.066000,415.2247309505576,6
2024-09-18 15:05:44.177000,415.2249571741515,1003
2024-09-18 15:05:44.321000,415.2510903413314,1000
2024-09-18 15:05:44.556000,415.2510110994977,6
2024-09-18 15:05:44.593000,415.2388627870958,1004
2024-09-18 15:05:44.673000,415.2361534820627,999
2024-09-18 15:05:44.740000,415.22899985429297,102
2024-09-18 15:05:44.780000,415.2335796938311,10
2024-09-18 15:05:44.828000,415.2271670798024,995
2024-09-18 15:05:44.910000,415.2368983282062,99
2024-09-18 15:05:45.066000,415.3116937011614,105
2024-09-18 15:05:45.218000,415.28779576211736,105
2024-09-18 15:05:45.271000,415.2681528883651,10
2024-09-18 15:05:45.331000,415.2915102214195,100
2024-09-18 15:05:45.377000,415.3144946552552,97
2024-09-18 15:05:45.412000,415.2789530711802,997
2024-09-18 15:05:45.417000,415.2976793046879,1003
2024-09-18 15:05:45.631000,415.3018386017259,14
2024-09-18 15:05:45.639000,415.30292381137247,8
2024-09-18 15:05:45.675000,415.2891063413662,104
2024-09-18 15:05:45.684000,415.2991443473381,999
2024-09-18 15:05:45.690000,415.3057135542248,97
2024-09-18 15:05:45.690000,415.2945271478523,14
2024-09-18 15:05:45.955000,415.2896347610831,14
2024-09-18 15:05:46.050000,415.2986096803345,998
2024-09-18 15:05:46.109000,415.2785212785286,8
2024-09-18 15:05:46.149000,415.308226790987,1002
2024-09-18 15:05:46.237000,415.2840032239809,104
2024-09-18 15:05:46.258000,415.3091507587127,102
2024-09-18 15:05:46.335000,415.29224148933616,103
2024-09-18 15:05:46.464000,415.2764621569488,96
2024-09-18 15:05:46.517000,415.3118990477813,11
2024-09-18 15:05:46.594000,415.3045551796224,15
2024-09-18 15:05:46.681000,415.3198233398385,13
2024-09-18 15:05:46.837000,415.2813904059522,1005
2024-09-18 15:05:46.898000,415.29876594520334,11
2024-09-18 15:05:47.181000,415.27160994334616,95
2024-09-18 15:05:47.402000,415.272648192384,1003
2024-09-18 15:05:47.726000,415.2752543217284,8
2024-09-18 15:05:47.786000,415.2899434502666,1003
2024-09-18 15:05:48.159000,415.31302543062526,996
2024-09-18 15:05:48.199000,415.3120073308367,6
2024-09-18 15:05:48.813000,415.29900365444513,95
2024-09-18 15:05:48.819000,415.2913229627628,999
2024-09-18 15:05:48.939000,415.3132325830848,95
2024-09-18 15:05:48.953000,415.30422757324936,995
2024-09-18 15:05:48.961000,415.30953881521873,995
2024-09-18 15:05:49.059000,415.3070437338323,104
2024-09-18 15:05:49.081000,415.31674126616207,97
2024-09-18 15:05:49.159000,415.3348738039599,6
2024-09-18 15:05:49.166000,415.2978389027476,9
2024-09-18 15:05:49.238000,415.3319938430035,1003
2024-09-18 15:05:49.364000,415.3070321962488,97
2024-09-18 15:05:49.388000,415.3342305357167,13
2024-09-18 15:05:49.440000,415.2911904146524,100
2024-09-18 15:05:49.500000,415.31345942016696,99
2024-09-18 15:05:49.590000,415.3316395972456,1001
2024-09-18 15:05:49.609000,415.3269544123938,9
2024-09-18 15:05:49.787000,415.3343282499531,999
2024-09-18 15:05:49.861000,415.3061234990249,5
2024-09-18 15:05:49.924000,415.3066254782816,999
2024-09-18 15:05:49.934000,415.3124595361411,95
2024-09-18 15:05:49.943000,415.310708982468,11
2024-09-18 15:05:49.988000,415.31622832490655,8
2024-09-18 15:05:50.059000,415.3294329399188,15
2024-09-18 15:05:50.526000,415.30385318298494,11
2024-09-18 15:05:50.759000,415.31194852257136,11
2024-09-18 15:05:51.073000,415.37050781521305,5
2024-09-18 15:05:51.079000,415.3285015947277,8
2024-09-18 15:05:51.139000,415.37435454164034,999
2024-09-18 15:05:51.204000,415.3661607013718,995
2024-09-18 15:05:51.239000,415.3725654377537,96
2024-09-18 15:05:51.328000,415.3726738370141,995
2024-09-18 15:05:51.353000,415.3320279217954,96
2024-09-18 15:05:51.383000,415.3267970862336,6
2024-09-18 15:05:51.444000,415.3543906236785,14
2024-09-18 15:05:51.470000,415.3111125879082,9
2024-09-18 15:05:51.545000,415.3753595954308,105
2024-09-18 15:05:51.553000,415.34737812063736,9
2024-09-18 15:05:51.628000,415.368797619636,7
2024-09-18 15:05:51.633000,415.33360901538754,996
2024-09-18 15:05:51.650000,415.3362879859812,7
2024-09-18 15:05:51.742000,415.3560569230944,99
2024-09-18 15:05:51.751000,415.35704064783295,13
2024-09-18 15:05:51.823000,415.3237166930995,5
2024-09-18 15:05:51.883000,415.3297022235328,101
2024-09-18 15:05:51.937000,415.34808081469015,15
2024-09-18 15:05:51.951000,415.3595898139798,995
2024-09-18 15:05:52.067000,415.359299594137,102
2024-09-18 15:05:52.157000,415.3202512255693,8
2024-09-18 15:05:52.434000,415.35688649291774,13
2024-09-18 15:05:52.515000,415.3279566014064,996
2024-09-18 15:05:52.590000,415.3776140576409,9
2024-09-18 15:05:52.631000,415.376852754382,15
2024-09-18 15:05:52.743000,415.3709718483338,11
2024-09-18 15:05:52.889000,415.3369278832471,99
2024-09-18 15:05:53.034000,407.6869481714213,7
2024-09-18 15:05:53.133000,415.3289681807185,15
2024-09-18 15:05:53.246000,415.3607076897912,7
2024-09-18 15:05:53.536000,415.3271958879997,99
2024-09-18 15:05:53.640000,415.3723967007955,998
2024-09-18 15:05:53.660000,415.3334400829223,11
2024-09-18 15:05:53.687000,415.3208146056402,996
2024-09-18 15:05:53.776000,415.3429304906395,8
2024-09-18 15:05:53.846000,415.365421470209,95
2024-09-18 15:05:53.950000,415.3732831056357,999
2024-09-18 15:05:54.003000,415.3371683637751,1003
2024-09-18 15:05:54.083000,415.2896736898677,102
2024-09-18 15:05:54.094000,415.2643284888953,1002
2024-09-18 15:05:54.129000,415.3329133893191,1005
2024-09-18 15:05:54.142000,415.3028311558799,1004
2024-09-18 15:05:54.188000,415.2772857965391,98
2024-09-18 15:05:54.263000,415.30607771971296,15
2024-09-18 15:05:54.287000,415.259629093208,1004
2024-09-18 15:05:54.349000,415.2917496209652,14
2024-09-18 15:05:54.487000,415.3255324720759,99
2024-09-18 15:05:54.604000,415.27993341397257,15
2024-09-18 15:05:54.656000,415.33891261755264,12
2024-09-18 15:05:54.658000,415.2793976733846,95
2024-09-18 15:05:54.737000,415.3204596933007,99
2024-09-18 15:05:54.799000,415.3272053204147,999
2024-09-18 15:05:55.024000,415.34691754018496,1001
2024-09-18 15:05:55.064000,415.36645347595,6
2024-09-18 15:05:55.090000,415.392999481456,998
2024-09-18 15:05:55.142000,415.38347017012086,103
2024-09-18 15:05:55.150000,415.4001157031889,102
2024-09-18 15:05:55.206000,415.367944113913,1003
2024-09-18 15:05:55.253000,415.3698226231974,1003
2024-09-18 15:05:55.312000,415.3612921618011,11
2024-09-18 15:05:55.457000,415.34530262702594,15
2024-09-18 15:05:55.460000,415.3350764550268,1003
2024-09-18 15:05:55.527000,415.41162661331447,995
2024-09-18 15:05:55.530000,415.3803261167996,6
2024-09-18 15:05:55.623000,415.35053048864535,100
2024-09-18 15:05:55.643000,415.37510652387897,103
2024-09-18 15:05:55.647000,415.3480061571619,999
2024-09-18 15:05:55.683000,415.3791866965707,14
2024-09-18 15:05:55.701000,415.40287838385393,95
2024-09-18 15:05:55.732000,415.3661604060471,9
2024-09-18 15:05:55.741000,415.40062263042273,6
2024-09-18 15:05:55.785000,415.38687799206167,9
2024-09-18 15:05:55.814000,415.3474181679762,15
2024-09-18 15:05:55.925000,415.3767381064992,1000
2024-09-18 15:05:55.932000,415.3786225157947,103
2024-09-18 15:05:55.963000,415.36344158620057,102
2024-09-18 15:05:56.030000,415.4069793635638,999
2024-09-18 15:05:56.041000,415.3853481863766,13
2024-09-18 15:05:56.072000,415.3699099567735,100
2024-09-18 15:05:56.092000,415.4166185857491,1003
2024-09-18 15:05:56.151000,415.4463090513346,1002
2024-09-18 15:05:56.218000,415.4234572780161,1001
2024-09-18 15:05:56.268000,415.44268165524494,99
2024-09-18 15:05:56.299000,415.3591919846934,102
2024-09-18 15:05:56.320000,415.4379765185723,1005
2024-09-18 15:05:56.353000,415.4302640739992,1002
2024-09-18 15:05:56.367000,415.3926152555357,995
2024-09-18 15:05:56.500000,415.4243757177058,1005
2024-09-18 15:05:56.521000,415.3866815446853,995
2024-09-18 15:05:56.568000,415.3700294427819,1003
2024-09-18 15:05:56.613000,415.431600893346,12
2024-09-18 15:05:56.628000,415.41544913694185,1004
2024-09-18 15:05:56.744000,415.416157931002,997
2024-09-18 15:05:56.790000,415.4296375268963,7
2024-09-18 15:05:56.870000,415.3955347558551,104
2024-09-18 15:05:56.871000,415.4196478673717,998
2024-09-18 15:05:56.933000,415.4122683879584,1002
2024-09-18 15:05:56.933000,415.3741020414597,100
2024-09-18 15:05:56.977000,415.3995170658973,101
2024-09-18 15:05:56.984000,415.3680394129849,97
2024-09-18 15:05:57.244000,415.4354525906501,6
2024-09-18 15:05:57.388000,415.43400819485737,7
2024-09-18 15:05:58.196000,407.7266588200413,1005
2024-09-18 15:05:59.283000,415.4401924376758,104
2024-09-18 15:05:59.343000,415.3882353679716,103
2024-09-18 15:05:59.518000,415.4032132916331,15
2024-09-18 15:05:59.541000,415.3878495523365,9
2024-09-18 15:05:59.856000,415.3968213375285,103
2024-09-18 15:05:59.995000,415.4176623980429,101
