Timestamp,Price,Size
2024-09-19 11:15:00.641000,419.09444888274527,1004
2024-09-19 11:15:00.987000,419.1017905187804,9
2024-09-19 11:15:01.001000,419.0295819368621,96
2024-09-19 11:15:01.002000,419.044220564938,997
2024-09-19 11:15:01.007000,419.0807347962609,998
2024-09-19 11:15:01.014000,419.0299260705158,13
2024-09-19 11:15:01.072000,419.0562622666252,1003
2024-09-19 11:15:01.082000,419.00883642790296,6
2024-09-19 11:15:01.084000,419.0672009938178,5
2024-09-19 11:15:01.087000,419.074909365821,1000
2024-09-19 11:15:01.093000,419.01156514864834,12
2024-09-19 11:15:01.166000,419.0894825475046,100
2024-09-19 11:15:01.193000,419.0918081111308,1001
2024-09-19 11:15:01.197000,419.0078180890726,995
2024-09-19 11:15:01.210000,419.06707487086953,101
2024-09-19 11:15:01.216000,419.1004269322235,1004
2024-09-19 11:15:01.227000,419.02437915768894,12
2024-09-19 11:15:01.354000,419.0585704841855,13
2024-09-19 11:15:01.436000,419.0692151758184,995
2024-09-19 11:15:01.445000,419.110062088567,102
2024-09-19 11:15:01.476000,419.0581984888761,97
2024-09-19 11:15:01.503000,419.050144890378,98
2024-09-19 11:15:01.510000,419.096192290495,1005
2024-09-19 11:15:01.648000,419.0106688422781,999
2024-09-19 11:15:01.768000,419.03542605710686,997
2024-09-19 11:15:01.785000,419.07009106522,103
2024-09-19 11:15:01.837000,419.01150083310057,11
2024-09-19 11:15:01.878000,419.03178810883753,10
2024-09-19 11:15:02.012000,418.99912394320353,7
2024-09-19 11:15:02.198000,419.0113681959625,99
2024-09-19 11:15:02.320000,418.9800399902894,998
2024-09-19 11:15:02.411000,418.9480803677259,12
2024-09-19 11:15:02.440000,418.9310617000152,98
2024-09-19 11:15:02.584000,418.9718205698156,9
2024-09-19 11:15:02.610000,419.0195574648176,100
2024-09-19 11:15:02.683000,418.9392672592206,11
2024-09-19 11:15:02.733000,418.9658978147798,1001
2024-09-19 11:15:02.773000,419.0225920676451,100
2024-09-19 11:15:02.845000,418.9300993576748,6
2024-09-19 11:15:02.895000,418.9922625202405,95
2024-09-19 11:15:02.913000,418.9634557259597,98
2024-09-19 11:15:03.173000,418.9808528463551,999
2024-09-19 11:15:03.252000,418.9702482490108,997
2024-09-19 11:15:03.279000,418.96194844370376,103
2024-09-19 11:15:03.735000,418.9748080448212,7
2024-09-19 11:15:03.790000,418.9617589100126,10
2024-09-19 11:15:03.834000,418.9467643922011,105
2024-09-19 11:15:03.843000,418.9618119173741,104
2024-09-19 11:15:04.052000,418.9172097605989,5
2024-09-19 11:15:04.068000,418.9499834408756,97
2024-09-19 11:15:04.203000,418.9848030830869,97
2024-09-19 11:15:04.307000,418.975491592442,1005
2024-09-19 11:15:04.311000,418.9867216933846,15
2024-09-19 11:15:04.424000,418.9688174945401,98
2024-09-19 11:15:04.478000,418.9415864590265,98
2024-09-19 11:15:04.578000,418.9785414185462,12
2024-09-19 11:15:04.619000,418.95916717359154,997
2024-09-19 11:15:04.668000,418.96309716973377,102
2024-09-19 11:15:04.721000,419.001525668481,999
2024-09-19 11:15:04.733000,418.9359444078918,1001
2024-09-19 11:15:04.752000,418.9623988664661,10
2024-09-19 11:15:04.767000,418.9425231444269,105
2024-09-19 11:15:04.770000,419.00042185882086,998
2024-09-19 11:15:04.936000,418.9967099695125,100
2024-09-19 11:15:04.996000,418.9553263194552,15
2024-09-19 11:15:05.015000,418.9178635700226,995
2024-09-19 11:15:05.024000,418.9494175634576,1003
2024-09-19 11:15:05.037000,418.94534838249245,1005
2024-09-19 11:15:05.060000,418.9540266484769,99
2024-09-19 11:15:05.066000,418.9747965050651,100
2024-09-19 11:15:05.099000,418.9948289906271,1000
2024-09-19 11:15:05.119000,418.9983429002114,10
2024-09-19 11:15:05.198000,418.9690816425632,9
2024-09-19 11:15:05.281000,418.9371592118896,15
2024-09-19 11:15:05.293000,419.01111513777903,14
2024-09-19 11:15:05.321000,418.9438490172104,14
2024-09-19 11:15:05.346000,419.0030281899653,997
2024-09-19 11:15:05.367000,418.9272538113954,7
2024-09-19 11:15:05.442000,418.9511793586677,998
2024-09-19 11:15:05.491000,418.9996311058757,13
2024-09-19 11:15:05.582000,419.0074209871905,995
2024-09-19 11:15:05.595000,419.00531007746446,105
2024-09-19 11:15:05.604000,418.9461246290987,96
2024-09-19 11:15:05.635000,418.9149812286478,103
2024-09-19 11:15:05.637000,418.98471433508337,11
2024-09-19 11:15:05.657000,419.0059545874148,97
2024-09-19 11:15:05.679000,418.9581967932479,10
2024-09-19 11:15:05.700000,418.98857258068176,10
2024-09-19 11:15:05.746000,418.9022930356552,999
2024-09-19 11:15:05.755000,418.9135074324028,995
2024-09-19 11:15:05.763000,418.9407405380384,101
2024-09-19 11:15:05.905000,418.9683385456815,99
2024-09-19 11:15:05.938000,418.98112509654686,97
2024-09-19 11:15:06.103000,419.02585368750175,1001
2024-09-19 11:15:06.400000,419.0440773571844,1001
2024-09-19 11:15:06.401000,418.993622864666,12
2024-09-19 11:15:06.487000,419.0150177696965,12
2024-09-19 11:15:06.626000,419.0079764236693,96
2024-09-19 11:15:06.677000,419.06450769631607,1001
2024-09-19 11:15:06.696000,419.0234853318646,1004
2024-09-19 11:15:06.759000,419.05522786444016,1000
2024-09-19 11:15:06.852000,419.0556632747754,1004
2024-09-19 11:15:06.880000,419.0379297310999,6
2024-09-19 11:15:06.920000,419.02862264372897,100
2024-09-19 11:15:06.973000,419.050765893431,102
2024-09-19 11:15:06.999000,418.9752005931349,1000
2024-09-19 11:15:07.003000,419.103661090316,1005
2024-09-19 11:15:07.232000,419.0380786884671,95
2024-09-19 11:15:07.287000,419.1346204086981,1002
2024-09-19 11:15:07.320000,419.1197041168473,11
2024-09-19 11:15:07.327000,419.021812616283,997
2024-09-19 11:15:07.338000,419.095194870881,5
2024-09-19 11:15:07.361000,419.1293465640595,1002
2024-09-19 11:15:07.536000,419.1065860085528,999
2024-09-19 11:15:07.550000,419.12057716348846,1002
2024-09-19 11:15:07.587000,419.1113413040591,1004
2024-09-19 11:15:07.619000,419.0350121872111,103
2024-09-19 11:15:07.729000,419.0765898610868,1002
2024-09-19 11:15:07.741000,419.0138383476878,1002
2024-09-19 11:15:07.772000,419.1339031322547,98
2024-09-19 11:15:07.814000,419.0522568065145,105
2024-09-19 11:15:07.862000,419.01801861756127,5
2024-09-19 11:15:07.954000,419.0250243688927,105
2024-09-19 11:15:08.428000,419.1559824206664,1005
2024-09-19 11:15:08.612000,419.1536840110712,5
2024-09-19 11:15:08.815000,419.1491056006325,12
2024-09-19 11:15:09.484000,419.14588844340005,1000
2024-09-19 11:15:09.629000,419.13501912452034,10
2024-09-19 11:15:10.080000,419.1546284027503,5
2024-09-19 11:15:10.127000,419.18967601767264,15
2024-09-19 11:15:10.130000,419.1890805201736,1002
2024-09-19 11:15:10.193000,419.18776687963714,14
2024-09-19 11:15:10.234000,419.1943183828071,995
2024-09-19 11:15:10.264000,419.1752955665081,998
2024-09-19 11:15:10.334000,419.168990373692,96
2024-09-19 11:15:10.365000,419.191745914682,95
2024-09-19 11:15:10.461000,419.1880417483707,100
2024-09-19 11:15:10.480000,419.17434195169113,997
2024-09-19 11:15:10.501000,419.1830206452933,98
2024-09-19 11:15:10.519000,419.1481107512843,1004
2024-09-19 11:15:10.539000,419.1940026928963,1004
2024-09-19 11:15:10.575000,419.1755163054663,14
2024-09-19 11:15:10.660000,419.16826376303936,1004
2024-09-19 11:15:10.694000,419.20764088214935,97
2024-09-19 11:15:10.718000,419.1964792692077,100
2024-09-19 11:15:10.744000,419.1283134641423,9
2024-09-19 11:15:10.787000,419.1773585842155,10
2024-09-19 11:15:10.916000,419.1726118314775,1000
2024-09-19 11:15:10.962000,419.1570432135653,1003
2024-09-19 11:15:11.365000,419.1803856804598,5
2024-09-19 11:15:11.443000,419.1771311780397,10
2024-09-19 11:15:11.742000,419.19191378917344,100
2024-09-19 11:15:11.818000,419.17729926326695,98
2024-09-19 11:15:11.835000,419.17590824818205,95
2024-09-19 11:15:11.913000,419.1675645052775,5
2024-09-19 11:15:11.944000,419.1594800998196,1000
2024-09-19 11:15:11.944000,419.19105015675706,998
2024-09-19 11:15:12.028000,419.1628639149798,1001
2024-09-19 11:15:12.140000,419.15620395490345,96
2024-09-19 11:15:12.181000,419.1696737709366,10
2024-09-19 11:15:12.220000,419.1703451461906,6
2024-09-19 11:15:12.362000,419.1549028836846,998
2024-09-19 11:15:12.695000,419.17590307072015,998
2024-09-19 11:15:12.733000,419.1723823098365,999
2024-09-19 11:15:12.787000,419.16556833236376,104
2024-09-19 11:15:12.852000,419.1768515514731,12
2024-09-19 11:15:13.158000,419.1596260862882,95
2024-09-19 11:15:13.359000,419.1352747758169,1002
2024-09-19 11:15:13.394000,419.1427054213757,15
2024-09-19 11:15:13.444000,419.1640162321361,13
2024-09-19 11:15:13.544000,419.14446639703306,12
2024-09-19 11:15:13.606000,419.16145160815,10
2024-09-19 11:15:13.690000,419.16776690232734,9
2024-09-19 11:15:14.032000,419.143011312317,1003
2024-09-19 11:15:14.121000,419.1287716203135,95
2024-09-19 11:15:14.136000,419.1456319204518,105
2024-09-19 11:15:14.176000,419.1369678031121,7
2024-09-19 11:15:14.240000,419.15943787172233,14
2024-09-19 11:15:14.291000,419.1309944580264,101
2024-09-19 11:15:14.319000,419.137901590936,104
2024-09-19 11:15:14.341000,419.1317155166165,9
2024-09-19 11:15:14.345000,419.1467305719143,1002
2024-09-19 11:15:14.354000,419.152752263132,998
2024-09-19 11:15:14.365000,419.1278127949614,1005
2024-09-19 11:15:14.420000,419.15244860125335,1000
2024-09-19 11:15:14.551000,419.1537482498294,10
2024-09-19 11:15:14.595000,419.1487318519622,12
2024-09-19 11:15:14.708000,419.1318569373111,14
2024-09-19 11:15:14.835000,419.1582163695941,13
2024-09-19 11:15:14.842000,419.1333149121299,95
2024-09-19 11:15:14.936000,419.13282034735454,12
2024-09-19 11:15:15.166000,419.1479283068404,995
2024-09-19 11:15:16.015000,419.1421660384321,1005
2024-09-19 11:15:16.026000,419.14468889451547,997
2024-09-19 11:15:16.076000,419.1193535988456,1000
2024-09-19 11:15:16.104000,419.1415046532941,101
2024-09-19 11:15:16.112000,419.1179784181329,97
2024-09-19 11:15:16.237000,419.116985878476,996
2024-09-19 11:15:16.254000,419.1113471175496,14
2024-09-19 11:15:16.265000,419.1167601896223,98
2024-09-19 11:15:16.325000,419.15785005252513,100
2024-09-19 11:15:16.424000,419.1183990773576,100
2024-09-19 11:15:16.440000,419.1738112284568,95
2024-09-19 11:15:16.449000,419.1097019818111,11
2024-09-19 11:15:16.498000,419.1123890766242,1000
2024-09-19 11:15:16.518000,419.149615925034,100
2024-09-19 11:15:16.619000,419.1514964080891,996
2024-09-19 11:15:16.731000,419.137297392068,14
2024-09-19 11:15:16.813000,419.1208730689117,97
2024-09-19 11:15:16.851000,419.1153863154953,9
2024-09-19 11:15:16.873000,419.1349820307494,1003
2024-09-19 11:15:16.908000,419.1393280820977,1000
2024-09-19 11:15:16.938000,419.153648062568,15
2024-09-19 11:15:16.949000,419.12715009874086,100
2024-09-19 11:15:16.962000,419.17121606052194,97
2024-09-19 11:15:16.972000,419.1325748941712,9
2024-09-19 11:15:16.980000,419.1266412605172,105
2024-09-19 11:15:18.027000,419.1033817622517,14
2024-09-19 11:15:18.036000,419.0922701846032,12
2024-09-19 11:15:18.041000,419.1610138816366,1004
2024-09-19 11:15:18.041000,419.17770986168273,8
2024-09-19 11:15:18.058000,419.1077421527678,8
2024-09-19 11:15:18.112000,419.1542394712672,1001
2024-09-19 11:15:18.143000,419.1427599616469,102
2024-09-19 11:15:18.144000,419.0828309791074,1004
2024-09-19 11:15:18.211000,419.1467095425784,7
2024-09-19 11:15:18.325000,419.1088310934263,14
2024-09-19 11:15:18.348000,419.1162140740638,1004
2024-09-19 11:15:18.368000,419.156050218134,997
2024-09-19 11:15:18.371000,419.0859119838006,1002
2024-09-19 11:15:18.388000,419.1568561491609,1000
2024-09-19 11:15:18.446000,419.0791680144515,95
2024-09-19 11:15:18.451000,419.1126983364501,995
2024-09-19 11:15:18.542000,419.1738756777641,5
2024-09-19 11:15:18.548000,419.16856830956135,96
2024-09-19 11:15:18.628000,419.1160225913048,1000
2024-09-19 11:15:18.637000,419.0804005847348,5
2024-09-19 11:15:18.701000,419.08652123552366,104
2024-09-19 11:15:18.709000,419.0723219081255,100
2024-09-19 11:15:18.883000,419.1419076175631,15
2024-09-19 11:15:18.896000,419.0879193047776,5
2024-09-19 11:15:18.935000,419.14815117180586,103
2024-09-19 11:15:18.938000,419.1488176305886,104
2024-09-19 11:15:19.235000,419.1603461120246,12
2024-09-19 11:15:19.755000,419.1502413292852,10
2024-09-19 11:15:19.893000,419.16069593521394,98
2024-09-19 11:15:20.022000,419.15788020155696,96
2024-09-19 11:15:20.192000,419.2432542413962,995
2024-09-19 11:15:20.227000,419.1568586786089,97
2024-09-19 11:15:20.283000,419.148124504206,101
2024-09-19 11:15:20.313000,419.2654916363936,997
2024-09-19 11:15:20.349000,419.22076535909406,14
2024-09-19 11:15:20.412000,419.2706499935336,101
2024-09-19 11:15:20.435000,419.2241812880417,1000
2024-09-19 11:15:20.524000,419.2377263012983,97
2024-09-19 11:15:20.808000,419.2380261030712,103
2024-09-19 11:15:20.846000,419.2553911811552,1005
2024-09-19 11:15:20.937000,419.1992958979319,1004
2024-09-19 11:15:20.962000,419.20286120567386,99
2024-09-19 11:15:20.974000,419.1788757257937,15
2024-09-19 11:15:20.980000,419.2782379116814,1005
2024-09-19 11:15:21.135000,419.2977075290603,101
2024-09-19 11:15:21.225000,419.2865236452447,7
2024-09-19 11:15:21.288000,419.2799068581991,102
2024-09-19 11:15:21.784000,419.2734514166498,15
2024-09-19 11:15:22.065000,419.25553841236143,97
2024-09-19 11:15:22.433000,419.2606255916463,102
2024-09-19 11:15:22.559000,419.2602004467501,10
2024-09-19 11:15:22.572000,419.2541101236078,6
2024-09-19 11:15:22.638000,419.2734847845142,104
2024-09-19 11:15:22.661000,419.272790364119,1000
2024-09-19 11:15:22.668000,419.2566704174814,999
2024-09-19 11:15:22.710000,419.2732815820658,9
2024-09-19 11:15:22.741000,419.281970436039,15
2024-09-19 11:15:22.747000,419.266821049786,1002
2024-09-19 11:15:22.756000,419.2385555322502,105
2024-09-19 11:15:22.831000,419.2618469086068,10
2024-09-19 11:15:22.878000,419.22974335563407,101
2024-09-19 11:15:22.896000,419.2553183113711,98
2024-09-19 11:15:22.923000,419.26018076226535,102
2024-09-19 11:15:22.995000,419.270783409504,14
2024-09-19 11:15:23.103000,419.28764038458974,103
2024-09-19 11:15:23.123000,419.28085146070777,102
2024-09-19 11:15:23.169000,419.2901677363682,998
2024-09-19 11:15:23.211000,419.2923960244667,1000
2024-09-19 11:15:23.236000,419.3054252213992,997
2024-09-19 11:15:23.260000,419.3080826384853,95
2024-09-19 11:15:23.282000,419.27155593165753,9
2024-09-19 11:15:23.435000,419.3037934302787,103
2024-09-19 11:15:23.447000,419.27096332626,1002
2024-09-19 11:15:23.502000,419.3314109273071,997
2024-09-19 11:15:23.604000,419.2807179723357,8
2024-09-19 11:15:23.786000,419.29756644632175,1003
2024-09-19 11:15:23.890000,419.2815016511073,101
2024-09-19 11:15:24.051000,419.35114480269857,1004
2024-09-19 11:15:24.113000,419.3662189946993,103
2024-09-19 11:15:24.401000,419.3154840722043,8
2024-09-19 11:15:24.417000,419.3176319084407,995
2024-09-19 11:15:24.451000,419.366254560505,100
2024-09-19 11:15:24.490000,419.321444129265,998
2024-09-19 11:15:24.553000,419.2931021602352,103
2024-09-19 11:15:24.563000,419.3820488294835,1000
2024-09-19 11:15:24.701000,419.3174427982215,97
2024-09-19 11:15:24.774000,419.33837683165547,104
2024-09-19 11:15:24.782000,419.3049261506742,7
2024-09-19 11:15:24.864000,419.3566983024912,15
2024-09-19 11:15:25.060000,419.366723580275,95
2024-09-19 11:15:25.121000,419.3989397463861,101
2024-09-19 11:15:25.165000,419.4074353973846,1000
2024-09-19 11:15:25.359000,419.40885200490607,1003
2024-09-19 11:15:25.402000,419.4027336179013,11
2024-09-19 11:15:25.451000,419.4061305613491,998
2024-09-19 11:15:25.476000,419.3763717586001,8
2024-09-19 11:15:25.545000,419.4144917095159,1000
2024-09-19 11:15:25.606000,419.36836110584926,13
2024-09-19 11:15:25.711000,419.4114791044899,997
2024-09-19 11:15:25.772000,419.4052296790391,98
2024-09-19 11:15:25.781000,419.3745834077328,103
2024-09-19 11:15:25.849000,419.41255153804417,105
2024-09-19 11:15:25.877000,419.4144099139945,104
2024-09-19 11:15:25.944000,419.4132129368333,1002
2024-09-19 11:15:26.002000,419.41552725569386,8
2024-09-19 11:15:26.006000,419.41016849066,1005
2024-09-19 11:15:26.100000,419.43498818741455,12
2024-09-19 11:15:26.135000,419.4130448931836,1001
2024-09-19 11:15:26.217000,419.4188458509452,5
2024-09-19 11:15:26.237000,419.422510061642,1004
2024-09-19 11:15:26.273000,419.4297732420734,97
2024-09-19 11:15:26.326000,419.41085942260105,7
2024-09-19 11:15:26.367000,419.3804629834822,104
2024-09-19 11:15:26.424000,419.4228531505417,1002
2024-09-19 11:15:26.466000,419.4189885518435,99
2024-09-19 11:15:26.504000,419.3732359437212,105
2024-09-19 11:15:26.512000,419.4296781110817,100
2024-09-19 11:15:26.575000,419.4167450643805,1004
2024-09-19 11:15:26.597000,419.4265666984548,1005
2024-09-19 11:15:26.616000,419.4042566673869,995
2024-09-19 11:15:26.699000,419.38797003039787,102
2024-09-19 11:15:26.706000,419.38382415178177,1002
2024-09-19 11:15:26.739000,419.43217789575215,1002
2024-09-19 11:15:26.763000,419.4135605370785,8
2024-09-19 11:15:26.807000,419.41782214913934,1002
2024-09-19 11:15:26.811000,419.4074039849308,9
2024-09-19 11:15:26.833000,419.4322368166773,1001
2024-09-19 11:15:26.843000,419.42482798933537,1005
2024-09-19 11:15:26.896000,419.3895880997528,995
2024-09-19 11:15:26.950000,419.42402190739296,999
2024-09-19 11:15:26.974000,419.4114068661549,104
2024-09-19 11:15:27.071000,419.36600655560727,103
2024-09-19 11:15:27.139000,419.32902906448265,1002
2024-09-19 11:15:27.140000,419.3361616739114,995
2024-09-19 11:15:27.146000,419.408232254109,13
2024-09-19 11:15:27.149000,419.332283395938,1004
2024-09-19 11:15:27.385000,419.3377600701797,96
2024-09-19 11:15:27.462000,419.3277545009646,1002
2024-09-19 11:15:27.574000,419.3272766402922,96
2024-09-19 11:15:27.661000,419.3255419392278,97
2024-09-19 11:15:27.739000,419.4067052681927,9
2024-09-19 11:15:27.769000,419.40628333333575,1000
2024-09-19 11:15:27.786000,419.3246061976235,1002
2024-09-19 11:15:27.817000,419.34574705469737,100
2024-09-19 11:15:27.818000,419.3133107255096,995
2024-09-19 11:15:28.013000,419.3672122735544,101
2024-09-19 11:15:28.023000,419.3329434263438,99
2024-09-19 11:15:28.150000,419.3514478905782,104
2024-09-19 11:15:28.238000,419.3104419646317,8
2024-09-19 11:15:28.279000,419.3323497882462,1002
2024-09-19 11:15:28.300000,419.3094549741942,1001
2024-09-19 11:15:28.345000,419.3503272809174,996
2024-09-19 11:15:28.457000,419.3752850553631,998
2024-09-19 11:15:28.469000,419.3569031286746,100
2024-09-19 11:15:28.505000,419.35536095582427,15
2024-09-19 11:15:28.524000,419.3111601214111,995
2024-09-19 11:15:28.592000,419.3774728809154,11
2024-09-19 11:15:28.802000,419.3175726022591,102
2024-09-19 11:15:28.833000,419.3183063045174,6
2024-09-19 11:15:28.872000,419.3199020495031,100
2024-09-19 11:15:28.940000,419.3133375498128,14
2024-09-19 11:15:28.988000,419.30843360768137,97
2024-09-19 11:15:29.019000,419.35496986923545,101
2024-09-19 11:15:29.032000,419.3438977157507,1002
2024-09-19 11:15:29.060000,419.3804785241449,12
2024-09-19 11:15:29.171000,419.36862258399617,1005
2024-09-19 11:15:29.187000,419.3324774007192,7
2024-09-19 11:15:29.240000,419.35409721459393,103
2024-09-19 11:15:29.279000,419.3396949986821,98
2024-09-19 11:15:29.335000,419.3717352010098,9
2024-09-19 11:15:29.415000,419.3334978814004,1002
2024-09-19 11:15:29.423000,419.3367474254684,1003
2024-09-19 11:15:29.479000,419.3327736639563,102
2024-09-19 11:15:29.483000,419.36664732967273,104
2024-09-19 11:15:29.551000,419.38700747894063,1001
2024-09-19 11:15:29.567000,419.3608281040218,10
2024-09-19 11:15:29.619000,419.3435619427884,1004
2024-09-19 11:15:29.642000,419.35184543337846,95
2024-09-19 11:15:29.659000,419.3519049691083,95
2024-09-19 11:15:29.681000,419.34775264822593,9
2024-09-19 11:15:29.694000,419.32218959159263,8
2024-09-19 11:15:29.749000,419.3290835613402,1002
2024-09-19 11:15:29.801000,419.3589754175317,95
2024-09-19 11:15:29.820000,419.3287385389376,103
2024-09-19 11:15:29.824000,419.3555440066451,997
2024-09-19 11:15:29.847000,419.3505990235852,1003
2024-09-19 11:15:29.855000,419.3270804933833,10
2024-09-19 11:15:29.873000,419.3637473592173,101
2024-09-19 11:15:29.922000,419.3440105163685,100
2024-09-19 11:15:30.362000,419.3293256131111,999
2024-09-19 11:15:30.516000,419.33109881555646,103
2024-09-19 11:15:30.719000,419.3502288422526,1002
2024-09-19 11:15:31.027000,419.35035969304914,99
2024-09-19 11:15:31.053000,419.3073588303839,999
2024-09-19 11:15:31.123000,419.3056353102582,105
2024-09-19 11:15:31.212000,419.2911407675337,995
2024-09-19 11:15:31.231000,419.3172255053937,100
2024-09-19 11:15:31.290000,419.311757744074,15
2024-09-19 11:15:31.343000,419.3072341254707,15
2024-09-19 11:15:31.345000,419.32524400628535,9
2024-09-19 11:15:31.495000,419.3200906185609,997
2024-09-19 11:15:31.564000,419.3163364402124,1005
2024-09-19 11:15:31.682000,419.3235017343438,98
2024-09-19 11:15:31.718000,419.3283256733784,1000
2024-09-19 11:15:31.734000,419.3080461580685,6
2024-09-19 11:15:31.777000,419.3204316575335,995
2024-09-19 11:15:31.830000,419.3077163595608,13
2024-09-19 11:15:31.851000,419.3359371096687,7
2024-09-19 11:15:31.906000,419.3297433477189,1004
2024-09-19 11:15:31.952000,419.3197314684234,96
2024-09-19 11:15:32.001000,419.3168109747919,5
2024-09-19 11:15:32.035000,419.30302669972906,95
2024-09-19 11:15:32.081000,419.3069273453014,98
2024-09-19 11:15:32.227000,419.35205797718345,98
2024-09-19 11:15:32.232000,419.31010358211694,10
2024-09-19 11:15:32.255000,419.30074507411456,5
2024-09-19 11:15:32.257000,419.3506951256961,95
2024-09-19 11:15:32.311000,419.3057517778078,1001
2024-09-19 11:15:32.402000,419.3284970388809,1001
2024-09-19 11:15:32.421000,419.309578987768,7
2024-09-19 11:15:32.424000,419.3119393287226,5
2024-09-19 11:15:32.433000,419.3639955770595,8
2024-09-19 11:15:32.452000,419.3236050910336,7
2024-09-19 11:15:32.463000,419.2886880959159,11
2024-09-19 11:15:32.521000,419.3002326732616,1003
2024-09-19 11:15:32.564000,419.3421069002953,997
2024-09-19 11:15:32.574000,419.3113032948456,100
2024-09-19 11:15:32.646000,419.2927699117216,12
2024-09-19 11:15:32.686000,419.275629949162,13
2024-09-19 11:15:32.793000,419.318061073004,1002
2024-09-19 11:15:32.883000,419.3236775540034,1003
2024-09-19 11:15:32.893000,419.3028062529242,12
2024-09-19 11:15:32.904000,419.3281074217351,10
2024-09-19 11:15:33.012000,419.3344658094359,996
2024-09-19 11:15:33.021000,419.41138548647206,8
2024-09-19 11:15:33.033000,419.37636572805405,7
2024-09-19 11:15:33.136000,419.27971531267656,995
2024-09-19 11:15:33.171000,419.378368714327,7
2024-09-19 11:15:33.266000,419.3077662369786,13
2024-09-19 11:15:33.292000,419.3927752492706,1004
2024-09-19 11:15:33.321000,419.37920490204687,11
2024-09-19 11:15:33.358000,419.3250714007415,996
2024-09-19 11:15:33.405000,419.31556428096064,102
2024-09-19 11:15:33.417000,419.4204430927994,1001
2024-09-19 11:15:33.452000,419.4260592398132,1002
2024-09-19 11:15:33.484000,419.38668641967246,99
2024-09-19 11:15:33.510000,419.3551843972556,9
2024-09-19 11:15:33.519000,419.30305932833056,97
2024-09-19 11:15:33.542000,419.4147520299831,999
2024-09-19 11:15:33.569000,419.3925995143188,105
2024-09-19 11:15:33.572000,419.3925716396521,1005
2024-09-19 11:15:33.608000,419.4024905593306,13
2024-09-19 11:15:33.682000,419.3368016634946,103
2024-09-19 11:15:33.770000,419.3270065863279,1003
2024-09-19 11:15:33.797000,419.2896453535414,13
2024-09-19 11:15:33.801000,419.3798343934007,95
2024-09-19 11:15:33.818000,419.3972057604971,98
2024-09-19 11:15:33.942000,419.3763354552687,1004
2024-09-19 11:15:33.992000,419.3338774044442,101
2024-09-19 11:15:33.996000,419.3969455069591,97
2024-09-19 11:15:34.213000,419.3731774447504,14
2024-09-19 11:15:34.250000,419.3632260067228,996
2024-09-19 11:15:34.257000,419.37461276981793,15
2024-09-19 11:15:34.386000,419.3828134383128,103
2024-09-19 11:15:34.456000,419.3472879080505,1002
2024-09-19 11:15:34.540000,419.3628500906445,8
2024-09-19 11:15:34.595000,419.38653068993386,12
2024-09-19 11:15:34.626000,419.3612049276836,13
2024-09-19 11:15:34.825000,419.3832713626365,1002
2024-09-19 11:15:34.833000,419.35332227012105,995
2024-09-19 11:15:34.878000,419.40035390510496,103
2024-09-19 11:15:34.936000,419.3453924522021,15
2024-09-19 11:15:35,419.4035702823463,8
2024-09-19 11:15:35.170000,419.4072500035688,14
2024-09-19 11:15:35.402000,419.4065939454908,997
2024-09-19 11:15:35.416000,419.3694707042863,103
2024-09-19 11:15:35.455000,419.38797557080846,13
2024-09-19 11:15:35.582000,419.3975407587921,95
2024-09-19 11:15:35.638000,419.39071307627495,15
2024-09-19 11:15:35.776000,419.4140586978953,12
2024-09-19 11:15:35.838000,419.3893185465993,14
2024-09-19 11:15:35.877000,419.3963196958119,5
2024-09-19 11:15:36.023000,419.3865506480632,7
2024-09-19 11:15:36.057000,419.4504118081537,996
2024-09-19 11:15:36.080000,419.33278475987584,1005
2024-09-19 11:15:36.267000,419.394424264701,1005
2024-09-19 11:15:36.295000,419.4638072387486,96
2024-09-19 11:15:36.307000,419.3551973302637,104
2024-09-19 11:15:36.310000,419.3421080270472,997
2024-09-19 11:15:36.389000,419.4688644263359,102
2024-09-19 11:15:36.394000,419.34886991625245,105
2024-09-19 11:15:36.402000,419.3428538131678,99
2024-09-19 11:15:36.413000,419.4258833637699,100
2024-09-19 11:15:36.413000,419.3737676986349,1004
2024-09-19 11:15:36.450000,419.44728583974177,105
2024-09-19 11:15:36.499000,419.4300998178747,997
2024-09-19 11:15:36.501000,419.3783190800437,97
2024-09-19 11:15:36.660000,419.46503633058194,1003
2024-09-19 11:15:36.687000,419.37445097751566,104
2024-09-19 11:15:36.709000,419.3367852681676,1005
2024-09-19 11:15:36.711000,419.3554802137256,13
2024-09-19 11:15:36.712000,419.4646557046798,105
2024-09-19 11:15:36.766000,419.4777841959879,12
2024-09-19 11:15:36.822000,419.3422076490052,11
2024-09-19 11:15:36.836000,419.3281983483062,102
2024-09-19 11:15:36.869000,419.44235722664894,8
2024-09-19 11:15:36.893000,419.4131925358794,5
2024-09-19 11:15:36.907000,419.364311474331,5
2024-09-19 11:15:36.954000,419.3588832577082,1001
2024-09-19 11:15:37.010000,419.521237842065,99
2024-09-19 11:15:37.012000,419.47778322474977,995
2024-09-19 11:15:37.035000,419.5374691518373,996
2024-09-19 11:15:37.177000,419.4706912394216,1003
2024-09-19 11:15:37.326000,419.4962137520132,11
2024-09-19 11:15:37.335000,419.4779884273332,9
2024-09-19 11:15:37.551000,419.55447499375583,105
2024-09-19 11:15:37.576000,419.5381279469364,103
2024-09-19 11:15:37.590000,419.4971610111919,999
2024-09-19 11:15:37.601000,419.50781530542304,13
2024-09-19 11:15:37.640000,419.5552539493069,9
2024-09-19 11:15:37.665000,419.4820417822475,1005
2024-09-19 11:15:37.700000,419.5312633780545,997
2024-09-19 11:15:37.729000,419.5168708395868,997
2024-09-19 11:15:37.824000,419.4939127799136,11
2024-09-19 11:15:37.898000,419.5216888365004,7
2024-09-19 11:15:38.028000,419.4340551111199,11
2024-09-19 11:15:38.045000,419.4699092247917,7
2024-09-19 11:15:38.052000,419.50056673773855,997
2024-09-19 11:15:38.085000,419.5214387514304,1002
2024-09-19 11:15:38.108000,419.5178564030732,1001
2024-09-19 11:15:38.260000,419.4899961638423,103
2024-09-19 11:15:38.282000,419.4295962457856,997
2024-09-19 11:15:38.285000,419.40526101566536,103
2024-09-19 11:15:38.446000,419.5046000105107,102
2024-09-19 11:15:38.480000,419.4985973724742,7
2024-09-19 11:15:38.561000,419.52436077424113,999
2024-09-19 11:15:38.562000,419.4749214439668,95
2024-09-19 11:15:38.574000,419.4596815292854,6
2024-09-19 11:15:38.628000,419.5038516681828,995
2024-09-19 11:15:38.732000,419.47311396210665,11
2024-09-19 11:15:38.770000,419.4640646961994,95
2024-09-19 11:15:38.824000,419.42672399198335,12
2024-09-19 11:15:38.840000,419.4240406474297,99
2024-09-19 11:15:38.867000,419.4370055065842,995
2024-09-19 11:15:38.876000,419.4735880267421,7
2024-09-19 11:15:38.878000,419.49222149408473,10
2024-09-19 11:15:38.947000,419.50437148291536,6
2024-09-19 11:15:39.088000,419.4413940225757,14
2024-09-19 11:15:39.145000,419.4396415246707,98
2024-09-19 11:15:39.298000,419.4445986158651,6
2024-09-19 11:15:39.349000,419.44180375824624,97
2024-09-19 11:15:39.446000,419.42428176387153,995
2024-09-19 11:15:39.533000,419.4240867609618,105
2024-09-19 11:15:39.537000,419.43978154641945,1002
2024-09-19 11:15:39.565000,419.4364017356273,99
2024-09-19 11:15:39.624000,419.4460764011014,999
2024-09-19 11:15:39.850000,419.4451940221396,1002
2024-09-19 11:15:40.056000,419.4357036966053,100
2024-09-19 11:15:40.126000,419.44386618246085,1001
2024-09-19 11:15:40.200000,419.468243931907,14
2024-09-19 11:15:40.287000,419.4393437805149,9
2024-09-19 11:15:40.328000,419.45965613193385,1000
2024-09-19 11:15:40.361000,419.42295500656274,1002
2024-09-19 11:15:40.366000,419.4415067156313,102
2024-09-19 11:15:40.440000,419.4547605350298,995
2024-09-19 11:15:40.504000,419.4553448244351,997
2024-09-19 11:15:40.742000,419.41939128739,95
2024-09-19 11:15:40.746000,419.4509836327,1002
2024-09-19 11:15:40.752000,419.46150319482,1000
2024-09-19 11:15:40.804000,419.4094135254073,96
2024-09-19 11:15:40.826000,419.4210413151587,15
2024-09-19 11:15:40.900000,419.4317053897242,95
2024-09-19 11:15:40.926000,419.4594895438928,998
2024-09-19 11:15:40.932000,419.4339312172714,10
2024-09-19 11:15:40.954000,419.44740332660353,14
2024-09-19 11:15:40.979000,419.4609483420856,13
2024-09-19 11:15:40.981000,419.4457291030329,12
2024-09-19 11:15:42.120000,419.4546747027864,99
2024-09-19 11:15:42.121000,419.4692652115803,1002
2024-09-19 11:15:42.226000,419.4739568345511,1004
2024-09-19 11:15:42.434000,419.4793915361868,13
2024-09-19 11:15:42.449000,419.4697096112477,6
2024-09-19 11:15:42.456000,419.4439886219649,1003
2024-09-19 11:15:42.620000,419.4677174933759,105
2024-09-19 11:15:42.668000,419.4730852709287,96
2024-09-19 11:15:42.717000,419.4795404482532,13
2024-09-19 11:15:42.767000,419.4709194484597,9
2024-09-19 11:15:42.828000,419.4583819105351,1001
2024-09-19 11:15:42.919000,419.4627239072105,995
2024-09-19 11:15:42.988000,419.454276388842,10
2024-09-19 11:15:43.101000,419.4525123921943,97
2024-09-19 11:15:43.109000,419.4049191285753,14
2024-09-19 11:15:43.134000,419.4123019825681,104
2024-09-19 11:15:43.169000,419.4430058044688,105
2024-09-19 11:15:43.205000,419.39445879901626,997
2024-09-19 11:15:43.232000,419.3784145203276,998
2024-09-19 11:15:43.256000,419.425734230565,103
2024-09-19 11:15:43.321000,419.4072887689873,103
2024-09-19 11:15:43.414000,419.4177933856001,104
2024-09-19 11:15:43.422000,419.4299027673372,999
2024-09-19 11:15:43.498000,419.4384817895635,5
2024-09-19 11:15:43.504000,419.4277262456369,14
2024-09-19 11:15:43.534000,419.4386362882824,997
2024-09-19 11:15:43.563000,419.471655566874,15
2024-09-19 11:15:43.654000,419.4535867123813,1001
2024-09-19 11:15:43.681000,419.4544675578625,1004
2024-09-19 11:15:43.798000,419.3849929973391,996
2024-09-19 11:15:43.863000,419.4544676672469,1005
2024-09-19 11:15:43.901000,419.4396837715342,12
2024-09-19 11:15:43.956000,419.440310413564,1002
2024-09-19 11:15:43.986000,419.4097862290211,999
2024-09-19 11:15:44.031000,419.39562457438575,996
2024-09-19 11:15:44.283000,419.3884044306602,105
2024-09-19 11:15:44.318000,419.3976190385968,999
2024-09-19 11:15:44.380000,419.3941117818056,99
2024-09-19 11:15:44.629000,419.3906880752855,6
2024-09-19 11:15:44.679000,419.3869977949886,11
2024-09-19 11:15:44.847000,419.4224655314848,9
2024-09-19 11:15:44.859000,419.3830465329342,96
2024-09-19 11:15:44.906000,419.402637319468,95
2024-09-19 11:15:45,419.4338044355273,96
2024-09-19 11:15:45.019000,419.4061263679555,104
2024-09-19 11:15:45.175000,419.4490221089417,7
2024-09-19 11:15:45.196000,419.440029138542,102
2024-09-19 11:15:45.236000,419.4129897401463,95
2024-09-19 11:15:45.250000,419.4331165489845,7
2024-09-19 11:15:45.251000,419.40552556683735,14
2024-09-19 11:15:45.278000,419.411133856686,8
2024-09-19 11:15:45.284000,419.443988863215,5
2024-09-19 11:15:45.450000,419.4077223226733,101
2024-09-19 11:15:45.488000,419.4387834057093,95
2024-09-19 11:15:45.516000,419.401026512948,1000
2024-09-19 11:15:45.533000,419.4492737194721,1003
2024-09-19 11:15:45.632000,419.4303379393401,1000
2024-09-19 11:15:45.651000,419.430057286992,997
2024-09-19 11:15:45.675000,419.44440232319903,997
2024-09-19 11:15:45.734000,419.4438475344669,1001
2024-09-19 11:15:45.830000,419.4344824026096,99
2024-09-19 11:15:45.862000,419.43793331905647,99
2024-09-19 11:15:45.906000,419.4014012988368,996
2024-09-19 11:15:46.018000,419.4423563892389,1000
2024-09-19 11:15:46.198000,419.45579021333725,996
2024-09-19 11:15:46.216000,419.4326796500583,102
2024-09-19 11:15:47.013000,419.4596481527038,998
2024-09-19 11:15:47.077000,419.46443990161794,1004
2024-09-19 11:15:47.615000,419.43619364686896,102
2024-09-19 11:15:47.736000,419.43807289437626,95
2024-09-19 11:15:47.800000,419.44166823768313,14
2024-09-19 11:15:48.504000,419.4225429213266,102
2024-09-19 11:15:49.006000,419.476073107726,1004
2024-09-19 11:15:49.044000,419.4732501785986,10
2024-09-19 11:15:49.094000,419.4726872427327,999
2024-09-19 11:15:49.199000,419.4581931689007,10
2024-09-19 11:15:49.302000,419.48445968804526,105
2024-09-19 11:15:49.339000,419.455726066342,996
2024-09-19 11:15:49.375000,419.4833331940874,7
2024-09-19 11:15:49.391000,419.4267523216298,102
2024-09-19 11:15:49.568000,419.4746980012002,996
2024-09-19 11:15:49.584000,419.4549037486275,98
2024-09-19 11:15:49.632000,419.4728472231183,98
2024-09-19 11:15:49.796000,419.4425068870205,10
2024-09-19 11:15:49.828000,419.4889512692197,995
2024-09-19 11:15:49.916000,419.476024744508,100
2024-09-19 11:15:49.927000,419.4877428819698,13
2024-09-19 11:15:49.961000,419.455020776129,11
2024-09-19 11:15:50.075000,419.4640679947698,1004
2024-09-19 11:15:50.106000,419.4654384009726,98
2024-09-19 11:15:50.112000,419.46906734845385,11
2024-09-19 11:15:50.172000,419.4712479911996,1003
2024-09-19 11:15:50.272000,419.47611943372266,104
2024-09-19 11:15:50.448000,419.45881635641,998
2024-09-19 11:15:50.550000,419.4844848019936,1005
2024-09-19 11:15:50.712000,419.4363528981331,999
2024-09-19 11:15:50.856000,419.4508121349912,12
2024-09-19 11:15:50.860000,419.4655664359127,1004
2024-09-19 11:15:50.904000,419.4574943676472,999
2024-09-19 11:15:51.061000,419.4974470301772,104
2024-09-19 11:15:51.095000,419.5181066595585,15
2024-09-19 11:15:51.124000,419.532141691193,995
2024-09-19 11:15:51.189000,419.4935604043615,95
2024-09-19 11:15:51.197000,419.47797497037527,96
2024-09-19 11:15:51.221000,419.5063134976679,14
2024-09-19 11:15:51.254000,419.4985210575124,97
2024-09-19 11:15:51.288000,419.4837862835638,97
2024-09-19 11:15:51.347000,419.4968421919355,105
2024-09-19 11:15:51.371000,419.4815580003986,11
2024-09-19 11:15:51.373000,419.5269426665935,1002
2024-09-19 11:15:51.377000,419.51855165391726,1003
2024-09-19 11:15:51.417000,419.5156478509624,996
2024-09-19 11:15:51.425000,419.5360603651775,95
2024-09-19 11:15:51.550000,419.4954375267696,13
2024-09-19 11:15:51.662000,419.501280793024,1000
2024-09-19 11:15:51.697000,419.51641968702256,105
2024-09-19 11:15:51.743000,419.49542872528366,7
2024-09-19 11:15:51.887000,419.4796411939832,997
2024-09-19 11:15:51.983000,419.5377009222504,1000
2024-09-19 11:15:51.985000,419.5314651450716,104
2024-09-19 11:15:52.098000,419.53816814962056,996
2024-09-19 11:15:52.177000,419.5633860991486,1000
2024-09-19 11:15:52.183000,419.5502712972331,95
2024-09-19 11:15:52.195000,419.57460202138,105
2024-09-19 11:15:52.208000,419.5240633826381,101
2024-09-19 11:15:52.266000,419.51493455739967,10
2024-09-19 11:15:52.304000,419.5172316236129,997
2024-09-19 11:15:52.330000,419.5569249115603,8
2024-09-19 11:15:52.347000,419.4863438942028,12
2024-09-19 11:15:52.364000,419.5727907722804,1005
2024-09-19 11:15:52.390000,419.5085916211141,7
2024-09-19 11:15:52.429000,419.50398859108094,997
2024-09-19 11:15:52.487000,419.5310139855325,13
2024-09-19 11:15:52.512000,419.5185399979287,98
2024-09-19 11:15:52.513000,419.51506183861625,98
2024-09-19 11:15:52.547000,419.5623870212609,12
2024-09-19 11:15:52.603000,419.5370407110682,99
2024-09-19 11:15:52.676000,419.5589514070746,10
2024-09-19 11:15:52.700000,419.5169704718161,5
2024-09-19 11:15:52.754000,419.5778568626068,96
2024-09-19 11:15:52.767000,419.5760855888924,11
2024-09-19 11:15:52.769000,419.49547217989567,995
2024-09-19 11:15:52.839000,419.580828267682,12
2024-09-19 11:15:53.015000,419.503385316,105
2024-09-19 11:15:53.093000,419.5532061069968,13
2024-09-19 11:15:53.115000,419.49856585897015,11
2024-09-19 11:15:53.123000,419.508186521183,13
2024-09-19 11:15:53.220000,419.55732056671536,101
2024-09-19 11:15:53.232000,419.5236713621644,1001
2024-09-19 11:15:53.238000,419.51975500320606,15
2024-09-19 11:15:53.308000,419.5228030189173,12
2024-09-19 11:15:53.351000,419.543726580796,103
2024-09-19 11:15:53.452000,419.5311048647724,96
2024-09-19 11:15:53.453000,419.51219642475854,8
2024-09-19 11:15:53.489000,419.5014379039754,999
2024-09-19 11:15:53.535000,419.4978990233619,101
2024-09-19 11:15:53.611000,419.52964978659713,97
2024-09-19 11:15:53.630000,419.5031838173589,1003
2024-09-19 11:15:53.631000,419.53144258454176,13
2024-09-19 11:15:53.762000,419.52058193701777,13
2024-09-19 11:15:53.763000,419.5096172630873,15
2024-09-19 11:15:53.771000,419.52918422480144,9
2024-09-19 11:15:53.772000,419.5275249722481,101
2024-09-19 11:15:53.775000,419.5176685867458,99
2024-09-19 11:15:53.873000,419.5083899488759,996
2024-09-19 11:15:53.886000,419.5403526167221,95
2024-09-19 11:15:53.905000,419.5167640408922,97
2024-09-19 11:15:53.906000,419.5104084918361,102
2024-09-19 11:15:53.924000,419.5204814849246,6
2024-09-19 11:15:53.937000,419.4960978838676,995
2024-09-19 11:15:53.966000,419.5442856666669,998
2024-09-19 11:15:54.024000,419.52440556464416,1000
2024-09-19 11:15:54.141000,419.5212800556503,103
2024-09-19 11:15:54.667000,419.5305880061458,99
2024-09-19 11:15:54.745000,419.53497420742815,996
2024-09-19 11:15:55.025000,419.4895727256172,1004
2024-09-19 11:15:55.035000,419.572003861568,1004
2024-09-19 11:15:55.067000,419.5640864269869,997
2024-09-19 11:15:55.087000,419.5371530664394,102
2024-09-19 11:15:55.097000,419.57017863042057,10
2024-09-19 11:15:55.114000,419.55550311817626,101
2024-09-19 11:15:55.130000,419.5817376090161,1002
2024-09-19 11:15:55.303000,419.5874664107384,11
2024-09-19 11:15:55.335000,419.5406687650216,96
2024-09-19 11:15:55.343000,419.50571050799726,96
2024-09-19 11:15:55.390000,419.4890570241522,996
2024-09-19 11:15:55.447000,419.54125701844026,9
2024-09-19 11:15:55.456000,419.5668785139456,8
2024-09-19 11:15:55.464000,419.5467186325518,98
2024-09-19 11:15:55.494000,419.5941370653414,7
2024-09-19 11:15:55.550000,419.5420610407391,998
2024-09-19 11:15:55.727000,419.5653552094637,1001
2024-09-19 11:15:55.739000,419.5797139292756,998
2024-09-19 11:15:55.817000,419.5316972453355,999
2024-09-19 11:15:55.822000,419.5703874907397,1001
2024-09-19 11:15:55.837000,419.5925242135718,98
2024-09-19 11:15:55.914000,419.52974249114914,995
2024-09-19 11:15:56,419.626699111264,95
2024-09-19 11:15:56.107000,419.66845699500215,96
2024-09-19 11:15:56.142000,419.5740821566491,105
2024-09-19 11:15:56.229000,419.62968668117423,101
2024-09-19 11:15:56.255000,419.5854651873413,5
2024-09-19 11:15:56.304000,419.643787072664,99
2024-09-19 11:15:56.431000,419.62991168029134,99
2024-09-19 11:15:56.448000,419.66220394231993,95
2024-09-19 11:15:56.455000,419.6350498555699,101
2024-09-19 11:15:56.530000,419.5740801616474,10
2024-09-19 11:15:56.614000,419.63827452703975,10
2024-09-19 11:15:56.771000,419.6994348697016,15
2024-09-19 11:15:56.784000,419.70222575267,6
2024-09-19 11:15:56.790000,419.6837636206221,1000
2024-09-19 11:15:56.794000,419.6196025646045,100
2024-09-19 11:15:56.832000,419.6244474174632,103
2024-09-19 11:15:56.973000,419.6774145221114,1004
2024-09-19 11:15:57,419.7575632057562,1002
2024-09-19 11:15:57.041000,419.7175379530544,10
2024-09-19 11:15:57.048000,419.768398331261,997
2024-09-19 11:15:57.113000,419.7211744322509,1002
2024-09-19 11:15:57.137000,419.7198097904271,15
2024-09-19 11:15:57.202000,419.7142223550337,5
2024-09-19 11:15:57.213000,419.7326134316058,104
2024-09-19 11:15:57.234000,419.71147258423264,10
2024-09-19 11:15:57.270000,419.7275803001866,101
2024-09-19 11:15:57.271000,419.73143118859787,102
2024-09-19 11:15:57.309000,419.71287606708665,15
2024-09-19 11:15:57.321000,419.7240224071294,12
2024-09-19 11:15:57.449000,419.7542033511917,13
2024-09-19 11:15:57.544000,419.7584644895222,6
2024-09-19 11:15:57.592000,419.76884649021406,996
2024-09-19 11:15:57.615000,419.7402701640684,101
2024-09-19 11:15:57.659000,419.7240774164672,1003
2024-09-19 11:15:57.665000,419.7415007997698,100
2024-09-19 11:15:57.720000,419.7272047618762,104
2024-09-19 11:15:57.762000,419.72534652136574,5
2024-09-19 11:15:57.804000,419.7284758691269,996
2024-09-19 11:15:57.807000,419.70973913328936,103
2024-09-19 11:15:57.836000,419.72527412787366,13
2024-09-19 11:15:57.878000,419.7197865818849,5
2024-09-19 11:15:57.893000,419.7711125338226,1000
2024-09-19 11:15:57.911000,419.7668444370428,97
2024-09-19 11:15:57.957000,419.7328168889478,100
2024-09-19 11:15:58.215000,419.68092549722735,997
2024-09-19 11:15:58.361000,419.7373301439097,10
2024-09-19 11:15:58.513000,419.7176599350676,105
2024-09-19 11:15:58.535000,419.7056101840773,99
2024-09-19 11:15:58.971000,419.7283175310845,7
2024-09-19 11:15:59.034000,419.7227762721527,97
2024-09-19 11:15:59.059000,419.67562596982685,999
2024-09-19 11:15:59.127000,419.7143092500241,97
2024-09-19 11:15:59.144000,419.7081945417497,99
2024-09-19 11:15:59.153000,419.68022970964046,15
2024-09-19 11:15:59.258000,419.7254048332645,13
2024-09-19 11:15:59.374000,419.7104644876673,102
2024-09-19 11:15:59.382000,419.7630748866069,1000
2024-09-19 11:15:59.454000,419.7517991695448,10
2024-09-19 11:15:59.476000,419.6737827015873,98
2024-09-19 11:15:59.520000,419.7350074622937,996
2024-09-19 11:15:59.520000,419.738005867198,999
2024-09-19 11:15:59.597000,419.7578728186052,96
2024-09-19 11:15:59.738000,419.7554708413117,1005
2024-09-19 11:15:59.938000,419.7330589998149,99
2024-09-19 11:15:59.982000,419.734167271938,998
