Timestamp,Price,Size
2024-09-20 12:45:00.035000,428.0429866728176,6
2024-09-20 12:45:00.084000,428.0362493067517,100
2024-09-20 12:45:00.102000,428.03020956018753,5
2024-09-20 12:45:00.175000,428.04205154867697,5
2024-09-20 12:45:00.214000,428.0499651046079,1002
2024-09-20 12:45:00.215000,428.0532737188012,5
2024-09-20 12:45:00.290000,428.0496156658808,100
2024-09-20 12:45:00.373000,428.0563911411389,1001
2024-09-20 12:45:00.407000,428.0509577936538,12
2024-09-20 12:45:00.414000,428.06469753869015,98
2024-09-20 12:45:00.419000,428.04676834660006,8
2024-09-20 12:45:00.516000,428.0504067111605,104
2024-09-20 12:45:00.529000,428.05465036763536,6
2024-09-20 12:45:00.578000,428.0407190313736,1001
2024-09-20 12:45:00.584000,428.0523329952691,5
2024-09-20 12:45:00.598000,428.02944069823207,5
2024-09-20 12:45:00.603000,428.0401368023958,6
2024-09-20 12:45:00.664000,428.05046132545823,104
2024-09-20 12:45:00.666000,428.03882617532565,105
2024-09-20 12:45:00.736000,428.0542911980292,12
2024-09-20 12:45:00.806000,428.0397223517037,6
2024-09-20 12:45:01.778000,428.0245930077826,15
2024-09-20 12:45:02.006000,427.9837246202453,10
2024-09-20 12:45:02.035000,428.00252409191535,8
2024-09-20 12:45:02.059000,428.0285306116378,14
2024-09-20 12:45:02.086000,428.0115296778291,104
2024-09-20 12:45:02.102000,428.05571572932536,11
2024-09-20 12:45:02.112000,428.0303810682181,101
2024-09-20 12:45:02.187000,428.021749427762,1001
2024-09-20 12:45:02.256000,428.0064863098078,1001
2024-09-20 12:45:02.273000,428.0264898799255,95
2024-09-20 12:45:02.303000,427.99984735089873,5
2024-09-20 12:45:02.323000,427.95698471401215,1005
2024-09-20 12:45:02.336000,428.0314343797711,15
2024-09-20 12:45:02.369000,427.9919074576574,1001
2024-09-20 12:45:02.387000,427.9957009298069,1004
2024-09-20 12:45:02.455000,428.0020937784204,8
2024-09-20 12:45:02.570000,428.0200244498643,12
2024-09-20 12:45:02.572000,428.0216446210293,95
2024-09-20 12:45:02.626000,427.97708452908864,98
2024-09-20 12:45:02.641000,427.99847748539406,7
2024-09-20 12:45:02.653000,428.01897864919744,97
2024-09-20 12:45:02.693000,428.0257839010841,97
2024-09-20 12:45:02.724000,428.0127355551021,1004
2024-09-20 12:45:02.736000,427.9296409098904,1005
2024-09-20 12:45:02.798000,428.01304715900034,15
2024-09-20 12:45:02.828000,428.0363509144406,13
2024-09-20 12:45:02.856000,427.9998224281824,100
2024-09-20 12:45:02.890000,428.0285079678632,95
2024-09-20 12:45:02.900000,427.9856866603148,1004
2024-09-20 12:45:02.932000,428.03149964455946,12
2024-09-20 12:45:02.988000,427.9860066797594,1000
2024-09-20 12:45:03.148000,427.93169425933735,15
2024-09-20 12:45:03.165000,427.976449423534,997
2024-09-20 12:45:03.208000,427.9391323123324,995
2024-09-20 12:45:03.329000,427.9487069337232,6
2024-09-20 12:45:03.523000,427.9624803559981,10
2024-09-20 12:45:03.541000,427.9565551635659,1000
2024-09-20 12:45:03.577000,427.9470017137475,11
2024-09-20 12:45:03.608000,427.949808417564,7
2024-09-20 12:45:03.928000,427.9406671107709,998
2024-09-20 12:45:04.052000,427.92721466644304,996
2024-09-20 12:45:04.057000,427.9192948719993,5
2024-09-20 12:45:04.074000,427.9021450998534,1004
2024-09-20 12:45:04.101000,427.9299157537587,1003
2024-09-20 12:45:04.158000,427.9178109597706,10
2024-09-20 12:45:04.204000,427.9064947982621,10
2024-09-20 12:45:04.205000,427.9430492605928,98
2024-09-20 12:45:04.367000,427.9585263729645,101
2024-09-20 12:45:04.433000,427.90313978449166,99
2024-09-20 12:45:04.473000,427.91758312641,10
2024-09-20 12:45:04.499000,427.9699979579639,99
2024-09-20 12:45:04.526000,427.8961809387262,14
2024-09-20 12:45:04.559000,427.90485429803095,998
2024-09-20 12:45:04.599000,427.9196374971696,100
2024-09-20 12:45:04.626000,427.8868753845727,7
2024-09-20 12:45:04.646000,427.8956860810518,10
2024-09-20 12:45:04.806000,427.91444019807466,7
2024-09-20 12:45:04.889000,427.9531370604233,95
2024-09-20 12:45:04.927000,427.90532881891903,11
2024-09-20 12:45:04.937000,427.8971897094147,1003
2024-09-20 12:45:04.971000,427.9027807619846,105
2024-09-20 12:45:04.991000,427.95909317991146,101
2024-09-20 12:45:05.705000,427.9102212201938,1003
2024-09-20 12:45:06.001000,427.9291947927606,1005
2024-09-20 12:45:06.093000,427.89062578697184,14
2024-09-20 12:45:06.178000,427.9169480002037,997
2024-09-20 12:45:06.191000,427.9388517164313,998
2024-09-20 12:45:06.208000,427.9503854397663,11
2024-09-20 12:45:06.224000,427.88164295082953,101
2024-09-20 12:45:06.247000,427.89380466707047,105
2024-09-20 12:45:06.266000,427.8982267758505,1005
2024-09-20 12:45:06.299000,427.8922818751558,100
2024-09-20 12:45:06.301000,427.9246082559859,11
2024-09-20 12:45:06.370000,427.9191472784224,13
2024-09-20 12:45:06.384000,427.93115839904766,1005
2024-09-20 12:45:06.456000,427.9237321497146,15
2024-09-20 12:45:06.510000,427.88061164857936,10
2024-09-20 12:45:06.585000,427.9040839471471,1005
2024-09-20 12:45:06.644000,427.9396682359661,995
2024-09-20 12:45:06.658000,427.9467827753232,11
2024-09-20 12:45:06.732000,427.8900496079904,100
2024-09-20 12:45:06.781000,427.907143836801,98
2024-09-20 12:45:06.794000,427.9147164509227,98
2024-09-20 12:45:06.814000,427.8827423066668,10
2024-09-20 12:45:06.832000,427.9010292439524,995
2024-09-20 12:45:06.835000,427.8805041346185,1005
2024-09-20 12:45:06.911000,427.9298835559831,95
2024-09-20 12:45:06.915000,427.9137316460532,5
2024-09-20 12:45:06.955000,427.88536603681774,104
2024-09-20 12:45:06.975000,427.91082638135424,6
2024-09-20 12:45:06.976000,427.8758681053295,103
2024-09-20 12:45:07.018000,427.97461708256753,8
2024-09-20 12:45:07.041000,427.92857621646345,104
2024-09-20 12:45:07.073000,427.96295628842176,10
2024-09-20 12:45:07.148000,427.98404156175366,995
2024-09-20 12:45:07.182000,427.9162485529381,98
2024-09-20 12:45:07.196000,427.9318994218705,105
2024-09-20 12:45:07.244000,427.9721985288265,100
2024-09-20 12:45:07.266000,427.94879957699175,100
2024-09-20 12:45:07.302000,427.9734678410934,15
2024-09-20 12:45:07.359000,427.9184538191233,999
2024-09-20 12:45:07.375000,427.9227127587787,5
2024-09-20 12:45:07.384000,427.9666481822085,7
2024-09-20 12:45:07.401000,427.9701867587557,997
2024-09-20 12:45:07.408000,427.9805741251521,1003
2024-09-20 12:45:07.474000,427.96856870628153,97
2024-09-20 12:45:07.605000,427.9780667716705,14
2024-09-20 12:45:07.611000,427.9813351983167,7
2024-09-20 12:45:07.653000,427.98357460953247,997
2024-09-20 12:45:07.692000,427.9653585088988,1003
2024-09-20 12:45:07.768000,427.9800318396161,9
2024-09-20 12:45:07.818000,427.9727180346747,104
2024-09-20 12:45:07.864000,427.93428754534256,998
2024-09-20 12:45:07.921000,427.9704623787808,1002
2024-09-20 12:45:07.924000,427.968976717342,996
2024-09-20 12:45:07.940000,427.9268612959293,999
2024-09-20 12:45:08,427.9761935631479,11
2024-09-20 12:45:08.080000,427.9522851350007,6
2024-09-20 12:45:08.116000,427.9911563534635,105
2024-09-20 12:45:08.187000,427.94453584563735,99
2024-09-20 12:45:08.266000,427.9462194129052,1000
2024-09-20 12:45:08.305000,427.9368278724926,6
2024-09-20 12:45:08.312000,427.96253773939696,13
2024-09-20 12:45:08.408000,427.95648753388434,96
2024-09-20 12:45:08.418000,427.9473015274325,10
2024-09-20 12:45:08.442000,427.9890469266686,11
2024-09-20 12:45:08.582000,427.9813876415783,10
2024-09-20 12:45:08.632000,427.93812617532814,99
2024-09-20 12:45:08.793000,427.94505586105873,6
2024-09-20 12:45:08.868000,427.9320701234197,11
2024-09-20 12:45:08.904000,427.9714204049944,12
2024-09-20 12:45:08.976000,427.9306393580093,14
2024-09-20 12:45:08.993000,427.9360202846148,97
2024-09-20 12:45:08.998000,427.9619291452817,101
2024-09-20 12:45:09.082000,428.0185071581388,103
2024-09-20 12:45:09.103000,428.0038831628668,96
2024-09-20 12:45:09.213000,428.0214153649355,103
2024-09-20 12:45:10,428.0138774885931,97
2024-09-20 12:45:10.065000,428.10097101275073,1000
2024-09-20 12:45:10.152000,428.0671650739728,1002
2024-09-20 12:45:10.211000,428.0407515605952,999
2024-09-20 12:45:10.311000,428.1361929343049,14
2024-09-20 12:45:10.326000,428.1378598043716,105
2024-09-20 12:45:10.424000,428.1512459623899,101
2024-09-20 12:45:10.434000,428.0694471456992,104
2024-09-20 12:45:10.439000,428.0578938147427,99
2024-09-20 12:45:10.454000,428.1304592798934,8
2024-09-20 12:45:10.504000,428.1580085672806,99
2024-09-20 12:45:10.607000,428.1458438821279,997
2024-09-20 12:45:10.623000,428.0511277041739,997
2024-09-20 12:45:10.632000,428.0146174870569,995
2024-09-20 12:45:10.640000,428.03429730682456,1001
2024-09-20 12:45:10.695000,428.0364404669316,5
2024-09-20 12:45:10.730000,428.0272568461486,102
2024-09-20 12:45:10.752000,428.14151316423136,96
2024-09-20 12:45:10.954000,428.1458661603776,1005
2024-09-20 12:45:10.986000,428.0981603457684,10
2024-09-20 12:45:11.105000,428.1661436465472,105
2024-09-20 12:45:11.372000,428.1629890219036,1001
2024-09-20 12:45:11.419000,428.1590654744478,14
2024-09-20 12:45:11.687000,428.1518070926524,995
2024-09-20 12:45:11.850000,428.1609724810328,7
2024-09-20 12:45:11.915000,428.1333505584164,101
2024-09-20 12:45:11.948000,428.1442362908665,9
2024-09-20 12:45:11.970000,428.1695354408701,7
2024-09-20 12:45:12.067000,428.1175029755419,95
2024-09-20 12:45:12.070000,428.1448679706375,999
2024-09-20 12:45:12.084000,428.1265679603935,102
2024-09-20 12:45:12.144000,428.1485905516249,997
2024-09-20 12:45:12.196000,428.1380209605522,999
2024-09-20 12:45:12.259000,428.15146669014047,95
2024-09-20 12:45:12.294000,428.1377044417566,98
2024-09-20 12:45:12.356000,428.1246305612414,100
2024-09-20 12:45:12.422000,428.13554449642055,103
2024-09-20 12:45:12.431000,428.1119536302136,1005
2024-09-20 12:45:12.462000,428.1067036924529,10
2024-09-20 12:45:12.561000,428.12175417957127,8
2024-09-20 12:45:12.569000,428.11433989520106,6
2024-09-20 12:45:12.628000,428.1161885507471,995
2024-09-20 12:45:12.667000,428.1456568409623,996
2024-09-20 12:45:12.685000,428.1524478583556,96
2024-09-20 12:45:12.716000,428.1237134796557,98
2024-09-20 12:45:12.756000,428.1205604642836,12
2024-09-20 12:45:12.768000,428.143671619661,100
2024-09-20 12:45:12.792000,428.1117025011338,104
2024-09-20 12:45:13.021000,428.1501278238042,9
2024-09-20 12:45:13.028000,428.1379669722752,1003
2024-09-20 12:45:13.098000,428.1370980663768,8
2024-09-20 12:45:13.127000,428.164970874114,995
2024-09-20 12:45:13.142000,428.15220189085215,15
2024-09-20 12:45:13.265000,428.1285729267192,1004
2024-09-20 12:45:13.431000,428.1548528217879,96
2024-09-20 12:45:13.813000,428.1421934820251,103
2024-09-20 12:45:13.981000,428.1477392694997,105
2024-09-20 12:45:14.113000,428.0888911837095,1001
2024-09-20 12:45:14.333000,428.1213255651362,1002
2024-09-20 12:45:14.673000,428.0908302817553,101
2024-09-20 12:45:15.373000,428.096045979794,105
2024-09-20 12:45:15.855000,428.1060750644612,5
2024-09-20 12:45:16.035000,428.087530533832,101
2024-09-20 12:45:16.055000,428.08103537474807,997
2024-09-20 12:45:16.244000,428.0947088993365,101
2024-09-20 12:45:16.324000,428.10039831247,7
2024-09-20 12:45:16.361000,428.10354222057,14
2024-09-20 12:45:16.999000,428.0918747795114,1000
2024-09-20 12:45:17.006000,428.09481643407446,7
2024-09-20 12:45:17.055000,428.1223853576744,1005
2024-09-20 12:45:17.101000,428.1329695769076,100
2024-09-20 12:45:17.139000,428.12257323143785,99
2024-09-20 12:45:17.195000,428.0794946574,10
2024-09-20 12:45:17.210000,428.1109263220378,102
2024-09-20 12:45:17.224000,428.0707288627229,11
2024-09-20 12:45:17.294000,428.0646372853264,1005
2024-09-20 12:45:17.311000,428.0942691296899,996
2024-09-20 12:45:17.365000,428.0729502765666,999
2024-09-20 12:45:17.473000,428.0998830667502,8
2024-09-20 12:45:17.562000,428.0720927159237,105
2024-09-20 12:45:17.567000,428.066007950445,8
2024-09-20 12:45:17.598000,428.08258265736725,104
2024-09-20 12:45:17.619000,428.0966485575209,10
2024-09-20 12:45:17.653000,428.1138185871604,999
2024-09-20 12:45:17.672000,428.096756288555,11
2024-09-20 12:45:17.872000,428.0971933032985,11
2024-09-20 12:45:17.880000,428.1018328498226,1000
2024-09-20 12:45:17.948000,428.09831958804574,7
2024-09-20 12:45:17.958000,428.1081138933943,1003
2024-09-20 12:45:17.969000,428.1121847199544,97
2024-09-20 12:45:18.025000,428.0943862051978,11
2024-09-20 12:45:18.171000,428.120049055958,6
2024-09-20 12:45:18.284000,428.1120855159743,96
2024-09-20 12:45:18.410000,428.14475307159233,999
2024-09-20 12:45:18.511000,428.1371451074842,10
2024-09-20 12:45:18.523000,428.116755646207,15
2024-09-20 12:45:18.644000,428.14258617416135,104
2024-09-20 12:45:18.654000,428.1172061346208,1003
2024-09-20 12:45:18.676000,428.1091082460298,996
2024-09-20 12:45:18.723000,428.11339147438673,105
2024-09-20 12:45:18.761000,428.1224342901456,5
2024-09-20 12:45:18.822000,428.1429311343457,1004
2024-09-20 12:45:18.829000,428.1068448464805,10
2024-09-20 12:45:18.873000,428.0958850157497,103
2024-09-20 12:45:18.875000,428.141525759982,9
2024-09-20 12:45:18.881000,428.105680817136,6
2024-09-20 12:45:18.895000,428.0992262116859,15
2024-09-20 12:45:18.899000,428.10853329422014,1000
2024-09-20 12:45:18.910000,428.08737636818586,101
2024-09-20 12:45:18.976000,428.12594751006327,96
2024-09-20 12:45:19.045000,428.1367915698867,95
2024-09-20 12:45:19.223000,428.1256062790033,999
2024-09-20 12:45:19.246000,428.16542642604537,999
2024-09-20 12:45:19.328000,428.1701201732527,103
2024-09-20 12:45:19.331000,428.13447433267504,12
2024-09-20 12:45:19.362000,428.1640625753977,104
2024-09-20 12:45:19.487000,428.1668860237603,10
2024-09-20 12:45:19.585000,428.1391729149903,104
2024-09-20 12:45:19.859000,428.1453347732647,13
2024-09-20 12:45:19.887000,428.1420880768863,99
2024-09-20 12:45:19.890000,428.15576868917873,95
2024-09-20 12:45:19.923000,428.13668601487296,96
2024-09-20 12:45:19.930000,428.14756341265,102
2024-09-20 12:45:19.983000,428.13243077565534,7
2024-09-20 12:45:19.988000,428.13866831055634,102
2024-09-20 12:45:20.268000,428.2042161321809,1004
2024-09-20 12:45:20.284000,428.1874448422464,9
2024-09-20 12:45:20.358000,428.1979570768797,1000
2024-09-20 12:45:20.534000,428.1876142344931,1001
2024-09-20 12:45:21.074000,428.200624870376,95
2024-09-20 12:45:21.086000,428.1855279771932,5
2024-09-20 12:45:21.138000,428.19315839684936,102
2024-09-20 12:45:21.142000,428.1773430522496,8
2024-09-20 12:45:21.174000,428.21422803309855,1003
2024-09-20 12:45:21.381000,428.1861533281185,1005
2024-09-20 12:45:21.449000,428.18084085594455,14
2024-09-20 12:45:21.466000,428.191592561089,1002
2024-09-20 12:45:21.665000,428.173744366656,102
2024-09-20 12:45:21.765000,428.2224903124969,102
2024-09-20 12:45:21.784000,428.2303685119607,7
2024-09-20 12:45:21.929000,428.2345428776344,101
2024-09-20 12:45:22.138000,428.20825894304346,1002
2024-09-20 12:45:22.209000,428.214397364633,15
2024-09-20 12:45:22.318000,428.2115700049417,996
2024-09-20 12:45:22.402000,428.2035411163738,100
2024-09-20 12:45:22.783000,428.2210728029737,14
2024-09-20 12:45:22.804000,428.199956029367,100
2024-09-20 12:45:22.852000,428.2046301463248,7
2024-09-20 12:45:22.927000,428.2079702986157,7
2024-09-20 12:45:23.002000,428.1615915719298,14
2024-09-20 12:45:23.083000,428.1629690321146,9
2024-09-20 12:45:23.101000,428.16983046097687,100
2024-09-20 12:45:23.212000,428.17288579360087,1001
2024-09-20 12:45:23.257000,428.17019900045153,105
2024-09-20 12:45:23.298000,428.182653305659,10
2024-09-20 12:45:23.307000,428.187283140804,99
2024-09-20 12:45:23.317000,428.1611104603812,15
2024-09-20 12:45:23.421000,428.1427073660605,11
2024-09-20 12:45:23.464000,428.1543351406024,6
2024-09-20 12:45:23.557000,428.15192004285774,995
2024-09-20 12:45:23.567000,428.1707692555749,6
2024-09-20 12:45:23.611000,428.17767908805104,101
2024-09-20 12:45:23.613000,428.13190138895857,998
2024-09-20 12:45:23.698000,428.1916951493334,10
2024-09-20 12:45:23.713000,428.1557917992242,996
2024-09-20 12:45:23.748000,428.16639747159326,1003
2024-09-20 12:45:23.774000,428.1666440930629,14
2024-09-20 12:45:23.832000,428.1715536941508,997
2024-09-20 12:45:23.837000,428.16532734105255,1001
2024-09-20 12:45:23.854000,428.1564855901592,1001
2024-09-20 12:45:23.875000,428.1386343908784,1004
2024-09-20 12:45:23.974000,428.1798024661955,13
2024-09-20 12:45:24,428.1276329165793,102
2024-09-20 12:45:24.014000,428.1870225712872,96
2024-09-20 12:45:24.060000,428.1305537598635,1002
2024-09-20 12:45:24.069000,428.1162300632464,105
2024-09-20 12:45:24.182000,428.143344424968,996
2024-09-20 12:45:24.212000,428.1990470102169,11
2024-09-20 12:45:24.220000,428.1860644353645,1003
2024-09-20 12:45:24.237000,428.200014551305,14
2024-09-20 12:45:24.276000,428.1181877976075,999
2024-09-20 12:45:24.367000,428.2120334683663,11
2024-09-20 12:45:24.383000,428.2081610201923,1004
2024-09-20 12:45:24.393000,428.09869508572734,100
2024-09-20 12:45:24.437000,428.1529163713793,8
2024-09-20 12:45:24.440000,428.20758021402696,6
2024-09-20 12:45:24.472000,428.13796422011023,9
2024-09-20 12:45:24.510000,428.0989945851936,103
2024-09-20 12:45:24.552000,428.1685212446984,102
2024-09-20 12:45:24.573000,428.1694538262949,1001
2024-09-20 12:45:24.767000,428.1067242181673,10
2024-09-20 12:45:24.805000,428.1216755765966,15
2024-09-20 12:45:24.811000,428.13518608611,9
2024-09-20 12:45:24.881000,428.1868002268565,1005
2024-09-20 12:45:24.968000,428.173597580328,998
2024-09-20 12:45:25.350000,428.1407495538478,105
2024-09-20 12:45:26.001000,428.13440546356185,14
2024-09-20 12:45:26.009000,428.21064060415694,9
2024-09-20 12:45:26.011000,428.2049751744625,996
2024-09-20 12:45:26.043000,428.1641130070826,12
2024-09-20 12:45:26.082000,428.1296963523719,11
2024-09-20 12:45:26.159000,428.1767231365676,95
2024-09-20 12:45:26.160000,428.1394570166893,1005
2024-09-20 12:45:26.746000,428.137541601544,999
2024-09-20 12:45:26.804000,428.1669464262768,99
2024-09-20 12:45:26.839000,428.16906908320345,1003
2024-09-20 12:45:26.889000,428.18803937651165,15
2024-09-20 12:45:26.936000,428.1699012830821,100
2024-09-20 12:45:26.974000,428.1381764134208,103
2024-09-20 12:45:26.979000,428.2133963886605,95
2024-09-20 12:45:27.002000,428.2143761253549,98
2024-09-20 12:45:27.031000,428.2020775972512,10
2024-09-20 12:45:27.035000,428.244439674468,11
2024-09-20 12:45:27.089000,428.18788524339146,96
2024-09-20 12:45:27.104000,428.21236446099846,5
2024-09-20 12:45:27.136000,428.2092426394766,1005
2024-09-20 12:45:27.316000,428.21957683623305,98
2024-09-20 12:45:27.341000,428.200205444585,101
2024-09-20 12:45:27.527000,428.1852850166397,1003
2024-09-20 12:45:27.593000,428.2440308231866,103
2024-09-20 12:45:27.676000,428.24720818999725,1004
2024-09-20 12:45:27.736000,428.21305819222647,103
2024-09-20 12:45:27.751000,428.2380470086181,10
2024-09-20 12:45:27.908000,428.1992729929342,15
2024-09-20 12:45:27.942000,428.2202665775259,999
2024-09-20 12:45:27.958000,428.2250673029588,102
2024-09-20 12:45:27.971000,428.2319873610911,8
2024-09-20 12:45:29.273000,428.1998728944858,13
2024-09-20 12:45:29.471000,428.1868510016029,12
2024-09-20 12:45:29.684000,428.18470933751126,996
2024-09-20 12:45:29.822000,428.1977696749469,105
2024-09-20 12:45:30.060000,428.1468617224528,10
2024-09-20 12:45:30.067000,428.1465781447431,13
2024-09-20 12:45:30.170000,428.175159032448,14
2024-09-20 12:45:30.171000,428.13010396794846,15
2024-09-20 12:45:30.177000,428.18232376348,99
2024-09-20 12:45:30.195000,428.1771084450606,14
2024-09-20 12:45:30.324000,428.1147007945268,7
2024-09-20 12:45:30.380000,428.19350672314926,101
2024-09-20 12:45:30.395000,428.1747776068624,14
2024-09-20 12:45:30.438000,428.175457528929,998
2024-09-20 12:45:30.537000,428.1289006375291,996
2024-09-20 12:45:30.583000,428.1362420356511,1005
2024-09-20 12:45:30.585000,428.1569593121114,102
2024-09-20 12:45:30.657000,428.14678044808966,1004
2024-09-20 12:45:30.673000,428.1695187113758,98
2024-09-20 12:45:30.736000,428.1702756127656,998
2024-09-20 12:45:30.797000,428.12438865189614,996
2024-09-20 12:45:30.820000,428.13649670886633,995
2024-09-20 12:45:30.847000,428.1736518013003,5
2024-09-20 12:45:30.924000,428.09993818215605,998
2024-09-20 12:45:30.989000,428.1596524755016,104
2024-09-20 12:45:31.022000,428.1716110939316,1005
2024-09-20 12:45:31.050000,428.128456668662,1002
2024-09-20 12:45:31.075000,428.1420630886888,104
2024-09-20 12:45:31.077000,428.1674849999292,13
2024-09-20 12:45:31.122000,428.1838657536719,1000
2024-09-20 12:45:31.250000,428.1790953187561,98
2024-09-20 12:45:31.290000,428.1742281890436,10
2024-09-20 12:45:31.388000,428.1851137877527,999
2024-09-20 12:45:31.455000,428.2028839729982,100
2024-09-20 12:45:31.461000,428.14795157680976,98
2024-09-20 12:45:31.545000,428.1285282787172,102
2024-09-20 12:45:31.633000,428.19982432994186,12
2024-09-20 12:45:31.645000,428.18012064643113,1003
2024-09-20 12:45:31.704000,428.1934558332507,1000
2024-09-20 12:45:31.714000,428.1837843326721,1002
2024-09-20 12:45:31.731000,428.1305736945978,1003
2024-09-20 12:45:31.731000,428.1388092565,1004
2024-09-20 12:45:31.988000,428.1530179091653,95
2024-09-20 12:45:33.046000,428.176703332196,1002
2024-09-20 12:45:33.084000,428.1589185041088,996
2024-09-20 12:45:33.103000,428.11694759368174,10
2024-09-20 12:45:33.156000,428.0859231323285,1000
2024-09-20 12:45:33.186000,428.1318557580182,14
2024-09-20 12:45:33.193000,428.15222286046753,1000
2024-09-20 12:45:33.220000,428.13842946458897,1003
2024-09-20 12:45:33.265000,428.1665980718384,99
2024-09-20 12:45:33.267000,428.0817931169954,103
2024-09-20 12:45:33.310000,428.13262576729255,1001
2024-09-20 12:45:33.313000,428.11563961460377,996
2024-09-20 12:45:33.317000,428.1589222103509,1003
2024-09-20 12:45:33.341000,428.1346239189567,10
2024-09-20 12:45:33.501000,428.1754968731032,1000
2024-09-20 12:45:33.546000,428.1033350014549,1000
2024-09-20 12:45:33.563000,428.1584609999786,1004
2024-09-20 12:45:33.732000,428.0957995644816,15
2024-09-20 12:45:33.733000,428.1472648254612,9
2024-09-20 12:45:33.745000,428.15298631127,1002
2024-09-20 12:45:33.778000,428.1485819075917,12
2024-09-20 12:45:33.798000,428.14910986117815,995
2024-09-20 12:45:33.828000,428.1639171039952,99
2024-09-20 12:45:33.836000,428.15188034498846,1000
2024-09-20 12:45:33.841000,428.1574561278735,996
2024-09-20 12:45:33.897000,428.1314297378428,1000
2024-09-20 12:45:33.936000,428.125887527687,97
2024-09-20 12:45:34.011000,428.08539724081504,998
2024-09-20 12:45:34.076000,428.0652733722808,105
2024-09-20 12:45:34.105000,428.0687249798895,98
2024-09-20 12:45:34.352000,428.072080474011,6
2024-09-20 12:45:35.239000,428.0590157354538,999
2024-09-20 12:45:35.280000,428.0516029652632,996
2024-09-20 12:45:35.399000,428.06027586490376,1004
2024-09-20 12:45:35.461000,428.07034911759706,13
2024-09-20 12:45:35.497000,428.0653058509254,1005
2024-09-20 12:45:35.501000,428.0578874808289,997
2024-09-20 12:45:35.512000,428.0354082923277,97
2024-09-20 12:45:35.579000,428.0544054461824,999
2024-09-20 12:45:35.723000,428.0357912425906,101
2024-09-20 12:45:35.852000,428.05729350539247,99
2024-09-20 12:45:35.946000,428.0444578857532,1002
2024-09-20 12:45:36.016000,428.0773820587447,997
2024-09-20 12:45:36.026000,428.07017385372393,1005
2024-09-20 12:45:36.040000,428.026117979836,1004
2024-09-20 12:45:36.099000,428.0876030155302,99
2024-09-20 12:45:36.102000,428.048693980425,8
2024-09-20 12:45:36.110000,428.02011830495474,105
2024-09-20 12:45:36.114000,428.074431630374,996
2024-09-20 12:45:36.169000,428.0726041207329,95
2024-09-20 12:45:36.191000,428.0403293976294,1002
2024-09-20 12:45:36.278000,428.0646836986091,15
2024-09-20 12:45:36.302000,428.036816808142,1004
2024-09-20 12:45:36.443000,428.0621538855125,9
2024-09-20 12:45:36.502000,428.0764436442351,102
2024-09-20 12:45:36.521000,428.06986353813767,15
2024-09-20 12:45:36.526000,428.06269224166624,999
2024-09-20 12:45:36.633000,428.0434225508511,6
2024-09-20 12:45:36.653000,428.04721113596224,1004
2024-09-20 12:45:36.690000,428.0620764003705,999
2024-09-20 12:45:36.712000,428.0425744179288,12
2024-09-20 12:45:36.782000,428.0485464807991,998
2024-09-20 12:45:36.793000,428.04601346748166,15
2024-09-20 12:45:36.810000,428.0243054593519,11
2024-09-20 12:45:36.847000,428.0432585321572,1004
2024-09-20 12:45:36.859000,428.05771274780574,13
2024-09-20 12:45:36.941000,428.0370736420626,104
2024-09-20 12:45:36.998000,428.0326345488992,9
2024-09-20 12:45:37.061000,428.0789068850818,997
2024-09-20 12:45:37.114000,428.0424271506238,15
2024-09-20 12:45:37.297000,428.0550540628306,1002
2024-09-20 12:45:37.330000,428.00435242903393,97
2024-09-20 12:45:37.458000,428.05114742973154,98
2024-09-20 12:45:37.576000,428.03130538643575,1000
2024-09-20 12:45:37.629000,428.0148258992861,9
2024-09-20 12:45:37.703000,428.0764196385531,15
2024-09-20 12:45:37.752000,428.0082225828531,13
2024-09-20 12:45:37.767000,428.0343665062102,100
2024-09-20 12:45:37.773000,428.05276296451234,9
2024-09-20 12:45:37.859000,428.0408119896373,1001
2024-09-20 12:45:37.934000,428.0182670278597,14
2024-09-20 12:45:37.964000,428.0270580005147,996
2024-09-20 12:45:37.971000,428.0235095290242,1003
2024-09-20 12:45:38,428.0546615550881,9
2024-09-20 12:45:38.033000,428.03709973381393,12
2024-09-20 12:45:38.114000,428.03895629572855,1003
2024-09-20 12:45:38.207000,428.0505636159589,97
2024-09-20 12:45:38.220000,428.0702334448524,99
2024-09-20 12:45:38.225000,428.0460203499917,96
2024-09-20 12:45:38.356000,428.053880933327,100
2024-09-20 12:45:38.369000,428.05368794800097,98
2024-09-20 12:45:38.496000,428.0790455395959,11
2024-09-20 12:45:38.593000,428.0375860190649,11
2024-09-20 12:45:38.599000,428.0385095109969,6
2024-09-20 12:45:38.633000,428.0502365528927,996
2024-09-20 12:45:38.818000,428.0371838298138,98
2024-09-20 12:45:38.827000,428.0383267103891,998
2024-09-20 12:45:38.865000,428.0602517967785,98
2024-09-20 12:45:38.868000,428.03443015216,101
2024-09-20 12:45:38.891000,428.0588818196285,104
2024-09-20 12:45:38.965000,428.0633350104031,6
2024-09-20 12:45:39.294000,428.0143608005656,102
2024-09-20 12:45:39.375000,428.0136361330923,100
2024-09-20 12:45:39.589000,428.0428936927331,11
2024-09-20 12:45:39.697000,427.9914637599579,9
2024-09-20 12:45:39.729000,428.0345927167472,103
2024-09-20 12:45:39.732000,427.9890979358182,103
2024-09-20 12:45:39.893000,428.01559931207566,6
2024-09-20 12:45:40.116000,427.9999966382833,1005
2024-09-20 12:45:40.281000,428.000663505247,97
2024-09-20 12:45:40.299000,427.98862774473054,8
2024-09-20 12:45:40.471000,428.0063213724536,10
2024-09-20 12:45:40.758000,427.9958210062859,99
2024-09-20 12:45:40.828000,428.0053512444218,101
2024-09-20 12:45:40.859000,427.9851983007904,15
2024-09-20 12:45:40.976000,427.99087927070906,996
2024-09-20 12:45:40.989000,427.989102709701,96
2024-09-20 12:45:41.056000,428.0261550370859,14
2024-09-20 12:45:41.072000,428.0301623005217,12
2024-09-20 12:45:41.075000,428.0380317033635,96
2024-09-20 12:45:41.080000,427.9789423047073,6
2024-09-20 12:45:41.141000,427.987194192649,11
2024-09-20 12:45:41.142000,427.96969216284657,100
2024-09-20 12:45:41.258000,428.0050060775627,96
2024-09-20 12:45:41.301000,427.9890387742271,7
2024-09-20 12:45:41.303000,427.9784114252951,997
2024-09-20 12:45:41.424000,427.9818662395125,7
2024-09-20 12:45:41.457000,428.0140454098827,1005
2024-09-20 12:45:41.487000,428.00617061998383,1001
2024-09-20 12:45:41.498000,428.0206435580142,7
2024-09-20 12:45:41.569000,427.9906738267904,103
2024-09-20 12:45:41.582000,427.9851531264039,103
2024-09-20 12:45:41.601000,428.0004915896559,101
2024-09-20 12:45:41.689000,427.9955023605706,97
2024-09-20 12:45:41.737000,427.9898900761278,1003
2024-09-20 12:45:41.799000,427.9807327472744,100
2024-09-20 12:45:41.891000,428.04086856111513,10
2024-09-20 12:45:41.906000,427.9958211679566,1002
2024-09-20 12:45:41.929000,428.0175559515488,102
2024-09-20 12:45:41.976000,427.9915792603616,10
2024-09-20 12:45:41.996000,428.00632391367503,14
2024-09-20 12:45:42.573000,428.042853242448,96
2024-09-20 12:45:42.782000,428.0501085580725,105
2024-09-20 12:45:43.116000,428.0846807675122,8
2024-09-20 12:45:43.149000,428.0609393891654,1004
2024-09-20 12:45:43.214000,428.0780450022788,5
2024-09-20 12:45:43.417000,428.10232859883786,999
2024-09-20 12:45:43.529000,428.0807871787352,99
2024-09-20 12:45:43.761000,428.0799139877572,999
2024-09-20 12:45:43.778000,428.0764660219775,102
2024-09-20 12:45:43.990000,428.10719916997294,996
2024-09-20 12:45:44.143000,428.0872344622474,99
2024-09-20 12:45:44.350000,428.0817424278028,13
2024-09-20 12:45:44.375000,428.07957831872574,102
2024-09-20 12:45:44.505000,428.06185033645846,996
2024-09-20 12:45:44.705000,428.0837689535414,1005
2024-09-20 12:45:44.925000,428.09934961940615,1001
2024-09-20 12:45:45.027000,428.00471933056656,105
2024-09-20 12:45:45.095000,428.0809493916906,996
2024-09-20 12:45:45.106000,428.0017387495466,1002
2024-09-20 12:45:45.166000,427.9826015286055,8
2024-09-20 12:45:45.176000,427.9905389975902,8
2024-09-20 12:45:45.181000,428.0724236028307,104
2024-09-20 12:45:45.281000,428.04396581666697,1003
2024-09-20 12:45:45.287000,428.01768247834025,1000
2024-09-20 12:45:45.409000,427.9998155700108,13
2024-09-20 12:45:45.410000,427.962802932404,996
2024-09-20 12:45:45.470000,427.9928046875468,102
2024-09-20 12:45:45.522000,428.00903662207935,105
2024-09-20 12:45:45.581000,428.03494892714457,104
2024-09-20 12:45:45.601000,428.04418851970087,97
2024-09-20 12:45:45.630000,428.09657914503725,1005
2024-09-20 12:45:45.736000,427.9931696595433,14
2024-09-20 12:45:45.764000,428.05681722381394,7
2024-09-20 12:45:45.780000,427.9650981258864,5
2024-09-20 12:45:45.921000,428.048744727352,102
2024-09-20 12:45:45.932000,427.98115178934574,9
2024-09-20 12:45:45.937000,428.0226493190965,12
2024-09-20 12:45:45.941000,428.0638018570447,101
2024-09-20 12:45:46.170000,427.9593416738716,14
2024-09-20 12:45:46.400000,427.96509727469646,97
2024-09-20 12:45:46.525000,427.9500659922908,14
2024-09-20 12:45:46.637000,427.9490534157259,1003
2024-09-20 12:45:46.901000,427.9493808486415,999
2024-09-20 12:45:47.062000,427.9824551227553,9
2024-09-20 12:45:47.105000,427.97033264015136,102
2024-09-20 12:45:47.156000,427.9745731121676,9
2024-09-20 12:45:47.354000,427.9667073357711,101
2024-09-20 12:45:47.389000,427.976988486853,997
2024-09-20 12:45:47.399000,427.961593903636,9
2024-09-20 12:45:47.498000,427.985721736872,10
2024-09-20 12:45:47.548000,427.9370740962864,995
2024-09-20 12:45:47.553000,427.975401967212,98
2024-09-20 12:45:47.589000,427.98562010136,1000
2024-09-20 12:45:47.714000,427.99830142903176,995
2024-09-20 12:45:47.738000,427.9827518279797,103
2024-09-20 12:45:47.909000,427.9844217454389,95
2024-09-20 12:45:47.989000,427.9134486912631,995
2024-09-20 12:45:48.026000,428.0092224837985,999
2024-09-20 12:45:48.035000,427.9777699834375,101
2024-09-20 12:45:48.044000,427.987405131536,998
2024-09-20 12:45:48.075000,427.9791132663766,1001
2024-09-20 12:45:48.140000,427.909083179824,999
2024-09-20 12:45:48.228000,427.99476318746014,6
2024-09-20 12:45:48.396000,427.9563102855281,11
2024-09-20 12:45:48.439000,427.994095414263,997
2024-09-20 12:45:48.464000,427.9284461583941,1003
2024-09-20 12:45:48.595000,427.9223004626789,12
2024-09-20 12:45:48.649000,428.0079387749587,95
2024-09-20 12:45:48.956000,427.9627623953487,7
2024-09-20 12:45:49.060000,428.0817795787424,14
2024-09-20 12:45:49.083000,428.0584205349813,1000
2024-09-20 12:45:49.086000,428.06014644562737,1002
2024-09-20 12:45:49.220000,428.068434539606,11
2024-09-20 12:45:49.220000,428.0659856124944,998
2024-09-20 12:45:49.233000,428.0748028224281,98
2024-09-20 12:45:49.248000,428.0458343520706,95
2024-09-20 12:45:49.253000,428.0291669926804,1004
2024-09-20 12:45:49.265000,428.01661737341584,97
2024-09-20 12:45:49.351000,428.0429595848797,11
2024-09-20 12:45:49.451000,428.0784358004668,97
2024-09-20 12:45:49.549000,428.0426206028235,104
2024-09-20 12:45:49.955000,428.0721274013691,97
2024-09-20 12:45:50.033000,428.0357054734312,12
2024-09-20 12:45:50.391000,428.00145382357135,99
2024-09-20 12:45:50.471000,428.0168990845489,103
2024-09-20 12:45:50.584000,427.9960184616694,5
2024-09-20 12:45:51.015000,427.9954883364726,996
2024-09-20 12:45:51.022000,427.9840873238956,105
2024-09-20 12:45:51.075000,427.9976023556495,1003
2024-09-20 12:45:51.090000,428.0164243654212,105
2024-09-20 12:45:51.097000,428.0586460188193,1005
2024-09-20 12:45:51.128000,428.0368765439836,100
2024-09-20 12:45:51.144000,427.979062372673,12
2024-09-20 12:45:51.184000,428.0183073599367,1004
2024-09-20 12:45:51.186000,428.0062987832109,11
2024-09-20 12:45:51.244000,427.9933248321409,995
2024-09-20 12:45:51.252000,428.0147807106978,11
2024-09-20 12:45:51.254000,428.0589786689773,10
2024-09-20 12:45:51.311000,428.02940988421926,1000
2024-09-20 12:45:51.314000,427.9796154968747,105
2024-09-20 12:45:51.352000,428.04749105127706,11
2024-09-20 12:45:51.381000,428.02073783765536,1002
2024-09-20 12:45:51.410000,428.0128785338852,10
2024-09-20 12:45:51.446000,428.0060237945153,11
2024-09-20 12:45:51.656000,428.0236769955976,103
2024-09-20 12:45:51.668000,427.998632066922,995
2024-09-20 12:45:51.695000,428.0087294230429,1003
2024-09-20 12:45:51.746000,427.9971723232374,9
2024-09-20 12:45:51.907000,428.00964275069856,9
2024-09-20 12:45:52.028000,428.003172970915,1005
2024-09-20 12:45:52.055000,428.0024048915572,95
2024-09-20 12:45:52.146000,428.0153634356644,10
2024-09-20 12:45:52.227000,427.9884797779191,995
2024-09-20 12:45:52.238000,428.0359287885617,96
2024-09-20 12:45:52.321000,428.0394001794972,13
2024-09-20 12:45:52.338000,428.0529668009208,101
2024-09-20 12:45:52.422000,427.9978741191089,95
2024-09-20 12:45:52.441000,427.9742887995022,98
2024-09-20 12:45:52.461000,428.0271667634859,98
2024-09-20 12:45:52.517000,428.0267679157556,999
2024-09-20 12:45:52.520000,428.0435131493009,10
2024-09-20 12:45:52.524000,428.0486889612551,1005
2024-09-20 12:45:52.536000,428.0354170194476,97
2024-09-20 12:45:52.581000,428.01169494076726,9
2024-09-20 12:45:52.601000,428.01941644571656,6
2024-09-20 12:45:52.642000,428.02908268550425,103
2024-09-20 12:45:52.697000,428.0285063404853,99
2024-09-20 12:45:52.699000,428.0440058419391,1004
2024-09-20 12:45:52.705000,428.0259948965588,102
2024-09-20 12:45:52.742000,428.0218073096465,103
2024-09-20 12:45:52.746000,428.0587885520606,14
2024-09-20 12:45:52.786000,427.9757252116882,1005
2024-09-20 12:45:52.846000,428.0336742068861,14
2024-09-20 12:45:52.928000,428.0498851782065,6
2024-09-20 12:45:52.983000,428.0403240897641,101
2024-09-20 12:45:53.150000,428.0712280236,104
2024-09-20 12:45:53.156000,428.0326603421712,12
2024-09-20 12:45:53.157000,428.06137176194426,10
2024-09-20 12:45:53.160000,428.0392318713791,102
2024-09-20 12:45:53.243000,428.0535336158932,104
2024-09-20 12:45:53.249000,428.06055874622905,12
2024-09-20 12:45:53.364000,428.0443812807873,11
2024-09-20 12:45:53.398000,428.0876383192065,1002
2024-09-20 12:45:53.438000,428.0368656530243,99
2024-09-20 12:45:53.448000,428.06381911764674,1004
2024-09-20 12:45:53.449000,428.0591580931736,998
2024-09-20 12:45:53.575000,428.0925002957368,1005
2024-09-20 12:45:53.624000,428.0683757716894,10
2024-09-20 12:45:53.656000,428.0725720558419,999
2024-09-20 12:45:53.732000,428.0811657561152,1001
2024-09-20 12:45:53.749000,428.0433897848501,102
2024-09-20 12:45:53.770000,428.1012726082802,99
2024-09-20 12:45:53.804000,428.0613621639627,1002
2024-09-20 12:45:53.814000,428.03595228882375,6
2024-09-20 12:45:53.860000,428.05839095080586,12
2024-09-20 12:45:53.960000,428.036029956401,95
2024-09-20 12:45:53.964000,428.02387052156536,1000
2024-09-20 12:45:54.011000,427.8790116001936,996
2024-09-20 12:45:54.017000,427.9788340598634,995
2024-09-20 12:45:54.023000,428.0151104123515,1000
2024-09-20 12:45:54.024000,427.8975039797255,1005
2024-09-20 12:45:54.031000,427.9421883066503,14
2024-09-20 12:45:54.164000,427.9887564364048,1000
2024-09-20 12:45:54.169000,428.01020527446,101
2024-09-20 12:45:54.180000,427.8476403454255,1002
2024-09-20 12:45:54.194000,428.0280082307251,14
2024-09-20 12:45:54.200000,427.998746992049,1003
2024-09-20 12:45:54.219000,427.9362642192287,105
2024-09-20 12:45:54.244000,427.9263680289459,1001
2024-09-20 12:45:54.276000,428.0024803407488,103
2024-09-20 12:45:54.294000,427.9083927726156,995
2024-09-20 12:45:54.320000,428.03151903600656,96
2024-09-20 12:45:54.351000,427.9635338789111,100
2024-09-20 12:45:54.419000,427.9986784888099,995
2024-09-20 12:45:54.446000,427.999611964465,8
2024-09-20 12:45:54.465000,428.0036899410156,99
2024-09-20 12:45:54.550000,427.9995244652828,1002
2024-09-20 12:45:54.570000,427.9980648538995,1004
2024-09-20 12:45:54.784000,427.8623317084472,105
2024-09-20 12:45:54.801000,427.9665583725284,95
2024-09-20 12:45:54.814000,427.9966995142732,12
2024-09-20 12:45:54.852000,427.9277408426227,8
2024-09-20 12:45:54.855000,427.8484884202102,998
2024-09-20 12:45:54.953000,428.0122722611004,14
2024-09-20 12:45:55.029000,427.9039249628475,104
2024-09-20 12:45:55.054000,427.8875899992146,12
2024-09-20 12:45:55.058000,427.8912508002815,996
2024-09-20 12:45:55.099000,427.85755606955706,102
2024-09-20 12:45:55.117000,427.8806230973586,1005
2024-09-20 12:45:55.144000,427.8721023293181,99
2024-09-20 12:45:55.148000,427.8502078656872,1000
2024-09-20 12:45:55.169000,427.8552571370924,105
2024-09-20 12:45:55.170000,427.8636538054864,101
2024-09-20 12:45:55.179000,427.90162492155497,999
2024-09-20 12:45:55.229000,427.8994773043923,13
2024-09-20 12:45:55.231000,427.8862656230154,1002
2024-09-20 12:45:55.271000,427.8488220488762,995
2024-09-20 12:45:55.274000,427.8802840395768,8
2024-09-20 12:45:55.295000,427.8828635320672,97
2024-09-20 12:45:55.370000,427.8284119416096,5
2024-09-20 12:45:55.436000,427.86002308057454,998
2024-09-20 12:45:55.593000,427.877864668506,101
2024-09-20 12:45:55.705000,427.8675752662163,97
2024-09-20 12:45:55.716000,427.8503942342025,14
2024-09-20 12:45:55.722000,427.8479249623028,15
2024-09-20 12:45:55.725000,427.8489428143237,7
2024-09-20 12:45:55.823000,427.86438535173886,99
2024-09-20 12:45:55.866000,427.8863230602878,995
2024-09-20 12:45:55.884000,427.8596199829117,95
2024-09-20 12:45:55.916000,427.8582544510754,14
2024-09-20 12:45:55.925000,427.90093673337714,102
2024-09-20 12:45:55.950000,427.8794479784456,15
2024-09-20 12:45:55.959000,427.886077309652,999
2024-09-20 12:45:56.032000,427.918860533157,995
2024-09-20 12:45:56.050000,427.884229737845,999
2024-09-20 12:45:56.060000,427.9161299978989,7
2024-09-20 12:45:56.134000,427.8898480836852,102
2024-09-20 12:45:56.225000,427.8699566330415,1001
2024-09-20 12:45:56.236000,427.8835043988529,1000
2024-09-20 12:45:56.245000,427.88551884368985,96
2024-09-20 12:45:56.246000,427.866165946589,998
2024-09-20 12:45:56.286000,427.908376637939,6
2024-09-20 12:45:56.298000,427.8866354874041,1001
2024-09-20 12:45:56.300000,427.9153798437159,14
2024-09-20 12:45:56.306000,427.9060133316608,1003
2024-09-20 12:45:56.307000,427.875902855814,1000
2024-09-20 12:45:56.330000,427.8841279941397,8
2024-09-20 12:45:56.369000,427.89655345913496,1002
2024-09-20 12:45:56.587000,427.9209812985233,11
2024-09-20 12:45:56.640000,427.9174135906258,5
2024-09-20 12:45:56.696000,427.860882712755,103
2024-09-20 12:45:56.746000,427.8939460983855,15
2024-09-20 12:45:56.792000,427.8668558562404,100
2024-09-20 12:45:56.796000,427.8368181634565,95
2024-09-20 12:45:56.806000,427.8490857198604,1004
2024-09-20 12:45:56.840000,427.91142045872726,102
2024-09-20 12:45:56.878000,427.8602656814754,11
2024-09-20 12:45:56.885000,427.8676022398527,98
2024-09-20 12:45:56.899000,427.9049972528805,97
2024-09-20 12:45:56.905000,427.90378476997125,100
2024-09-20 12:45:56.950000,427.8761330589229,7
2024-09-20 12:45:56.984000,427.83677962100967,996
2024-09-20 12:45:57.043000,427.9164955151409,996
2024-09-20 12:45:57.068000,427.9669880415123,1004
2024-09-20 12:45:57.119000,427.9251707547465,1000
2024-09-20 12:45:57.146000,427.9781401858643,998
2024-09-20 12:45:57.154000,427.9374769101345,12
2024-09-20 12:45:57.307000,427.9070658813736,8
2024-09-20 12:45:57.319000,427.904902950672,13
2024-09-20 12:45:57.332000,427.9474622403664,99
2024-09-20 12:45:57.335000,427.9092998006494,1003
2024-09-20 12:45:57.402000,427.9297091798361,96
2024-09-20 12:45:57.440000,427.91974147150177,100
2024-09-20 12:45:57.455000,427.9298561678023,1003
2024-09-20 12:45:57.469000,427.9164554852738,15
2024-09-20 12:45:57.489000,427.941350673801,15
2024-09-20 12:45:57.559000,427.9190211740458,11
2024-09-20 12:45:57.574000,427.91677346562017,996
2024-09-20 12:45:57.597000,427.9490872570896,5
2024-09-20 12:45:57.631000,427.91960842936254,13
2024-09-20 12:45:57.631000,427.9360207135669,1005
2024-09-20 12:45:57.636000,427.9627704692017,99
2024-09-20 12:45:57.646000,427.9312820489762,15
2024-09-20 12:45:57.648000,427.93350190354016,104
2024-09-20 12:45:57.700000,427.9478116220199,9
2024-09-20 12:45:57.745000,427.8872654063565,97
2024-09-20 12:45:57.857000,427.93186354887314,12
2024-09-20 12:45:57.887000,427.9348122041552,103
2024-09-20 12:45:57.888000,427.9092909553738,104
2024-09-20 12:45:57.912000,427.8947864548673,102
2024-09-20 12:45:57.924000,427.9151289270434,5
2024-09-20 12:45:57.946000,427.939328368261,98
2024-09-20 12:45:58.016000,428.0057818879597,103
2024-09-20 12:45:58.086000,427.9910810410629,97
2024-09-20 12:45:58.094000,427.9936263223136,1000
2024-09-20 12:45:58.106000,427.9417466383144,105
2024-09-20 12:45:58.116000,427.9857579749873,103
2024-09-20 12:45:58.138000,427.92710755786425,105
2024-09-20 12:45:58.144000,427.96284153471714,13
2024-09-20 12:45:58.166000,427.95249620777554,1002
2024-09-20 12:45:58.352000,427.99360040509606,12
2024-09-20 12:45:58.368000,427.95449717206697,1003
2024-09-20 12:45:58.383000,427.9354155210988,10
2024-09-20 12:45:58.405000,428.0034690702027,95
2024-09-20 12:45:58.413000,427.95268105603895,12
2024-09-20 12:45:58.463000,427.9949801461883,9
2024-09-20 12:45:58.515000,427.985224769056,104
2024-09-20 12:45:58.536000,427.98692894358805,8
2024-09-20 12:45:58.548000,427.978926012897,997
2024-09-20 12:45:58.578000,427.9877567229649,95
2024-09-20 12:45:58.581000,427.991352633968,995
2024-09-20 12:45:58.597000,427.96826717398943,6
2024-09-20 12:45:58.618000,427.9634361934272,10
2024-09-20 12:45:58.690000,427.98835868563526,995
2024-09-20 12:45:58.718000,427.9868013630384,14
2024-09-20 12:45:58.747000,427.9935273072535,1005
2024-09-20 12:45:58.809000,427.9916378300114,5
2024-09-20 12:45:58.814000,427.9891227410406,1005
2024-09-20 12:45:58.923000,427.98942986220817,998
2024-09-20 12:45:58.989000,428.0037243204976,95
2024-09-20 12:45:59.940000,428.009069085866,13
