Timestamp,Price,Size
2024-09-20 14:14:00.024000,430.7795127625167,6
2024-09-20 14:14:00.032000,430.6275999995936,1005
2024-09-20 14:14:00.045000,430.7476891563417,999
2024-09-20 14:14:00.048000,430.643803127187,13
2024-09-20 14:14:00.089000,430.792730098363,11
2024-09-20 14:14:00.096000,430.7370242989943,10
2024-09-20 14:14:00.099000,430.7783533159388,1002
2024-09-20 14:14:00.210000,430.78725861731016,999
2024-09-20 14:14:00.216000,430.7814592907837,15
2024-09-20 14:14:00.313000,430.7619564021837,1001
2024-09-20 14:14:00.333000,430.74098753838,5
2024-09-20 14:14:00.339000,430.6463181101814,8
2024-09-20 14:14:00.390000,430.78257322567686,11
2024-09-20 14:14:00.479000,430.742898482521,1004
2024-09-20 14:14:00.534000,430.7731815896151,103
2024-09-20 14:14:00.547000,430.72067115866577,9
2024-09-20 14:14:00.575000,430.7708013778569,1004
2024-09-20 14:14:00.592000,430.783994277629,12
2024-09-20 14:14:00.651000,430.7908319250005,14
2024-09-20 14:14:00.683000,430.79080875673753,13
2024-09-20 14:14:00.683000,430.6918596334176,102
2024-09-20 14:14:00.688000,430.733186584424,999
2024-09-20 14:14:00.691000,430.8042650466149,12
2024-09-20 14:14:00.693000,430.6645823206622,104
2024-09-20 14:14:00.749000,430.78161468972417,5
2024-09-20 14:14:00.814000,430.7658411923228,995
2024-09-20 14:14:00.890000,430.7471425491016,8
2024-09-20 14:14:00.956000,430.62656077424606,1002
2024-09-20 14:14:03.168000,430.8060656898695,99
2024-09-20 14:14:03.236000,430.8170564604659,104
2024-09-20 14:14:03.352000,430.76189139606913,1003
2024-09-20 14:14:03.360000,430.758826446254,5
2024-09-20 14:14:03.405000,430.80010321746784,11
2024-09-20 14:14:03.452000,430.7622004626105,1002
2024-09-20 14:14:03.483000,430.7590467750813,1001
2024-09-20 14:14:03.581000,430.8161121059223,97
2024-09-20 14:14:03.593000,430.7963955536439,15
2024-09-20 14:14:03.670000,430.7588394204767,98
2024-09-20 14:14:03.694000,430.7849702989794,95
2024-09-20 14:14:03.861000,430.8009021706165,10
2024-09-20 14:14:03.918000,430.7578651758287,103
2024-09-20 14:14:04.068000,430.7756457273525,14
2024-09-20 14:14:04.078000,430.7956346878287,1001
2024-09-20 14:14:04.140000,430.8033568761194,105
2024-09-20 14:14:04.185000,430.7989586866295,98
2024-09-20 14:14:04.375000,430.7786140016026,1001
2024-09-20 14:14:04.449000,430.785188904421,10
2024-09-20 14:14:04.455000,430.7848705309114,100
2024-09-20 14:14:04.463000,430.7821394881663,6
2024-09-20 14:14:04.524000,430.79333033955226,6
2024-09-20 14:14:04.550000,430.7966817678465,1005
2024-09-20 14:14:04.639000,430.7703115139848,9
2024-09-20 14:14:04.651000,430.79855613851976,7
2024-09-20 14:14:04.664000,430.8000465910366,1001
2024-09-20 14:14:04.714000,430.7856871500002,998
2024-09-20 14:14:04.775000,430.8043219442367,104
2024-09-20 14:14:04.779000,430.8069048767427,95
2024-09-20 14:14:04.813000,430.7902755330836,98
2024-09-20 14:14:04.817000,430.7801412700416,11
2024-09-20 14:14:04.818000,430.80886333166256,15
2024-09-20 14:14:04.909000,430.7860788385788,100
2024-09-20 14:14:04.946000,430.79349219355953,97
2024-09-20 14:14:05.016000,430.8135339182743,12
2024-09-20 14:14:05.057000,430.7277646708836,1001
2024-09-20 14:14:05.147000,430.804768362355,99
2024-09-20 14:14:05.156000,430.754466994869,995
2024-09-20 14:14:05.181000,430.8159221269643,997
2024-09-20 14:14:05.182000,430.74223686998175,9
2024-09-20 14:14:05.204000,430.7326900599234,9
2024-09-20 14:14:05.232000,430.7668151298431,98
2024-09-20 14:14:05.255000,430.7783982943581,1001
2024-09-20 14:14:05.264000,430.7048174587148,100
2024-09-20 14:14:05.268000,430.772720208177,1004
2024-09-20 14:14:05.285000,430.7797019920172,11
2024-09-20 14:14:05.321000,430.7864987211814,105
2024-09-20 14:14:05.353000,430.76698570707737,101
2024-09-20 14:14:05.373000,430.81499897708034,105
2024-09-20 14:14:05.445000,430.7566005644525,1004
2024-09-20 14:14:05.481000,430.77333520106095,15
2024-09-20 14:14:05.538000,430.805561699352,8
2024-09-20 14:14:05.606000,430.78477304687664,97
2024-09-20 14:14:05.662000,430.7039622374919,997
2024-09-20 14:14:05.669000,430.7697010760947,10
2024-09-20 14:14:05.764000,430.8242471061608,7
2024-09-20 14:14:05.822000,430.7745474627154,999
2024-09-20 14:14:05.935000,430.7699836229044,98
2024-09-20 14:14:05.947000,430.7888834518629,104
2024-09-20 14:14:05.955000,430.7776731694312,5
2024-09-20 14:14:05.977000,430.8058742713256,15
2024-09-20 14:14:06.055000,430.7784274084536,96
2024-09-20 14:14:06.074000,430.7541295433573,105
2024-09-20 14:14:06.097000,430.7430529627191,1000
2024-09-20 14:14:06.173000,430.7209519680548,995
2024-09-20 14:14:06.178000,430.7382297153424,1005
2024-09-20 14:14:06.179000,430.7735244070265,98
2024-09-20 14:14:06.230000,430.72948639487686,8
2024-09-20 14:14:06.239000,430.7574453553996,997
2024-09-20 14:14:06.239000,430.7228259958293,100
2024-09-20 14:14:06.358000,430.7340313154402,103
2024-09-20 14:14:06.462000,430.7995018620785,6
2024-09-20 14:14:06.502000,430.7335700945096,96
2024-09-20 14:14:06.532000,430.7428551038594,9
2024-09-20 14:14:06.535000,430.7477271909816,995
2024-09-20 14:14:06.542000,430.7695604757928,999
2024-09-20 14:14:06.557000,430.7159425365664,995
2024-09-20 14:14:06.567000,430.740509117869,998
2024-09-20 14:14:06.588000,430.7996235905613,103
2024-09-20 14:14:06.674000,430.7252071040186,998
2024-09-20 14:14:06.709000,430.71870921703817,995
2024-09-20 14:14:06.803000,430.73708691845405,99
2024-09-20 14:14:06.828000,430.7289628342713,13
2024-09-20 14:14:06.875000,430.7259415804074,1000
2024-09-20 14:14:06.899000,430.7757387764634,7
2024-09-20 14:14:06.939000,430.739588490133,7
2024-09-20 14:14:06.968000,430.7708667387075,100
2024-09-20 14:14:08.021000,430.793453541876,10
2024-09-20 14:14:08.102000,430.84183305610486,1005
2024-09-20 14:14:08.313000,430.83232200123535,102
2024-09-20 14:14:08.335000,430.8258130401503,6
2024-09-20 14:14:08.342000,430.8005217105148,1004
2024-09-20 14:14:08.457000,430.8159818916516,12
2024-09-20 14:14:08.524000,430.8298789660229,999
2024-09-20 14:14:08.633000,430.81776800762015,102
2024-09-20 14:14:08.640000,430.81597295492486,998
2024-09-20 14:14:08.676000,430.8304375332296,98
2024-09-20 14:14:08.732000,430.8420081823037,9
2024-09-20 14:14:08.760000,430.8158435503212,101
2024-09-20 14:14:08.814000,430.842141899461,104
2024-09-20 14:14:08.843000,430.7840400693976,103
2024-09-20 14:14:08.897000,430.8067284746103,99
2024-09-20 14:14:08.951000,430.80898627253777,99
2024-09-20 14:14:08.969000,430.807487252776,1000
2024-09-20 14:14:08.986000,430.80990681316007,6
2024-09-20 14:14:09.065000,430.7970003916024,9
2024-09-20 14:14:09.083000,430.71614152234014,13
2024-09-20 14:14:09.166000,430.7990694678084,14
2024-09-20 14:14:09.209000,430.7513677299816,996
2024-09-20 14:14:09.224000,430.7188723064147,1003
2024-09-20 14:14:09.298000,430.7440227214508,100
2024-09-20 14:14:09.493000,430.7203161792221,995
2024-09-20 14:14:09.580000,430.791799056989,6
2024-09-20 14:14:09.594000,430.7163410375789,1002
2024-09-20 14:14:09.847000,430.7709063963096,9
2024-09-20 14:14:09.874000,430.72156838907983,14
2024-09-20 14:14:09.886000,430.7568886747525,95
2024-09-20 14:14:09.922000,430.73779544686914,7
2024-09-20 14:14:09.955000,430.7838345361023,15
2024-09-20 14:14:09.973000,430.7240292749594,5
2024-09-20 14:14:10.007000,430.7029657076813,98
2024-09-20 14:14:10.088000,430.73622483952505,8
2024-09-20 14:14:10.386000,430.7110652124879,7
2024-09-20 14:14:10.556000,430.7050293935222,997
2024-09-20 14:14:10.569000,430.71570100007074,100
2024-09-20 14:14:10.595000,430.7180828651187,95
2024-09-20 14:14:10.700000,430.742276206383,9
2024-09-20 14:14:10.844000,430.7162628747645,14
2024-09-20 14:14:10.993000,430.710586118053,1004
2024-09-20 14:14:11.023000,430.8257172230924,12
2024-09-20 14:14:11.151000,430.6892789431008,996
2024-09-20 14:14:11.259000,430.877078715303,995
2024-09-20 14:14:11.285000,430.6992240015762,15
2024-09-20 14:14:11.286000,430.75716976828494,15
2024-09-20 14:14:11.328000,430.78260813137086,12
2024-09-20 14:14:11.424000,430.7091246871049,10
2024-09-20 14:14:11.436000,430.7744465118748,5
2024-09-20 14:14:11.492000,430.775656427614,1005
2024-09-20 14:14:11.509000,430.7099686779666,100
2024-09-20 14:14:11.561000,430.8753923038734,998
2024-09-20 14:14:11.595000,430.8294085838703,1001
2024-09-20 14:14:11.602000,430.67553353527086,7
2024-09-20 14:14:11.641000,430.6951864346379,12
2024-09-20 14:14:11.646000,430.8695490857484,1003
2024-09-20 14:14:11.656000,430.6923817003985,14
2024-09-20 14:14:11.702000,430.6895725831768,1003
2024-09-20 14:14:11.820000,430.76708087535786,12
2024-09-20 14:14:11.823000,430.7367951829396,10
2024-09-20 14:14:11.840000,430.89627650090176,11
2024-09-20 14:14:11.850000,430.8539431898279,1002
2024-09-20 14:14:11.852000,430.8027667712582,13
2024-09-20 14:14:11.927000,430.68414453817593,10
2024-09-20 14:14:11.928000,430.7734005134951,102
2024-09-20 14:14:11.935000,430.73243926687417,11
2024-09-20 14:14:11.968000,430.6991474105157,97
2024-09-20 14:14:12.314000,430.90141619883786,999
2024-09-20 14:14:12.416000,430.90509192379255,13
2024-09-20 14:14:12.854000,430.8963404708602,1005
2024-09-20 14:14:12.884000,430.87056028619605,15
2024-09-20 14:14:13.498000,430.9068541097564,11
2024-09-20 14:14:14.030000,430.9307959642692,96
2024-09-20 14:14:14.080000,430.9611293160558,1001
2024-09-20 14:14:14.120000,430.93213182628426,95
2024-09-20 14:14:14.130000,430.92030379134826,13
2024-09-20 14:14:14.152000,430.979242077906,104
2024-09-20 14:14:14.181000,430.9640498868257,97
2024-09-20 14:14:14.245000,430.9548055959192,7
2024-09-20 14:14:14.266000,430.9327108062248,95
2024-09-20 14:14:14.290000,430.9744307101383,11
2024-09-20 14:14:14.308000,430.92352751193806,9
2024-09-20 14:14:14.345000,430.9652020744074,995
2024-09-20 14:14:14.367000,430.92740353555934,15
2024-09-20 14:14:14.374000,430.9694532334208,1005
2024-09-20 14:14:14.393000,430.97469149427656,105
2024-09-20 14:14:14.422000,430.93630329516793,1002
2024-09-20 14:14:14.451000,430.96522336113554,6
2024-09-20 14:14:14.465000,430.92754921772746,100
2024-09-20 14:14:14.503000,430.9671934143655,1002
2024-09-20 14:14:14.515000,430.9726596066401,1002
2024-09-20 14:14:14.542000,430.9352776823984,102
2024-09-20 14:14:14.588000,430.9440159424495,103
2024-09-20 14:14:14.634000,430.959921213057,999
2024-09-20 14:14:14.639000,430.9343295591014,96
2024-09-20 14:14:14.665000,430.9493804879912,15
2024-09-20 14:14:14.718000,430.9599799862592,1000
2024-09-20 14:14:14.739000,430.9264346127784,15
2024-09-20 14:14:14.763000,430.9935737967695,101
2024-09-20 14:14:14.895000,430.9405163688049,98
2024-09-20 14:14:15.119000,431.0183004436503,7
2024-09-20 14:14:15.235000,431.0328115170548,9
2024-09-20 14:14:15.268000,431.04289844884494,1001
2024-09-20 14:14:15.321000,431.0012140539744,997
2024-09-20 14:14:15.377000,431.0397168291468,7
2024-09-20 14:14:15.670000,431.03620387096913,12
2024-09-20 14:14:15.703000,431.0069404618872,103
2024-09-20 14:14:15.704000,431.034447480982,13
2024-09-20 14:14:15.773000,430.9839564845991,13
2024-09-20 14:14:15.838000,431.0062716936615,997
2024-09-20 14:14:15.865000,431.0152289594689,9
2024-09-20 14:14:15.971000,431.0173573747691,1003
2024-09-20 14:14:15.983000,430.9994046738693,15
2024-09-20 14:14:16.099000,430.9790620278753,1004
2024-09-20 14:14:16.162000,431.0101417116273,97
2024-09-20 14:14:16.333000,431.0046987606685,96
2024-09-20 14:14:16.334000,431.003872326442,999
2024-09-20 14:14:16.582000,430.9827545543544,99
2024-09-20 14:14:16.712000,430.9894616310981,995
2024-09-20 14:14:16.758000,430.98405900097225,15
2024-09-20 14:14:16.793000,431.0049660951179,6
2024-09-20 14:14:16.965000,430.9803513986529,105
2024-09-20 14:14:17.004000,430.9690449844137,13
2024-09-20 14:14:17.019000,430.98505496377487,8
2024-09-20 14:14:17.089000,431.00957816770153,95
2024-09-20 14:14:17.110000,431.0380522042989,1000
2024-09-20 14:14:17.255000,430.9749191333676,14
2024-09-20 14:14:17.378000,430.9681214189272,104
2024-09-20 14:14:17.461000,431.0070299169364,102
2024-09-20 14:14:17.469000,431.003724255924,13
2024-09-20 14:14:17.514000,430.9850461210765,99
2024-09-20 14:14:17.683000,430.9731370940669,102
2024-09-20 14:14:17.692000,430.980396037444,1003
2024-09-20 14:14:17.843000,431.00813093186457,1002
2024-09-20 14:14:17.861000,431.0446050991075,5
2024-09-20 14:14:17.878000,431.0079792538264,15
2024-09-20 14:14:17.919000,430.9855775938613,98
2024-09-20 14:14:17.930000,430.9856907911749,1004
2024-09-20 14:14:17.938000,431.0354201140504,100
2024-09-20 14:14:17.947000,431.0197490702001,997
2024-09-20 14:14:18.087000,431.0530843526991,9
2024-09-20 14:14:18.198000,431.0552504228202,1004
2024-09-20 14:14:18.218000,431.0297196561833,101
2024-09-20 14:14:18.220000,431.048153601164,996
2024-09-20 14:14:18.269000,431.0429233691783,995
2024-09-20 14:14:18.344000,431.0036991994165,1004
2024-09-20 14:14:18.369000,431.0107591536295,1001
2024-09-20 14:14:18.488000,431.0047723006842,95
2024-09-20 14:14:18.655000,431.01106620156565,103
2024-09-20 14:14:18.686000,431.04306118849513,1005
2024-09-20 14:14:18.728000,431.0320611763169,1003
2024-09-20 14:14:18.734000,431.0455080050694,1002
2024-09-20 14:14:18.744000,431.03315805452536,97
2024-09-20 14:14:18.775000,431.0093847674522,105
2024-09-20 14:14:18.801000,431.006703124531,101
2024-09-20 14:14:18.894000,431.050691388576,1002
2024-09-20 14:14:18.905000,431.0618696533292,7
2024-09-20 14:14:18.981000,431.0075733458058,14
2024-09-20 14:14:19.082000,431.0491081573638,11
2024-09-20 14:14:19.179000,431.0427158785328,1002
2024-09-20 14:14:19.185000,431.0458774181965,6
2024-09-20 14:14:19.245000,431.0621941781412,11
2024-09-20 14:14:19.340000,431.0485318459014,998
2024-09-20 14:14:19.358000,431.0491071450767,999
2024-09-20 14:14:19.372000,431.04402535593,95
2024-09-20 14:14:19.374000,431.0609087778852,100
2024-09-20 14:14:19.385000,431.0456784453498,996
2024-09-20 14:14:19.451000,431.05836292990335,98
2024-09-20 14:14:19.534000,431.0421665993831,1005
2024-09-20 14:14:19.605000,431.0687141489928,103
2024-09-20 14:14:19.611000,431.06386616641663,98
2024-09-20 14:14:19.683000,431.04076378154485,100
2024-09-20 14:14:19.695000,431.0615700815724,103
2024-09-20 14:14:19.744000,431.05847869192905,8
2024-09-20 14:14:19.827000,431.0491540101,998
2024-09-20 14:14:19.908000,431.0505522874968,996
2024-09-20 14:14:20.126000,431.0603656787704,996
2024-09-20 14:14:20.783000,431.0529013593081,12
2024-09-20 14:14:21.199000,431.1128314252244,1003
2024-09-20 14:14:21.200000,431.1226429063549,12
2024-09-20 14:14:21.252000,431.064244203735,105
2024-09-20 14:14:21.264000,431.1217421646591,1002
2024-09-20 14:14:21.452000,431.0750749953834,996
2024-09-20 14:14:21.636000,431.11703032653935,9
2024-09-20 14:14:21.761000,431.1098231352453,1005
2024-09-20 14:14:21.763000,431.1335121830813,95
2024-09-20 14:14:21.780000,431.1084038035322,95
2024-09-20 14:14:21.814000,431.11527898225137,5
2024-09-20 14:14:22.049000,431.1286359377358,8
2024-09-20 14:14:22.051000,431.1303475969761,97
2024-09-20 14:14:22.068000,431.1008244327141,14
2024-09-20 14:14:22.129000,431.117782939137,1001
2024-09-20 14:14:22.254000,431.1482019198793,100
2024-09-20 14:14:22.340000,431.1302703340776,1003
2024-09-20 14:14:22.358000,431.0984927928172,10
2024-09-20 14:14:22.456000,431.1434296799886,995
2024-09-20 14:14:22.476000,431.11139495670585,996
2024-09-20 14:14:22.497000,431.1210219407392,102
2024-09-20 14:14:22.508000,431.1232563586669,7
2024-09-20 14:14:22.626000,431.14512380200665,98
2024-09-20 14:14:22.662000,431.1221616701848,13
2024-09-20 14:14:22.697000,431.1119290126154,105
2024-09-20 14:14:22.700000,431.1109889904482,102
2024-09-20 14:14:22.756000,431.1241654701139,104
2024-09-20 14:14:22.760000,431.1060626805069,97
2024-09-20 14:14:22.962000,431.1050400080973,95
2024-09-20 14:14:23.017000,431.1071279777725,1005
2024-09-20 14:14:23.051000,431.15877586107456,997
2024-09-20 14:14:23.071000,431.1233525564977,999
2024-09-20 14:14:23.169000,431.1414461776102,103
2024-09-20 14:14:23.183000,431.1545561242025,97
2024-09-20 14:14:23.188000,431.1487918021363,100
2024-09-20 14:14:23.203000,431.1432169923421,999
2024-09-20 14:14:23.344000,431.1505420624641,14
2024-09-20 14:14:23.378000,431.1420064793268,95
2024-09-20 14:14:23.401000,431.1062172721586,103
2024-09-20 14:14:23.451000,431.1512627400677,15
2024-09-20 14:14:23.464000,431.0858907137898,1005
2024-09-20 14:14:23.526000,431.1510879405513,8
2024-09-20 14:14:23.526000,431.149886160996,997
2024-09-20 14:14:23.540000,431.141220912703,97
2024-09-20 14:14:23.601000,431.08493822611297,15
2024-09-20 14:14:23.623000,431.1405216473152,1004
2024-09-20 14:14:23.635000,431.12314061332376,10
2024-09-20 14:14:23.773000,431.14860421772073,98
2024-09-20 14:14:23.791000,431.0894688639931,11
2024-09-20 14:14:23.858000,431.1019309764856,99
2024-09-20 14:14:23.879000,431.0866476007883,15
2024-09-20 14:14:23.915000,431.1602662798978,13
2024-09-20 14:14:23.948000,431.1152021408794,100
2024-09-20 14:14:23.956000,431.1377026563146,96
2024-09-20 14:14:23.971000,431.1464665447253,12
2024-09-20 14:14:24.041000,431.0805779434879,13
2024-09-20 14:14:24.067000,431.073752197464,9
2024-09-20 14:14:24.171000,431.122628578553,998
2024-09-20 14:14:24.201000,431.0558727393909,1000
2024-09-20 14:14:24.283000,431.0586031678997,102
2024-09-20 14:14:24.359000,431.0572187821676,103
2024-09-20 14:14:24.474000,431.0492593815624,5
2024-09-20 14:14:24.557000,431.0624096482688,995
2024-09-20 14:14:24.616000,431.0655421612128,102
2024-09-20 14:14:24.661000,431.0635552253602,1000
2024-09-20 14:14:24.700000,431.0770077954842,1003
2024-09-20 14:14:24.711000,431.163740591034,12
2024-09-20 14:14:24.739000,431.05917067474775,1003
2024-09-20 14:14:24.759000,431.0705763409432,14
2024-09-20 14:14:24.815000,431.0621084865359,996
2024-09-20 14:14:24.823000,431.1407722776461,1001
2024-09-20 14:14:24.828000,431.1802625858672,1000
2024-09-20 14:14:24.852000,431.0970615070414,104
2024-09-20 14:14:24.887000,431.0831898907318,97
2024-09-20 14:14:24.935000,431.1030806047568,7
2024-09-20 14:14:24.962000,431.0702399292024,96
2024-09-20 14:14:25.019000,431.07883449867376,95
2024-09-20 14:14:25.049000,431.0726518351698,104
2024-09-20 14:14:25.053000,431.062736062392,13
2024-09-20 14:14:25.069000,431.0448613868976,1000
2024-09-20 14:14:25.143000,431.0912723186817,7
2024-09-20 14:14:25.243000,431.0861618838374,13
2024-09-20 14:14:25.267000,431.08108370409394,98
2024-09-20 14:14:25.267000,431.0852051388332,10
2024-09-20 14:14:25.280000,431.0632697011952,1005
2024-09-20 14:14:25.332000,431.096083568468,5
2024-09-20 14:14:25.334000,431.0769048174811,103
2024-09-20 14:14:25.353000,431.0566573996173,95
2024-09-20 14:14:25.361000,431.1001320222879,98
2024-09-20 14:14:25.386000,431.0543391842624,6
2024-09-20 14:14:25.394000,431.0727625679151,103
2024-09-20 14:14:25.551000,431.0682806972421,1002
2024-09-20 14:14:25.566000,431.0816683624664,10
2024-09-20 14:14:25.646000,431.0528129224159,10
2024-09-20 14:14:25.768000,431.0534511306025,10
2024-09-20 14:14:25.768000,431.0908089917928,1003
2024-09-20 14:14:25.776000,431.07769183998136,102
2024-09-20 14:14:25.832000,431.09687077824685,14
2024-09-20 14:14:25.848000,431.0781900956538,996
2024-09-20 14:14:25.882000,431.0542054801617,15
2024-09-20 14:14:25.889000,431.0608168550584,7
2024-09-20 14:14:25.942000,431.0877119666036,95
2024-09-20 14:14:25.955000,431.04387919217095,99
2024-09-20 14:14:25.958000,431.045818608744,97
2024-09-20 14:14:26.036000,431.0907057086304,13
2024-09-20 14:14:26.046000,431.1361525275199,10
2024-09-20 14:14:26.081000,431.09553479551744,98
2024-09-20 14:14:26.119000,431.1029553586814,103
2024-09-20 14:14:26.128000,431.069361618256,996
2024-09-20 14:14:26.395000,431.1611679230252,97
2024-09-20 14:14:26.505000,431.10380338213554,9
2024-09-20 14:14:26.596000,431.093795498045,99
2024-09-20 14:14:26.619000,431.1224862606541,997
2024-09-20 14:14:26.702000,431.0857763807655,5
2024-09-20 14:14:26.901000,431.1510210235699,997
2024-09-20 14:14:26.918000,431.1851727449884,101
2024-09-20 14:14:26.969000,431.1048775214276,103
2024-09-20 14:14:26.980000,431.08582490832384,1001
2024-09-20 14:14:27.057000,431.1739902992815,996
2024-09-20 14:14:27.063000,431.1888160308274,103
2024-09-20 14:14:27.121000,431.15520602584223,1003
2024-09-20 14:14:27.224000,431.1451289406528,11
2024-09-20 14:14:27.278000,431.1720511868554,104
2024-09-20 14:14:27.389000,431.1716219694277,995
2024-09-20 14:14:27.399000,431.17004598166494,1002
2024-09-20 14:14:27.459000,431.16666646565216,13
2024-09-20 14:14:27.534000,431.1635553604321,1002
2024-09-20 14:14:27.755000,431.1417147040305,999
2024-09-20 14:14:27.783000,431.1743335346051,8
2024-09-20 14:14:27.791000,431.1555334162476,8
2024-09-20 14:14:27.823000,431.1812806548618,1004
2024-09-20 14:14:27.849000,431.156243947976,997
2024-09-20 14:14:27.875000,431.1654381399982,1005
2024-09-20 14:14:28.002000,431.0637497345724,105
2024-09-20 14:14:28.032000,431.1528850860028,1004
2024-09-20 14:14:28.033000,431.1909639014216,7
2024-09-20 14:14:28.106000,431.1369006285728,101
2024-09-20 14:14:28.131000,431.1522689201712,9
2024-09-20 14:14:28.175000,431.17448016392416,995
2024-09-20 14:14:28.206000,431.0785793609808,99
2024-09-20 14:14:28.212000,431.0982486517125,13
2024-09-20 14:14:28.220000,431.1798203554738,100
2024-09-20 14:14:28.283000,431.10656058835815,1005
2024-09-20 14:14:28.346000,431.0877173570016,14
2024-09-20 14:14:28.399000,431.1291914350023,1005
2024-09-20 14:14:28.421000,431.1910557046114,998
2024-09-20 14:14:28.440000,431.0934848899983,97
2024-09-20 14:14:28.475000,431.1238107875224,10
2024-09-20 14:14:28.500000,431.077638034253,11
2024-09-20 14:14:28.530000,431.1650300423026,98
2024-09-20 14:14:28.556000,431.0691816736153,97
2024-09-20 14:14:28.559000,431.1393904440732,13
2024-09-20 14:14:28.573000,431.1983396451369,97
2024-09-20 14:14:28.595000,431.13533437490514,5
2024-09-20 14:14:28.626000,431.0824404004521,12
2024-09-20 14:14:28.631000,431.19641716453015,995
2024-09-20 14:14:28.670000,431.1083489657185,102
2024-09-20 14:14:28.755000,431.14780966796985,7
2024-09-20 14:14:28.773000,431.1888277784048,100
2024-09-20 14:14:28.858000,431.1248344862085,103
2024-09-20 14:14:28.964000,431.1797467292936,7
2024-09-20 14:14:29.040000,431.1089354772956,13
2024-09-20 14:14:29.082000,431.08957840551824,98
2024-09-20 14:14:29.226000,431.09557286083447,1001
2024-09-20 14:14:29.249000,431.0850973080947,1003
2024-09-20 14:14:29.295000,431.0800716592345,99
2024-09-20 14:14:29.318000,431.1009146523405,996
2024-09-20 14:14:29.420000,431.11090739852335,997
2024-09-20 14:14:29.624000,431.0938664617276,14
2024-09-20 14:14:29.643000,431.10214336251823,1003
2024-09-20 14:14:29.688000,431.1150857191541,1000
2024-09-20 14:14:29.732000,431.0988242258167,103
2024-09-20 14:14:29.780000,431.07012292948593,996
2024-09-20 14:14:29.783000,431.0819400128215,1000
2024-09-20 14:14:29.834000,431.07671022769887,8
2024-09-20 14:14:29.836000,431.1061906654904,11
2024-09-20 14:14:29.906000,431.0799657086307,9
2024-09-20 14:14:29.907000,431.09077775629663,1000
2024-09-20 14:14:29.926000,431.0999248677627,6
2024-09-20 14:14:30.373000,431.10957874476645,12
2024-09-20 14:14:30.764000,431.1058955297692,99
2024-09-20 14:14:30.781000,431.09441090289295,996
2024-09-20 14:14:31.107000,431.1405211208184,12
2024-09-20 14:14:31.292000,431.1319186101325,1000
2024-09-20 14:14:31.334000,431.12082774128686,995
2024-09-20 14:14:31.368000,431.12390090259777,10
2024-09-20 14:14:31.397000,431.14853232196816,998
2024-09-20 14:14:31.400000,431.1335827866764,6
2024-09-20 14:14:31.466000,431.1521202968593,99
2024-09-20 14:14:31.513000,431.14125345448105,1004
2024-09-20 14:14:31.725000,431.09223206459313,6
2024-09-20 14:14:31.756000,431.15014015079663,997
2024-09-20 14:14:31.790000,431.1108032260376,995
2024-09-20 14:14:31.870000,431.1527815542092,5
2024-09-20 14:14:31.895000,431.15033542794833,995
2024-09-20 14:14:32.010000,431.1378730919091,1000
2024-09-20 14:14:32.106000,431.1731306366466,11
2024-09-20 14:14:32.108000,431.169628000992,97
2024-09-20 14:14:32.117000,431.2357310550407,100
2024-09-20 14:14:32.288000,431.1648507904953,9
2024-09-20 14:14:32.332000,431.1619169727044,7
2024-09-20 14:14:32.351000,431.21657158242414,95
2024-09-20 14:14:32.401000,431.1779323131419,98
2024-09-20 14:14:32.409000,431.2047432330606,6
2024-09-20 14:14:32.420000,431.1863689610609,104
2024-09-20 14:14:32.424000,431.2432872553326,1000
2024-09-20 14:14:32.440000,431.2343025740248,95
2024-09-20 14:14:32.459000,431.16922174544464,996
2024-09-20 14:14:32.492000,431.2075513853658,14
2024-09-20 14:14:32.561000,431.1570857896581,103
2024-09-20 14:14:32.589000,431.2344290965015,6
2024-09-20 14:14:32.702000,431.16529045703,7
2024-09-20 14:14:32.724000,431.1907200451535,1001
2024-09-20 14:14:32.756000,431.1664463388988,98
2024-09-20 14:14:32.838000,431.1605529599319,9
2024-09-20 14:14:32.894000,431.22590824548,1005
2024-09-20 14:14:32.939000,431.18379624057786,9
2024-09-20 14:14:33.317000,431.2254089367658,1002
2024-09-20 14:14:33.351000,431.2443752720749,104
2024-09-20 14:14:33.373000,431.26814452318746,100
2024-09-20 14:14:33.410000,431.2220864593895,97
2024-09-20 14:14:33.438000,431.2590192357728,104
2024-09-20 14:14:33.523000,431.2802659779037,105
2024-09-20 14:14:33.804000,431.2578264632597,15
2024-09-20 14:14:33.823000,431.2630378130146,96
2024-09-20 14:14:33.846000,431.2535745356989,98
2024-09-20 14:14:33.966000,431.2819032919525,1005
2024-09-20 14:14:34.143000,431.2773336035533,99
2024-09-20 14:14:34.158000,431.2646917045137,1003
2024-09-20 14:14:34.162000,431.2715817341757,10
2024-09-20 14:14:34.169000,431.3139045315267,102
2024-09-20 14:14:34.360000,431.31080463300367,104
2024-09-20 14:14:34.411000,431.2894690658518,11
2024-09-20 14:14:34.427000,431.2934587048397,98
2024-09-20 14:14:34.470000,431.28507749315406,97
2024-09-20 14:14:34.617000,431.3013037388616,97
2024-09-20 14:14:34.662000,431.30137453290894,98
2024-09-20 14:14:34.824000,431.2573057132229,100
2024-09-20 14:14:34.836000,431.3088788739046,1000
2024-09-20 14:14:34.854000,431.281642200133,6
2024-09-20 14:14:34.916000,431.2885373807777,10
2024-09-20 14:14:34.972000,431.3080911085775,1000
2024-09-20 14:14:35.016000,431.3286747696318,99
2024-09-20 14:14:35.043000,431.32869066568566,1003
2024-09-20 14:14:35.237000,431.3080866275955,8
2024-09-20 14:14:35.459000,431.3421263902934,8
2024-09-20 14:14:35.487000,431.3023336284243,5
2024-09-20 14:14:35.650000,431.3466873034579,1000
2024-09-20 14:14:35.713000,431.3164651591527,101
2024-09-20 14:14:35.736000,431.3450152403696,5
2024-09-20 14:14:35.738000,431.3743926326258,9
2024-09-20 14:14:35.785000,431.3208762341905,1002
2024-09-20 14:14:35.787000,431.3637084493913,6
2024-09-20 14:14:35.796000,431.31336706689257,12
2024-09-20 14:14:35.803000,431.3215099997545,97
2024-09-20 14:14:35.836000,431.30564621611165,101
2024-09-20 14:14:35.856000,431.3095611434999,105
2024-09-20 14:14:35.903000,431.32760828811314,14
2024-09-20 14:14:35.995000,431.3233579996897,8
2024-09-20 14:14:36.003000,431.2866380698478,96
2024-09-20 14:14:36.008000,431.3172285819006,1003
2024-09-20 14:14:36.080000,431.2856209992372,97
2024-09-20 14:14:36.105000,431.30383657575936,996
2024-09-20 14:14:36.214000,431.277645223717,95
2024-09-20 14:14:36.226000,431.3022365872261,9
2024-09-20 14:14:36.276000,431.2985088826413,95
2024-09-20 14:14:36.336000,431.2801752557597,99
2024-09-20 14:14:36.341000,431.31229383380986,96
2024-09-20 14:14:36.506000,431.3079949333836,7
2024-09-20 14:14:36.541000,431.2588862688586,13
2024-09-20 14:14:36.544000,431.2768263487621,101
2024-09-20 14:14:36.683000,431.3120283738369,11
2024-09-20 14:14:36.687000,431.2949772987637,1003
2024-09-20 14:14:36.707000,431.289023397799,11
2024-09-20 14:14:36.815000,431.2735052033182,101
2024-09-20 14:14:36.884000,431.3158972524768,7
2024-09-20 14:14:36.949000,431.2885116452759,1000
2024-09-20 14:14:36.958000,431.3162289840952,14
2024-09-20 14:14:37.103000,431.2736067469117,999
2024-09-20 14:14:37.530000,431.2680122276881,997
2024-09-20 14:14:37.907000,431.27594640281546,99
2024-09-20 14:14:38.197000,431.2422682332954,5
2024-09-20 14:14:38.378000,431.2418124800346,15
2024-09-20 14:14:38.593000,431.2541393510895,996
2024-09-20 14:14:38.754000,431.24742787120925,999
2024-09-20 14:14:39.011000,431.2829288545095,97
2024-09-20 14:14:39.156000,431.2543650942666,6
2024-09-20 14:14:39.338000,431.2585568784776,1001
2024-09-20 14:14:39.344000,431.27038174420943,1004
2024-09-20 14:14:39.377000,431.236534183445,1004
2024-09-20 14:14:39.408000,431.25465503898414,11
2024-09-20 14:14:39.420000,431.1957449748248,9
2024-09-20 14:14:39.439000,431.17942630315065,14
2024-09-20 14:14:39.493000,431.2551993357617,1000
2024-09-20 14:14:39.505000,431.18896019683433,13
2024-09-20 14:14:39.659000,431.1809052695338,10
2024-09-20 14:14:39.692000,431.18090895638426,7
2024-09-20 14:14:39.759000,431.2323610618751,6
2024-09-20 14:14:39.831000,431.200393099915,999
2024-09-20 14:14:39.901000,431.2752412365111,5
2024-09-20 14:14:39.972000,431.2353829977204,1000
2024-09-20 14:14:39.976000,431.21331776378577,996
2024-09-20 14:14:40.123000,431.2058922431015,102
2024-09-20 14:14:40.154000,431.19651010736015,996
2024-09-20 14:14:40.267000,431.1807816430567,12
2024-09-20 14:14:40.276000,431.1948266739557,999
2024-09-20 14:14:40.338000,431.18876846252726,998
2024-09-20 14:14:40.343000,431.1974987489053,102
2024-09-20 14:14:40.363000,431.1857925173708,15
2024-09-20 14:14:40.386000,431.1909906406094,8
2024-09-20 14:14:40.448000,431.1811511257693,10
2024-09-20 14:14:40.485000,431.18355375979394,12
2024-09-20 14:14:40.598000,431.21137948595856,102
2024-09-20 14:14:40.605000,431.1927984898683,996
2024-09-20 14:14:40.623000,431.1899965943755,101
2024-09-20 14:14:40.776000,431.1912305044257,6
2024-09-20 14:14:40.997000,431.1928508911508,104
2024-09-20 14:14:41.017000,431.2070647042903,95
2024-09-20 14:14:41.065000,431.2274984648723,15
2024-09-20 14:14:41.074000,431.232846721734,12
2024-09-20 14:14:41.100000,431.205498713973,997
2024-09-20 14:14:41.117000,431.2127468207404,9
2024-09-20 14:14:41.139000,431.2463447864394,8
2024-09-20 14:14:41.197000,431.2270061582989,1000
2024-09-20 14:14:41.226000,431.2196061642395,999
2024-09-20 14:14:41.226000,431.2323238884286,101
2024-09-20 14:14:41.281000,431.2330711755483,9
2024-09-20 14:14:41.298000,431.2296339141184,998
2024-09-20 14:14:41.315000,431.2089725512082,1004
2024-09-20 14:14:41.364000,431.2400234429408,6
2024-09-20 14:14:41.450000,431.23372744628375,13
2024-09-20 14:14:41.461000,431.22056633192574,5
2024-09-20 14:14:41.558000,431.21313979633146,14
2024-09-20 14:14:41.662000,431.2174336369874,14
2024-09-20 14:14:41.694000,431.2100021066,11
2024-09-20 14:14:42.046000,431.1187178803005,103
2024-09-20 14:14:42.049000,431.1089459324965,998
2024-09-20 14:14:42.056000,431.1215063836028,102
2024-09-20 14:14:42.077000,431.1168115979869,101
2024-09-20 14:14:42.088000,431.1907648119121,998
2024-09-20 14:14:42.125000,431.2110645329564,103
2024-09-20 14:14:42.151000,431.1690295826984,102
2024-09-20 14:14:42.214000,431.2390505118698,997
2024-09-20 14:14:42.215000,431.09793307640274,95
2024-09-20 14:14:42.220000,431.1725826982767,105
2024-09-20 14:14:42.294000,431.1789490878666,15
2024-09-20 14:14:42.303000,431.2126080329496,7
2024-09-20 14:14:42.323000,431.2259477010506,13
2024-09-20 14:14:42.391000,431.1096328416475,5
2024-09-20 14:14:42.529000,431.2260882981735,95
2024-09-20 14:14:42.649000,431.0959854254958,1002
2024-09-20 14:14:42.664000,431.1102190792274,98
2024-09-20 14:14:42.683000,431.1989906426912,13
2024-09-20 14:14:42.740000,431.1760019470252,6
2024-09-20 14:14:42.801000,431.1701260105588,1004
2024-09-20 14:14:42.898000,431.08394205350544,12
2024-09-20 14:14:42.980000,431.1676522949297,7
2024-09-20 14:14:42.985000,431.0909418023923,7
2024-09-20 14:14:43.036000,431.1599715719765,14
2024-09-20 14:14:43.040000,431.0848386509471,98
2024-09-20 14:14:43.042000,431.0611483749469,996
2024-09-20 14:14:43.176000,431.0672795488901,1001
2024-09-20 14:14:43.219000,431.0890514201415,998
2024-09-20 14:14:43.256000,431.16685860813175,13
2024-09-20 14:14:43.395000,431.1721244534527,7
2024-09-20 14:14:43.407000,431.15680912658655,96
2024-09-20 14:14:43.426000,431.1215615992977,999
2024-09-20 14:14:43.429000,431.091581586995,101
2024-09-20 14:14:43.447000,431.0779605399903,102
2024-09-20 14:14:43.459000,431.0841945354742,1004
2024-09-20 14:14:43.476000,431.0746128796937,1000
2024-09-20 14:14:43.501000,431.1501320985304,15
2024-09-20 14:14:43.534000,431.1343206314329,6
2024-09-20 14:14:43.543000,431.0708579318012,1003
2024-09-20 14:14:43.573000,431.0941561196937,8
2024-09-20 14:14:43.594000,431.16808606537154,998
2024-09-20 14:14:43.602000,431.13752559535646,96
2024-09-20 14:14:43.654000,431.1646767969431,10
2024-09-20 14:14:43.658000,431.1032638536543,1002
2024-09-20 14:14:43.726000,431.0777609523387,999
2024-09-20 14:14:43.804000,431.0785760295176,8
2024-09-20 14:14:43.891000,431.0734439754943,10
2024-09-20 14:14:43.943000,431.0696081552148,10
2024-09-20 14:14:44.031000,431.0787043756115,1005
2024-09-20 14:14:44.142000,431.0675885495613,997
2024-09-20 14:14:44.149000,431.1109380449121,100
2024-09-20 14:14:44.182000,431.15876910016414,100
2024-09-20 14:14:44.183000,431.0771814201065,998
2024-09-20 14:14:44.189000,431.0405959433184,996
2024-09-20 14:14:44.254000,431.0818343997096,10
2024-09-20 14:14:44.291000,431.1123166957454,6
2024-09-20 14:14:44.296000,431.0780684237011,998
2024-09-20 14:14:44.417000,431.0674846770745,10
2024-09-20 14:14:44.445000,431.0798923957952,1005
2024-09-20 14:14:44.495000,431.0939064069713,98
2024-09-20 14:14:44.550000,431.1226603403856,103
2024-09-20 14:14:44.578000,431.08809865154063,1001
2024-09-20 14:14:44.628000,431.12748837476187,10
2024-09-20 14:14:44.637000,431.0579523791208,97
2024-09-20 14:14:44.641000,431.0648183890846,1001
2024-09-20 14:14:44.650000,431.0773535128203,999
2024-09-20 14:14:44.664000,431.1681301258558,999
2024-09-20 14:14:44.667000,431.1229799612962,1005
2024-09-20 14:14:44.672000,431.05485058537954,1001
2024-09-20 14:14:44.695000,431.09572784941946,1003
2024-09-20 14:14:44.733000,431.07092197519,1002
2024-09-20 14:14:44.755000,431.0652475271347,996
2024-09-20 14:14:44.802000,431.0641091295873,995
2024-09-20 14:14:44.821000,431.0742478471297,103
2024-09-20 14:14:44.824000,431.0610839710823,5
2024-09-20 14:14:44.838000,431.1150494661428,999
2024-09-20 14:14:45.030000,431.11178741231,995
2024-09-20 14:14:45.044000,431.1118891619087,1000
2024-09-20 14:14:45.055000,431.10547225875325,8
2024-09-20 14:14:45.191000,431.082200677182,100
2024-09-20 14:14:45.206000,431.0909519117737,998
2024-09-20 14:14:45.291000,431.1164708781657,15
2024-09-20 14:14:45.298000,431.1184058988328,9
2024-09-20 14:14:45.362000,431.0959029108341,7
2024-09-20 14:14:45.411000,431.10294643460526,999
2024-09-20 14:14:45.411000,431.1211129066514,102
2024-09-20 14:14:45.627000,431.10072543884144,12
2024-09-20 14:14:45.734000,431.1130965812703,995
2024-09-20 14:14:45.787000,431.0909845443221,7
2024-09-20 14:14:45.789000,431.1048400083536,1004
2024-09-20 14:14:45.977000,431.1199583450825,102
2024-09-20 14:14:47.118000,431.10774133509966,7
2024-09-20 14:14:47.383000,431.1158209750464,101
2024-09-20 14:14:48.668000,431.1173139081858,11
2024-09-20 14:14:49.189000,431.103479319071,1003
2024-09-20 14:14:49.243000,431.1029495932864,8
2024-09-20 14:14:49.294000,431.0918808843324,15
2024-09-20 14:14:49.331000,431.0595526953699,104
2024-09-20 14:14:49.384000,431.0919523792828,13
2024-09-20 14:14:49.557000,431.1247271213147,96
2024-09-20 14:14:49.567000,431.0918179923372,998
2024-09-20 14:14:49.697000,431.1068161093117,5
2024-09-20 14:14:49.913000,431.0966765533725,998
2024-09-20 14:14:50.013000,431.1317151556729,97
2024-09-20 14:14:50.014000,431.1568307329679,9
2024-09-20 14:14:50.059000,431.1290336482187,8
2024-09-20 14:14:50.061000,431.042582552328,96
2024-09-20 14:14:50.110000,431.1527630083762,997
2024-09-20 14:14:50.119000,431.1540673046984,15
2024-09-20 14:14:50.201000,431.04125523466575,101
2024-09-20 14:14:50.203000,431.1555898899312,14
2024-09-20 14:14:50.212000,431.1715046634476,103
2024-09-20 14:14:50.212000,431.1565400304291,97
2024-09-20 14:14:50.216000,431.0467658358668,6
2024-09-20 14:14:50.289000,431.1226268287992,14
2024-09-20 14:14:50.315000,431.1297830328026,1005
2024-09-20 14:14:50.485000,431.0623930038531,102
2024-09-20 14:14:50.489000,431.0417840879976,996
2024-09-20 14:14:50.583000,431.119491202944,1000
2024-09-20 14:14:50.640000,431.1227565206157,998
2024-09-20 14:14:50.656000,431.0463435369532,101
2024-09-20 14:14:50.688000,431.07219806465866,105
2024-09-20 14:14:50.702000,431.0805036957119,1001
2024-09-20 14:14:50.714000,431.082194993562,8
2024-09-20 14:14:50.728000,431.0423180478341,1004
2024-09-20 14:14:50.729000,431.132645776632,9
2024-09-20 14:14:50.738000,431.0660640901847,101
2024-09-20 14:14:50.764000,431.1600952368721,1002
2024-09-20 14:14:50.932000,431.1324352147448,9
2024-09-20 14:14:50.950000,431.14677067437583,11
2024-09-20 14:14:50.974000,431.103313899051,14
2024-09-20 14:14:51.019000,431.0727955777887,97
2024-09-20 14:14:51.114000,430.98755364711286,12
2024-09-20 14:14:51.128000,431.0258777100262,100
2024-09-20 14:14:51.134000,431.00479981191984,13
2024-09-20 14:14:51.153000,431.0353425582461,11
2024-09-20 14:14:51.169000,430.9954688670051,5
2024-09-20 14:14:51.172000,431.0102062981867,6
2024-09-20 14:14:51.190000,430.98341426254376,1005
2024-09-20 14:14:51.293000,431.02173762835486,6
2024-09-20 14:14:51.363000,431.1177229040217,104
2024-09-20 14:14:51.396000,430.9989045797681,5
2024-09-20 14:14:51.426000,431.0109185877973,101
2024-09-20 14:14:51.495000,430.9939455759136,1002
2024-09-20 14:14:51.561000,431.0994959978243,13
2024-09-20 14:14:51.577000,430.9945184589181,95
2024-09-20 14:14:51.577000,431.0678197435438,5
2024-09-20 14:14:51.593000,431.0096973095672,13
2024-09-20 14:14:51.598000,431.02817173548215,12
2024-09-20 14:14:51.660000,431.120159827884,99
2024-09-20 14:14:51.673000,431.0001236372374,1001
2024-09-20 14:14:51.788000,431.070708535484,6
2024-09-20 14:14:51.800000,430.9842830846501,12
2024-09-20 14:14:51.880000,431.005111553308,100
2024-09-20 14:14:51.933000,430.9825342215022,14
2024-09-20 14:14:51.959000,431.00251530593096,105
2024-09-20 14:14:51.963000,431.0671700945669,105
2024-09-20 14:14:52.024000,430.9716280885674,96
2024-09-20 14:14:52.070000,430.9982952472072,998
2024-09-20 14:14:52.130000,430.9655712562159,100
2024-09-20 14:14:52.545000,430.9816306225005,102
2024-09-20 14:14:52.910000,431.0108103655468,13
2024-09-20 14:14:53.114000,430.9599010176901,103
2024-09-20 14:14:53.248000,430.990042541276,9
2024-09-20 14:14:53.497000,430.9694627278271,11
2024-09-20 14:14:53.573000,430.95940266140366,5
2024-09-20 14:14:53.648000,430.9801126861929,13
2024-09-20 14:14:53.948000,430.963244819275,96
2024-09-20 14:14:54.625000,430.969960898719,10
2024-09-20 14:14:54.658000,430.97207188736473,1005
2024-09-20 14:14:54.693000,430.9814645721747,97
2024-09-20 14:14:54.721000,430.9646822744865,1003
2024-09-20 14:14:54.887000,430.9906763911949,101
2024-09-20 14:14:55.080000,430.952806336195,105
2024-09-20 14:14:55.126000,430.9377859479582,995
2024-09-20 14:14:55.159000,430.9619309790226,9
2024-09-20 14:14:55.196000,430.9416645361878,998
2024-09-20 14:14:55.228000,430.9259044980337,14
2024-09-20 14:14:55.268000,430.940166409318,8
2024-09-20 14:14:55.272000,430.9680999694574,96
2024-09-20 14:14:55.335000,430.9235629661311,8
2024-09-20 14:14:55.356000,430.9429636938728,8
2024-09-20 14:14:55.385000,430.9546275706279,97
2024-09-20 14:14:55.388000,430.9725926811344,103
2024-09-20 14:14:55.422000,430.9495296927286,99
2024-09-20 14:14:55.525000,430.9735525896471,995
2024-09-20 14:14:55.530000,430.9649403156552,13
2024-09-20 14:14:55.558000,430.9736479287213,98
2024-09-20 14:14:55.673000,430.9456869230106,100
2024-09-20 14:14:55.776000,430.9647034097717,1000
2024-09-20 14:14:55.939000,430.9654340753496,1005
2024-09-20 14:14:55.995000,430.9470927857289,14
2024-09-20 14:14:56.001000,430.9407037359481,1002
2024-09-20 14:14:56.048000,430.8653034846544,1004
2024-09-20 14:14:56.098000,430.8623377029177,13
2024-09-20 14:14:56.159000,430.8454652180585,7
2024-09-20 14:14:56.208000,430.8759142484806,5
2024-09-20 14:14:56.320000,430.85792741397546,99
2024-09-20 14:14:56.385000,430.8872005003863,9
2024-09-20 14:14:56.394000,430.9260144235795,9
2024-09-20 14:14:56.436000,430.86680424005806,6
2024-09-20 14:14:56.440000,430.87742179316746,998
2024-09-20 14:14:56.542000,430.9321045432599,1002
2024-09-20 14:14:56.619000,430.857083370286,98
2024-09-20 14:14:56.682000,430.8390609325327,14
2024-09-20 14:14:56.777000,430.8944751377485,99
2024-09-20 14:14:56.824000,430.8492490369045,104
2024-09-20 14:14:56.905000,430.9080295806189,1002
2024-09-20 14:14:56.974000,430.8519608620053,1004
2024-09-20 14:14:56.979000,430.84892021629065,102
2024-09-20 14:14:57.045000,430.8119997856595,96
2024-09-20 14:14:57.174000,430.7998030595654,103
2024-09-20 14:14:57.307000,430.80139098696526,95
2024-09-20 14:14:57.345000,430.78179419753417,8
2024-09-20 14:14:57.353000,430.844875907082,105
2024-09-20 14:14:57.525000,430.8104630333909,13
2024-09-20 14:14:57.541000,430.82555701569294,12
2024-09-20 14:14:57.551000,430.8324505222432,104
2024-09-20 14:14:57.641000,430.8382635629981,10
2024-09-20 14:14:57.703000,430.8359635925676,14
2024-09-20 14:14:57.748000,430.8147714313866,15
2024-09-20 14:14:57.771000,430.8099979213259,13
2024-09-20 14:14:57.924000,430.7744456334336,996
2024-09-20 14:14:57.935000,430.7947685444254,98
2024-09-20 14:14:57.973000,430.79493808724135,1001
2024-09-20 14:14:58.089000,430.7389028407229,7
2024-09-20 14:14:58.123000,430.747214367667,95
2024-09-20 14:14:58.483000,430.7518788919328,999
2024-09-20 14:14:59.044000,430.7423880362033,104
2024-09-20 14:14:59.069000,430.7481919554227,998
2024-09-20 14:14:59.132000,430.7699713086176,998
2024-09-20 14:14:59.189000,430.7688154140116,1004
2024-09-20 14:14:59.249000,430.75860654513417,1002
2024-09-20 14:14:59.265000,430.7476804588447,104
2024-09-20 14:14:59.308000,430.7459664140749,998
2024-09-20 14:14:59.358000,430.7846928671967,1004
2024-09-20 14:14:59.377000,430.7846591273894,14
2024-09-20 14:14:59.664000,430.797401633482,105
2024-09-20 14:14:59.670000,430.7219374700473,95
2024-09-20 14:14:59.796000,430.7415873902704,998
2024-09-20 14:14:59.839000,430.7878839754736,8
2024-09-20 14:14:59.912000,430.766796143036,12
