Timestamp,Price,Size
2024-09-17 15:29:00.074000,408.84765683515246,8
2024-09-17 15:29:00.245000,408.8556545594668,97
2024-09-17 15:29:00.613000,408.8451556033013,102
2024-09-17 15:29:00.829000,408.8346367866108,100
2024-09-17 15:29:00.923000,408.8327889409188,996
2024-09-17 15:29:01.051000,408.8813229338838,1005
2024-09-17 15:29:01.094000,408.8774368615639,13
2024-09-17 15:29:01.117000,408.8455149438356,95
2024-09-17 15:29:01.125000,408.89465117031017,100
2024-09-17 15:29:01.217000,408.86057893706425,10
2024-09-17 15:29:01.247000,408.84775991005176,1002
2024-09-17 15:29:01.259000,408.8731854273023,101
2024-09-17 15:29:01.300000,408.9095958607899,101
2024-09-17 15:29:01.470000,408.9004283279913,5
2024-09-17 15:29:01.478000,408.8967646561583,98
2024-09-17 15:29:01.493000,408.8467128342971,1004
2024-09-17 15:29:01.595000,408.878862320996,1002
2024-09-17 15:29:01.597000,408.90522969726135,995
2024-09-17 15:29:01.599000,408.8553297126324,15
2024-09-17 15:29:01.615000,408.890237819684,103
2024-09-17 15:29:01.619000,408.87758536475263,1003
2024-09-17 15:29:01.646000,408.90296852502536,1004
2024-09-17 15:29:01.744000,408.8578769696042,5
2024-09-17 15:29:01.834000,408.89269732212665,9
2024-09-17 15:29:01.906000,408.9012517622278,104
2024-09-17 15:29:02.090000,408.9338401535972,996
2024-09-17 15:29:02.201000,408.9106851511007,1004
2024-09-17 15:29:02.442000,408.9187624450538,101
2024-09-17 15:29:02.578000,408.8917990912796,999
2024-09-17 15:29:02.699000,408.9055759402734,100
2024-09-17 15:29:02.731000,408.9246149253689,9
2024-09-17 15:29:02.907000,408.89202592197137,95
2024-09-17 15:29:02.939000,408.9091271950641,102
2024-09-17 15:29:02.967000,408.8802336027184,14
2024-09-17 15:29:03.004000,408.9153135297872,104
2024-09-17 15:29:03.025000,408.91086959333137,13
2024-09-17 15:29:03.107000,408.93396381973247,5
2024-09-17 15:29:03.151000,408.9236981938826,96
2024-09-17 15:29:03.157000,408.943191623719,101
2024-09-17 15:29:03.194000,408.90422379471937,103
2024-09-17 15:29:03.245000,408.901928027964,96
2024-09-17 15:29:03.248000,408.9026633847723,13
2024-09-17 15:29:03.292000,408.9322063451552,103
2024-09-17 15:29:03.310000,408.9425253334311,5
2024-09-17 15:29:03.318000,408.93316582659327,9
2024-09-17 15:29:03.334000,408.9509722771375,103
2024-09-17 15:29:03.424000,408.91347494827534,13
2024-09-17 15:29:03.442000,408.9067020256986,1002
2024-09-17 15:29:03.468000,408.8979611324966,15
2024-09-17 15:29:03.469000,408.892422014074,101
2024-09-17 15:29:03.558000,408.9142361607603,999
2024-09-17 15:29:03.667000,408.9103211608781,5
2024-09-17 15:29:03.675000,408.90949897165103,11
2024-09-17 15:29:03.748000,408.91032032015687,15
2024-09-17 15:29:03.754000,408.9087325048089,101
2024-09-17 15:29:03.768000,408.9102340972356,1004
2024-09-17 15:29:03.841000,408.9123206648167,15
2024-09-17 15:29:03.874000,408.9066509779237,11
2024-09-17 15:29:03.914000,408.9181601660973,1001
2024-09-17 15:29:04.109000,408.9289602615466,997
2024-09-17 15:29:04.183000,408.9061797643194,103
2024-09-17 15:29:04.232000,408.9222754639448,99
2024-09-17 15:29:04.258000,408.9158101696325,1000
2024-09-17 15:29:04.371000,408.91620856315575,998
2024-09-17 15:29:04.384000,408.9195772142842,996
2024-09-17 15:29:04.435000,408.9223241707379,1002
2024-09-17 15:29:04.608000,408.9120276050263,104
2024-09-17 15:29:04.669000,408.9059642832169,10
2024-09-17 15:29:04.723000,408.9269456335029,6
2024-09-17 15:29:04.774000,408.92168028965466,11
2024-09-17 15:29:04.993000,408.9181997828437,997
2024-09-17 15:29:04.995000,408.9183356473805,997
2024-09-17 15:29:06.059000,408.9195173659549,14
2024-09-17 15:29:06.071000,408.96153716384913,100
2024-09-17 15:29:06.103000,408.9748953678806,7
2024-09-17 15:29:06.319000,408.9655816441913,10
2024-09-17 15:29:06.336000,408.96233257493583,10
2024-09-17 15:29:06.340000,408.95124949316937,97
2024-09-17 15:29:06.346000,408.947425621809,1003
2024-09-17 15:29:06.379000,408.95958083488784,14
2024-09-17 15:29:06.404000,408.9577303181527,12
2024-09-17 15:29:06.676000,408.9555300452187,100
2024-09-17 15:29:06.756000,408.968303450152,101
2024-09-17 15:29:06.777000,408.96365845684,99
2024-09-17 15:29:06.795000,408.97860766424446,997
2024-09-17 15:29:06.839000,408.9619386898557,1004
2024-09-17 15:29:06.850000,408.97128945337903,13
2024-09-17 15:29:06.989000,408.97461446961137,97
2024-09-17 15:29:07.100000,408.8883337788193,11
2024-09-17 15:29:07.113000,408.9786773657681,104
2024-09-17 15:29:07.214000,408.90349244925216,995
2024-09-17 15:29:07.217000,408.9346002854743,5
2024-09-17 15:29:07.245000,408.9460893892797,10
2024-09-17 15:29:07.273000,408.8977388827812,995
2024-09-17 15:29:07.276000,408.9424274576341,1004
2024-09-17 15:29:07.364000,408.9355697338749,97
2024-09-17 15:29:07.376000,408.9306815399588,15
2024-09-17 15:29:07.409000,408.89335946152994,6
2024-09-17 15:29:07.445000,408.9555602614095,101
2024-09-17 15:29:07.457000,408.9711410567705,10
2024-09-17 15:29:07.488000,408.8900402956505,99
2024-09-17 15:29:07.529000,408.9048836213245,10
2024-09-17 15:29:07.578000,408.8900385017261,997
2024-09-17 15:29:07.581000,408.896685373475,15
2024-09-17 15:29:07.585000,408.897050804475,996
2024-09-17 15:29:07.683000,408.897811802004,1005
2024-09-17 15:29:07.709000,414.94937394558167,11
2024-09-17 15:29:07.731000,408.8993706775623,1001
2024-09-17 15:29:07.735000,408.9106119558486,13
2024-09-17 15:29:07.764000,408.98159249387817,998
2024-09-17 15:29:07.810000,408.9988160485476,95
2024-09-17 15:29:07.855000,408.9028722155113,5
2024-09-17 15:29:07.904000,408.911032866896,5
2024-09-17 15:29:07.930000,408.9065921536401,8
2024-09-17 15:29:07.934000,408.9147746627429,13
2024-09-17 15:29:07.976000,408.95443370185575,97
2024-09-17 15:29:07.986000,408.96809854739786,6
2024-09-17 15:29:08.412000,408.9328143665488,12
2024-09-17 15:29:08.430000,408.92629019545967,8
2024-09-17 15:29:09.014000,408.9880602111687,996
2024-09-17 15:29:09.034000,409.0401985623245,1003
2024-09-17 15:29:09.063000,408.91647366592525,11
2024-09-17 15:29:09.138000,408.9647190853674,15
2024-09-17 15:29:09.269000,408.9739272844712,10
2024-09-17 15:29:09.277000,408.9483483196721,13
2024-09-17 15:29:09.299000,408.9331577848344,1003
2024-09-17 15:29:09.327000,408.92182015689815,1004
2024-09-17 15:29:09.338000,408.9215093146124,1003
2024-09-17 15:29:09.371000,409.0236313560317,13
2024-09-17 15:29:09.457000,408.90848751214713,1003
2024-09-17 15:29:09.486000,409.0095191654208,999
2024-09-17 15:29:09.548000,409.0028368201957,1000
2024-09-17 15:29:09.664000,409.0438284678942,11
2024-09-17 15:29:09.671000,409.0497516513248,99
2024-09-17 15:29:09.680000,408.9548936806317,997
2024-09-17 15:29:09.691000,408.95342301488665,10
2024-09-17 15:29:09.826000,409.01440193219554,997
2024-09-17 15:29:09.833000,408.95665343922377,102
2024-09-17 15:29:09.898000,408.9583716386508,11
2024-09-17 15:29:09.955000,408.9932286189779,103
2024-09-17 15:29:09.977000,408.958222669796,14
2024-09-17 15:29:09.990000,408.9980393823089,100
2024-09-17 15:29:10.030000,409.0363221220344,97
2024-09-17 15:29:10.040000,409.10659722143487,15
2024-09-17 15:29:10.292000,409.0730028225321,101
2024-09-17 15:29:10.386000,409.0976812715561,6
2024-09-17 15:29:10.421000,409.0533050654043,1000
2024-09-17 15:29:10.604000,409.102467746468,9
2024-09-17 15:29:10.706000,409.1019087460863,999
2024-09-17 15:29:10.719000,409.0489581060028,998
2024-09-17 15:29:10.870000,409.092656849009,999
2024-09-17 15:29:10.910000,409.0907132763494,95
2024-09-17 15:29:11.021000,409.1487767393404,97
2024-09-17 15:29:11.093000,409.1116702582159,97
2024-09-17 15:29:11.217000,409.12964727039497,1004
2024-09-17 15:29:11.303000,409.0564939194124,96
2024-09-17 15:29:11.361000,409.1312721934965,102
2024-09-17 15:29:11.378000,409.0936701042176,1003
2024-09-17 15:29:11.407000,409.0651066963619,6
2024-09-17 15:29:11.465000,409.1103884885141,9
2024-09-17 15:29:11.496000,409.1508843181333,11
2024-09-17 15:29:11.603000,409.132916902841,6
2024-09-17 15:29:11.637000,409.05967659635405,1003
2024-09-17 15:29:11.652000,409.1417903802473,15
2024-09-17 15:29:11.664000,409.0785280139067,104
2024-09-17 15:29:11.827000,409.1532228125229,7
2024-09-17 15:29:11.912000,409.0621789180207,1002
2024-09-17 15:29:11.967000,409.1004089381495,995
2024-09-17 15:29:11.974000,409.0707900755567,95
2024-09-17 15:29:12.023000,409.1030825621591,1000
2024-09-17 15:29:12.063000,409.08306390346553,102
2024-09-17 15:29:12.112000,409.0843590502665,1004
2024-09-17 15:29:12.226000,409.1064137397139,96
2024-09-17 15:29:12.284000,409.1265709011679,5
2024-09-17 15:29:12.342000,409.1413598874439,7
2024-09-17 15:29:12.816000,409.10431692520274,996
2024-09-17 15:29:12.899000,409.1316678981036,997
2024-09-17 15:29:12.926000,409.098141741403,9
2024-09-17 15:29:13.032000,409.1274992571926,105
2024-09-17 15:29:13.048000,409.1278519151687,8
2024-09-17 15:29:13.163000,409.0928662513936,13
2024-09-17 15:29:13.201000,409.1220517786268,1000
2024-09-17 15:29:13.210000,409.12709665692944,102
2024-09-17 15:29:13.282000,409.13582393509296,15
2024-09-17 15:29:13.317000,409.13477056632615,8
2024-09-17 15:29:13.431000,409.1145551332431,95
2024-09-17 15:29:13.439000,409.0925155110175,100
2024-09-17 15:29:13.443000,409.1551898233613,14
2024-09-17 15:29:13.513000,409.0777524668953,97
2024-09-17 15:29:13.527000,409.0933952946929,999
2024-09-17 15:29:13.676000,409.1297426793765,1000
2024-09-17 15:29:13.691000,409.1252613888967,103
2024-09-17 15:29:13.746000,409.1204853619871,9
2024-09-17 15:29:13.813000,409.1290541985301,97
2024-09-17 15:29:13.818000,409.1027600245651,9
2024-09-17 15:29:13.845000,409.1295067178304,996
2024-09-17 15:29:13.852000,409.1065189223274,13
2024-09-17 15:29:13.949000,409.13768345849206,104
2024-09-17 15:29:14.037000,409.12311894001385,997
2024-09-17 15:29:14.145000,409.1190855077624,105
2024-09-17 15:29:14.176000,409.11141454241135,6
2024-09-17 15:29:14.494000,409.11154035305873,1001
2024-09-17 15:29:14.547000,409.1146121326504,101
2024-09-17 15:29:14.687000,409.11683885892427,15
2024-09-17 15:29:14.877000,409.1218763157931,998
2024-09-17 15:29:14.919000,409.11233296642985,95
2024-09-17 15:29:15.255000,409.0869190469761,101
2024-09-17 15:29:15.336000,409.116516420212,1002
2024-09-17 15:29:15.589000,409.1228796343624,998
2024-09-17 15:29:15.601000,409.1168470508802,996
2024-09-17 15:29:15.602000,409.0822025212733,104
2024-09-17 15:29:15.809000,409.1149758854679,1000
2024-09-17 15:29:15.954000,415.03810055881314,100
2024-09-17 15:29:16.001000,409.08161100991686,98
2024-09-17 15:29:16.051000,409.0825660180975,7
2024-09-17 15:29:16.316000,409.0868320269855,998
2024-09-17 15:29:16.460000,409.091303450725,13
2024-09-17 15:29:16.543000,409.0891929536502,103
2024-09-17 15:29:16.717000,409.07772865620507,14
2024-09-17 15:29:16.790000,409.1020281852695,102
2024-09-17 15:29:16.946000,409.1139324527372,1003
2024-09-17 15:29:16.992000,409.0903431338928,15
2024-09-17 15:29:17.029000,409.1094975231297,11
2024-09-17 15:29:17.061000,409.0967446391377,12
2024-09-17 15:29:17.360000,409.1121084415117,14
2024-09-17 15:29:17.439000,409.1217504673603,14
2024-09-17 15:29:17.688000,409.1309607813635,998
2024-09-17 15:29:17.704000,409.1125066475086,101
2024-09-17 15:29:17.942000,409.116685146386,8
2024-09-17 15:29:18.191000,409.1365692799067,96
2024-09-17 15:29:19.081000,409.1633270746343,1000
2024-09-17 15:29:19.290000,409.1749830782269,995
2024-09-17 15:29:19.476000,409.1731342861066,997
2024-09-17 15:29:19.931000,409.1777803482793,1001
2024-09-17 15:29:20.163000,409.2051554645452,13
2024-09-17 15:29:20.489000,409.1731784041461,15
2024-09-17 15:29:20.511000,409.23158021182746,11
2024-09-17 15:29:20.545000,409.1682245389665,7
2024-09-17 15:29:20.639000,409.1923833966502,101
2024-09-17 15:29:20.807000,409.1915750663743,12
2024-09-17 15:29:20.837000,409.2171592257585,1005
2024-09-17 15:29:20.962000,409.1748017281451,98
2024-09-17 15:29:22.072000,409.1875198557647,1005
2024-09-17 15:29:22.100000,409.1840762516644,1002
2024-09-17 15:29:22.115000,409.1895871643362,1000
2024-09-17 15:29:22.136000,409.2001047951677,97
2024-09-17 15:29:22.239000,409.1872523173304,99
2024-09-17 15:29:22.260000,409.1886543420892,98
2024-09-17 15:29:22.381000,409.1851700685394,1005
2024-09-17 15:29:22.490000,409.1769927302837,13
2024-09-17 15:29:22.492000,409.1904049696478,999
2024-09-17 15:29:22.567000,409.2163515064108,998
2024-09-17 15:29:22.579000,409.1743180282711,995
2024-09-17 15:29:22.619000,409.1815972010209,95
2024-09-17 15:29:22.621000,409.1524533632035,1001
2024-09-17 15:29:22.780000,409.19066966409406,12
2024-09-17 15:29:22.864000,409.1745267824237,8
2024-09-17 15:29:22.993000,409.18714118135495,997
2024-09-17 15:29:23.014000,409.2362159557658,99
2024-09-17 15:29:23.038000,409.23891526060856,5
2024-09-17 15:29:23.138000,409.211974645192,5
2024-09-17 15:29:23.476000,409.2306010332644,12
2024-09-17 15:29:23.550000,409.228579339875,100
2024-09-17 15:29:23.577000,409.23155416156726,997
2024-09-17 15:29:23.860000,409.24184208817735,100
2024-09-17 15:29:23.876000,409.2277395208269,11
2024-09-17 15:29:23.892000,409.24779090811927,99
2024-09-17 15:29:24.038000,409.2664468473116,1005
2024-09-17 15:29:24.110000,409.2546986329343,97
2024-09-17 15:29:24.292000,409.2435713711696,101
2024-09-17 15:29:24.453000,409.2632149580549,1001
2024-09-17 15:29:24.744000,409.2628159158203,1004
2024-09-17 15:29:24.771000,409.2373414168297,995
2024-09-17 15:29:24.992000,409.2372074396866,12
2024-09-17 15:29:25.156000,409.1878615129162,98
2024-09-17 15:29:25.171000,409.2016874894496,999
2024-09-17 15:29:25.194000,409.2011105017915,103
2024-09-17 15:29:25.262000,409.211219705364,999
2024-09-17 15:29:25.396000,409.2304221085653,99
2024-09-17 15:29:25.484000,409.2066028302144,999
2024-09-17 15:29:25.512000,409.2301664893553,996
2024-09-17 15:29:25.571000,409.2329646693531,999
2024-09-17 15:29:25.691000,409.24656340851,105
2024-09-17 15:29:25.700000,409.2096675129781,99
2024-09-17 15:29:25.705000,409.2334161054614,8
2024-09-17 15:29:25.816000,409.1948646116397,998
2024-09-17 15:29:25.826000,415.2219001328656,99
2024-09-17 15:29:25.861000,409.2338588125769,12
2024-09-17 15:29:25.898000,409.20602615161056,1003
2024-09-17 15:29:25.952000,409.21635856516303,997
2024-09-17 15:29:25.986000,409.2303133313954,96
2024-09-17 15:29:25.997000,409.1979717161565,999
2024-09-17 15:29:26.006000,409.1876503973102,999
2024-09-17 15:29:26.019000,409.2519869579621,95
2024-09-17 15:29:26.040000,409.1752679880349,10
2024-09-17 15:29:26.062000,409.2648110587309,11
2024-09-17 15:29:26.075000,409.1985260433938,10
2024-09-17 15:29:26.261000,409.1800126355941,102
2024-09-17 15:29:26.277000,409.22979269827886,998
2024-09-17 15:29:26.308000,409.2540607641463,102
2024-09-17 15:29:26.323000,409.1568095057024,10
2024-09-17 15:29:26.363000,409.1859165669276,997
2024-09-17 15:29:26.401000,409.1750754815257,14
2024-09-17 15:29:26.401000,409.1750137838079,95
2024-09-17 15:29:26.416000,409.24332023041967,13
2024-09-17 15:29:26.430000,409.1942288929924,99
2024-09-17 15:29:26.451000,409.17375928081066,10
2024-09-17 15:29:26.566000,409.17850589907385,1004
2024-09-17 15:29:26.611000,409.17122855797146,1001
2024-09-17 15:29:26.638000,409.253487598166,104
2024-09-17 15:29:26.655000,409.2458904953268,997
2024-09-17 15:29:26.724000,409.16670896972187,995
2024-09-17 15:29:26.873000,409.2240793648952,1004
2024-09-17 15:29:26.904000,409.1791513951232,999
2024-09-17 15:29:26.949000,409.1897841323674,99
2024-09-17 15:29:26.971000,409.25685417411125,15
2024-09-17 15:29:27.090000,409.15030667491,1001
2024-09-17 15:29:27.186000,409.1512378914329,1005
2024-09-17 15:29:27.485000,409.1590376495007,997
2024-09-17 15:29:27.682000,409.1675500424399,11
2024-09-17 15:29:27.712000,409.16595674929226,12
2024-09-17 15:29:27.899000,409.1724871968693,14
2024-09-17 15:29:27.953000,409.16471151942335,12
2024-09-17 15:29:27.987000,409.1608811567914,14
2024-09-17 15:29:28.426000,409.1865377148911,103
2024-09-17 15:29:28.457000,409.2024640511036,997
2024-09-17 15:29:28.476000,409.1894526027486,104
2024-09-17 15:29:28.490000,409.1726931259439,100
2024-09-17 15:29:28.675000,409.18805343058295,12
2024-09-17 15:29:28.822000,409.202775278577,997
2024-09-17 15:29:28.946000,409.1894141611058,998
2024-09-17 15:29:28.981000,409.1864934961647,95
2024-09-17 15:29:29.427000,409.20488922292697,15
2024-09-17 15:29:29.661000,409.19926838815,1005
2024-09-17 15:29:29.845000,409.17804854367927,101
2024-09-17 15:29:30.098000,409.1981379181871,11
2024-09-17 15:29:31.013000,409.13659744597584,101
2024-09-17 15:29:31.033000,409.1638324600895,12
2024-09-17 15:29:31.041000,409.116799712262,101
2024-09-17 15:29:31.044000,409.15579700666393,997
2024-09-17 15:29:31.116000,409.1723328242283,96
2024-09-17 15:29:31.222000,409.1437379093196,1002
2024-09-17 15:29:31.256000,409.1899726909312,6
2024-09-17 15:29:31.367000,409.13102115578937,1004
2024-09-17 15:29:31.371000,409.1513760083309,96
2024-09-17 15:29:31.372000,409.12806936669,95
2024-09-17 15:29:31.408000,409.1496657862944,99
2024-09-17 15:29:31.424000,409.1441955353936,5
2024-09-17 15:29:31.469000,409.145608828518,105
2024-09-17 15:29:31.609000,415.222526768255,995
2024-09-17 15:29:31.680000,409.15759519225617,1000
2024-09-17 15:29:31.773000,409.1184827714662,5
2024-09-17 15:29:31.878000,409.167697494764,5
2024-09-17 15:29:31.901000,409.1692084679451,1002
2024-09-17 15:29:31.927000,409.1736902205183,103
2024-09-17 15:29:32.091000,409.1179267816589,102
2024-09-17 15:29:32.105000,409.0870147410773,97
2024-09-17 15:29:32.295000,409.0927821421105,8
2024-09-17 15:29:32.447000,409.0935607049731,15
2024-09-17 15:29:32.698000,409.0896687399713,11
2024-09-17 15:29:32.710000,409.11438604452303,998
2024-09-17 15:29:32.756000,409.0869205401048,1001
2024-09-17 15:29:32.795000,409.1224539249012,996
2024-09-17 15:29:32.798000,409.0965038532796,1005
2024-09-17 15:29:33.001000,409.1001452726061,95
2024-09-17 15:29:33.125000,409.1103713584201,14
2024-09-17 15:29:33.135000,409.0933047598137,999
2024-09-17 15:29:33.235000,409.1133548189663,9
2024-09-17 15:29:33.236000,409.1040609335253,1002
2024-09-17 15:29:33.299000,409.0949777271999,10
2024-09-17 15:29:33.305000,409.1011027413919,15
2024-09-17 15:29:33.463000,409.11909948485504,105
2024-09-17 15:29:33.540000,409.1052542787803,15
2024-09-17 15:29:33.545000,409.09400634711744,102
2024-09-17 15:29:33.550000,409.10439217699735,6
2024-09-17 15:29:33.570000,409.0946237157549,1004
2024-09-17 15:29:33.689000,409.0874305133597,1001
2024-09-17 15:29:33.796000,409.0756149798578,105
2024-09-17 15:29:33.819000,409.112475892565,9
2024-09-17 15:29:33.842000,409.0998252542861,1001
2024-09-17 15:29:34.697000,409.0963742741951,6
2024-09-17 15:29:35.005000,409.05358044234754,9
2024-09-17 15:29:35.167000,409.0531127405314,6
2024-09-17 15:29:35.256000,409.0864153873748,1001
2024-09-17 15:29:35.295000,409.05934876258607,96
2024-09-17 15:29:35.349000,409.0642513437936,7
2024-09-17 15:29:35.359000,409.04056641204846,97
2024-09-17 15:29:35.427000,409.10317148612586,98
2024-09-17 15:29:35.482000,409.1028282781824,1001
2024-09-17 15:29:35.523000,409.0542715795968,101
2024-09-17 15:29:35.571000,409.0627430768084,1001
2024-09-17 15:29:35.594000,409.0602650550176,102
2024-09-17 15:29:35.641000,409.0499924330599,104
2024-09-17 15:29:35.658000,409.0513122010109,100
2024-09-17 15:29:35.659000,409.05076964774,104
2024-09-17 15:29:35.673000,409.0676135308152,8
2024-09-17 15:29:35.847000,409.0996801922654,998
2024-09-17 15:29:35.868000,409.0754512851023,100
2024-09-17 15:29:35.891000,409.05655919844895,7
2024-09-17 15:29:35.955000,409.0550122655823,103
2024-09-17 15:29:36.124000,409.0761808033026,10
2024-09-17 15:29:36.165000,409.0588725219008,102
2024-09-17 15:29:36.191000,409.0778291699052,9
2024-09-17 15:29:36.333000,409.0849272655147,6
2024-09-17 15:29:36.409000,409.0852794611403,998
2024-09-17 15:29:36.418000,409.0600006751391,101
2024-09-17 15:29:36.438000,409.1271613640132,995
2024-09-17 15:29:36.461000,409.1367095509245,14
2024-09-17 15:29:36.503000,409.0800115272959,998
2024-09-17 15:29:36.506000,409.0850135962223,105
2024-09-17 15:29:36.542000,409.1370487242888,12
2024-09-17 15:29:36.798000,409.0730127049531,103
2024-09-17 15:29:36.812000,409.12276223813865,11
2024-09-17 15:29:36.847000,409.1142918300559,15
2024-09-17 15:29:36.856000,409.1484248580207,99
2024-09-17 15:29:36.873000,409.0699434659394,11
2024-09-17 15:29:36.956000,409.093816442556,1002
2024-09-17 15:29:36.973000,409.09218602745045,6
2024-09-17 15:29:37.082000,409.1288735864245,101
2024-09-17 15:29:37.185000,409.1299495675909,13
2024-09-17 15:29:37.300000,409.0668433534384,105
2024-09-17 15:29:37.315000,409.1123184530188,13
2024-09-17 15:29:37.445000,409.0935650976329,96
2024-09-17 15:29:37.448000,409.0745704060732,997
2024-09-17 15:29:37.452000,409.1217354519066,95
2024-09-17 15:29:37.460000,409.0976105213973,13
2024-09-17 15:29:37.471000,409.1501849518231,1005
2024-09-17 15:29:37.627000,409.10150651625554,104
2024-09-17 15:29:37.693000,409.0890540384902,15
2024-09-17 15:29:37.704000,409.1276558566362,1004
2024-09-17 15:29:37.707000,409.1109005115102,100
2024-09-17 15:29:37.851000,409.0732867290117,103
2024-09-17 15:29:37.860000,409.0924922345747,102
2024-09-17 15:29:37.908000,409.0816164001445,1000
2024-09-17 15:29:37.926000,409.1091666145833,14
2024-09-17 15:29:37.952000,409.0853347920201,12
2024-09-17 15:29:38.036000,409.1268346988278,996
2024-09-17 15:29:38.100000,409.1102143817524,9
2024-09-17 15:29:38.112000,409.125137312888,10
2024-09-17 15:29:38.114000,409.1146081774135,13
2024-09-17 15:29:38.129000,409.1111800300861,7
2024-09-17 15:29:38.132000,409.0900962235763,1005
2024-09-17 15:29:38.135000,409.10507142738857,1004
2024-09-17 15:29:38.137000,409.1271081809385,6
2024-09-17 15:29:38.155000,409.110723932784,1002
2024-09-17 15:29:38.199000,415.116361661344,97
2024-09-17 15:29:38.233000,409.1249837278182,1004
2024-09-17 15:29:38.431000,409.1334283702869,100
2024-09-17 15:29:38.541000,409.1208352205288,103
2024-09-17 15:29:38.562000,409.1124408635269,6
2024-09-17 15:29:38.569000,409.1199350596101,999
2024-09-17 15:29:38.575000,409.1284643823428,104
2024-09-17 15:29:38.606000,409.1078186947051,1000
2024-09-17 15:29:38.649000,409.0939231536195,6
2024-09-17 15:29:38.737000,409.1132926178944,95
2024-09-17 15:29:38.759000,409.116360021084,999
2024-09-17 15:29:38.871000,409.1241859924309,9
2024-09-17 15:29:38.958000,409.10337400954046,1004
2024-09-17 15:29:38.959000,409.1002634606162,6
2024-09-17 15:29:38.973000,409.1134099873029,100
2024-09-17 15:29:38.983000,409.093323806461,95
2024-09-17 15:29:38.990000,409.1054948029205,1000
2024-09-17 15:29:39.042000,409.1372752789659,101
2024-09-17 15:29:39.078000,409.1458060378911,7
2024-09-17 15:29:39.098000,409.028707522586,1003
2024-09-17 15:29:39.117000,409.0862524684351,1000
2024-09-17 15:29:39.154000,409.0368364195151,9
2024-09-17 15:29:39.164000,409.1424112560408,95
2024-09-17 15:29:39.252000,409.0479704995276,1003
2024-09-17 15:29:39.266000,409.0317426632625,5
2024-09-17 15:29:39.348000,409.05667608244255,995
2024-09-17 15:29:39.352000,409.1152981504914,999
2024-09-17 15:29:39.426000,409.0429646373985,15
2024-09-17 15:29:39.438000,409.05360134280494,6
2024-09-17 15:29:39.452000,409.1597944891412,997
2024-09-17 15:29:39.471000,409.0268460529157,10
2024-09-17 15:29:39.496000,409.0550240274157,98
2024-09-17 15:29:39.614000,409.14313396886826,1001
2024-09-17 15:29:39.736000,409.0469521560375,13
2024-09-17 15:29:39.883000,409.152112586286,997
2024-09-17 15:29:39.886000,409.0708427646773,15
2024-09-17 15:29:39.905000,409.0449090571088,105
2024-09-17 15:29:39.933000,409.0354968937921,996
2024-09-17 15:29:40.190000,409.010956431263,100
2024-09-17 15:29:40.323000,409.0176653635593,5
2024-09-17 15:29:40.367000,409.0170747066044,5
2024-09-17 15:29:40.378000,409.0427635094045,1003
2024-09-17 15:29:40.405000,409.0218356882536,96
2024-09-17 15:29:40.486000,409.0404730285638,99
2024-09-17 15:29:40.559000,409.03589273840527,7
2024-09-17 15:29:40.599000,409.0315276836675,1005
2024-09-17 15:29:40.702000,409.0271881589711,105
2024-09-17 15:29:40.702000,409.0299014063631,15
2024-09-17 15:29:40.771000,409.0402896642869,1004
2024-09-17 15:29:40.798000,409.03699491345947,9
2024-09-17 15:29:40.859000,409.0436186786777,1005
2024-09-17 15:29:40.872000,409.0365915242415,11
2024-09-17 15:29:40.897000,409.03308258292975,97
2024-09-17 15:29:40.917000,409.02298979577097,98
2024-09-17 15:29:40.920000,409.0419020007844,103
2024-09-17 15:29:40.929000,409.0209458792327,6
2024-09-17 15:29:41.011000,409.089920910308,15
2024-09-17 15:29:41.054000,409.0728751384903,1004
2024-09-17 15:29:41.122000,409.0813301253799,105
2024-09-17 15:29:41.130000,409.0340871488821,14
2024-09-17 15:29:41.212000,409.1191621147096,1002
2024-09-17 15:29:41.216000,409.09367950140376,1000
2024-09-17 15:29:41.225000,409.0923725085447,6
2024-09-17 15:29:41.248000,409.09969986934107,995
2024-09-17 15:29:41.319000,409.1026672813514,100
2024-09-17 15:29:41.536000,409.1070843807087,996
2024-09-17 15:29:41.608000,409.100298300933,96
2024-09-17 15:29:41.617000,409.0849919728137,96
2024-09-17 15:29:41.617000,409.0950325358473,9
2024-09-17 15:29:41.629000,415.0445371102381,7
2024-09-17 15:29:41.685000,409.1226792636997,1005
2024-09-17 15:29:41.761000,409.1052997095824,10
2024-09-17 15:29:41.810000,409.0821471984288,11
2024-09-17 15:29:41.958000,409.0935794142234,100
2024-09-17 15:29:41.968000,409.0467807473648,105
2024-09-17 15:29:42.145000,409.07946771267314,96
2024-09-17 15:29:42.147000,409.1148554673861,100
2024-09-17 15:29:42.198000,409.0614094440082,1003
2024-09-17 15:29:42.312000,409.1241380147473,1000
2024-09-17 15:29:42.346000,409.0651254816744,1001
2024-09-17 15:29:42.367000,409.1214868688643,8
2024-09-17 15:29:42.386000,409.067463821926,102
2024-09-17 15:29:42.408000,409.0826624810888,100
2024-09-17 15:29:42.486000,409.0703753120907,1005
2024-09-17 15:29:42.503000,409.0978143976108,1005
2024-09-17 15:29:42.593000,409.0963076877155,1003
2024-09-17 15:29:42.602000,409.0862951540048,100
2024-09-17 15:29:42.745000,409.0752296282618,995
2024-09-17 15:29:42.916000,409.07921444985385,5
2024-09-17 15:29:43.117000,409.0840928522051,105
2024-09-17 15:29:43.150000,409.0845184518057,97
2024-09-17 15:29:43.151000,409.0783624573304,97
2024-09-17 15:29:43.189000,409.1210640759143,105
2024-09-17 15:29:43.210000,409.0522820797154,1002
2024-09-17 15:29:43.226000,409.1063931222425,104
2024-09-17 15:29:43.290000,409.1046714720594,12
2024-09-17 15:29:43.295000,409.1208672571061,98
2024-09-17 15:29:43.299000,409.111912269777,99
2024-09-17 15:29:43.321000,409.1179860849733,7
2024-09-17 15:29:43.326000,409.0578340913608,9
2024-09-17 15:29:43.408000,409.0920642038126,97
2024-09-17 15:29:43.494000,409.0832264257917,997
2024-09-17 15:29:43.510000,409.1286118328456,100
2024-09-17 15:29:43.535000,409.0867388701831,15
2024-09-17 15:29:43.539000,409.06629500907616,1004
2024-09-17 15:29:43.552000,409.0293590132073,996
2024-09-17 15:29:43.603000,409.0810825611306,98
2024-09-17 15:29:43.661000,409.0973320689627,999
2024-09-17 15:29:43.795000,409.0484110569931,96
2024-09-17 15:29:43.798000,409.0841570459685,1003
2024-09-17 15:29:43.815000,409.11858957674536,12
2024-09-17 15:29:43.908000,409.0934450999053,98
2024-09-17 15:29:44.007000,409.1178528897874,1000
2024-09-17 15:29:44.070000,409.1334588309424,1005
2024-09-17 15:29:44.072000,409.1200711050065,7
2024-09-17 15:29:44.088000,409.13161926156295,10
2024-09-17 15:29:44.123000,409.1213986227148,997
2024-09-17 15:29:44.252000,409.1285502389625,100
2024-09-17 15:29:44.264000,409.1414770168104,1003
2024-09-17 15:29:44.283000,409.1142203478393,1004
2024-09-17 15:29:44.306000,409.1251650292901,995
2024-09-17 15:29:44.332000,409.12037880442,14
2024-09-17 15:29:44.392000,409.1201627327749,998
2024-09-17 15:29:44.540000,409.13072738419487,101
2024-09-17 15:29:44.599000,409.1106742819737,100
2024-09-17 15:29:44.620000,409.1225179762856,9
2024-09-17 15:29:44.792000,409.126561992716,12
2024-09-17 15:29:44.875000,409.12930611428703,1005
2024-09-17 15:29:44.894000,409.1174924383393,996
2024-09-17 15:29:45.043000,409.1253548415199,1000
2024-09-17 15:29:45.254000,409.1339140832474,103
2024-09-17 15:29:45.289000,409.107187172472,100
2024-09-17 15:29:45.336000,409.0869063143617,97
2024-09-17 15:29:45.355000,409.141083253444,96
2024-09-17 15:29:45.365000,409.11158910441446,9
2024-09-17 15:29:45.369000,409.1325961374922,996
2024-09-17 15:29:45.395000,409.1189496985224,100
2024-09-17 15:29:45.455000,409.12198049722974,98
2024-09-17 15:29:45.480000,409.12922088197627,13
2024-09-17 15:29:45.611000,409.11853284573,104
2024-09-17 15:29:45.646000,409.13206274345526,1000
2024-09-17 15:29:45.812000,409.12880614253504,1000
2024-09-17 15:29:45.889000,409.1317276019777,102
2024-09-17 15:29:45.911000,409.1169433682604,1002
2024-09-17 15:29:46.126000,409.11555959897663,998
2024-09-17 15:29:46.139000,409.0948716132107,97
2024-09-17 15:29:46.142000,409.09699224089263,11
2024-09-17 15:29:46.269000,409.1016802639433,1001
2024-09-17 15:29:46.369000,409.1301679252705,95
2024-09-17 15:29:46.478000,409.1547880048949,5
2024-09-17 15:29:46.694000,409.13496215235017,12
2024-09-17 15:29:46.755000,409.1447610190691,1004
2024-09-17 15:29:46.874000,409.148960256894,998
2024-09-17 15:29:47.062000,409.1647143024808,12
2024-09-17 15:29:47.067000,409.1830244952648,1001
2024-09-17 15:29:47.204000,409.18747784793607,105
2024-09-17 15:29:47.278000,409.15619974181,1001
2024-09-17 15:29:47.315000,409.17362926635,102
2024-09-17 15:29:47.323000,409.1732866198436,5
2024-09-17 15:29:47.334000,409.1931201999928,997
2024-09-17 15:29:47.370000,409.16522047636255,999
2024-09-17 15:29:47.375000,409.19813260178046,1000
2024-09-17 15:29:47.438000,409.1979367518755,15
2024-09-17 15:29:47.449000,409.1593233963122,98
2024-09-17 15:29:47.460000,409.1722107319717,102
2024-09-17 15:29:47.521000,409.1794693492141,12
2024-09-17 15:29:47.539000,409.17854193397545,95
2024-09-17 15:29:47.615000,409.1522964858364,12
2024-09-17 15:29:47.648000,409.1546335614656,1003
2024-09-17 15:29:47.833000,409.1875895742766,105
2024-09-17 15:29:47.842000,409.1654417287696,12
2024-09-17 15:29:47.852000,409.1662063821744,1001
2024-09-17 15:29:47.916000,409.1694634891143,14
2024-09-17 15:29:47.922000,409.15683855152486,11
2024-09-17 15:29:47.962000,409.16526470268,9
2024-09-17 15:29:47.984000,409.1883730864115,999
2024-09-17 15:29:48.012000,409.0845152235237,98
2024-09-17 15:29:48.061000,409.10266811690775,11
2024-09-17 15:29:48.066000,409.1372954825022,97
2024-09-17 15:29:48.126000,409.15998722181706,14
2024-09-17 15:29:48.292000,409.0663575631886,13
2024-09-17 15:29:48.314000,409.1532793954818,12
2024-09-17 15:29:48.344000,409.10746904087904,98
2024-09-17 15:29:48.355000,409.0778047787104,996
2024-09-17 15:29:48.356000,409.1579086116466,995
2024-09-17 15:29:48.368000,409.1488712833527,13
2024-09-17 15:29:48.388000,409.1232726170346,13
2024-09-17 15:29:48.389000,409.157674792586,12
2024-09-17 15:29:48.402000,409.048039922111,1001
2024-09-17 15:29:48.410000,409.1532172816782,98
2024-09-17 15:29:48.449000,409.13895198287634,9
2024-09-17 15:29:48.508000,409.0901049848029,1000
2024-09-17 15:29:48.509000,409.17157095200446,997
2024-09-17 15:29:48.630000,409.1095468795235,5
2024-09-17 15:29:48.660000,409.0755450609108,9
2024-09-17 15:29:48.711000,409.1478683827103,7
2024-09-17 15:29:48.740000,409.0897420836341,9
2024-09-17 15:29:48.942000,409.0800405338443,102
2024-09-17 15:29:48.965000,409.084027167222,1001
2024-09-17 15:29:48.969000,409.0719382026985,1003
2024-09-17 15:29:48.971000,409.0593554107616,15
2024-09-17 15:29:48.998000,409.0993491350028,104
2024-09-17 15:29:49.251000,409.0292654628139,14
2024-09-17 15:29:49.363000,409.0254254421215,7
2024-09-17 15:29:49.416000,409.0028201786646,97
2024-09-17 15:29:49.426000,409.0068662631237,101
2024-09-17 15:29:49.441000,409.01968145448825,105
2024-09-17 15:29:49.506000,408.9783176109688,15
2024-09-17 15:29:49.521000,409.0000606548285,995
2024-09-17 15:29:49.645000,408.9905523092924,100
2024-09-17 15:29:49.839000,409.03495365194107,13
2024-09-17 15:29:49.852000,409.037079263684,996
2024-09-17 15:29:49.922000,408.9972066575693,105
2024-09-17 15:29:49.982000,409.0212077699992,99
2024-09-17 15:29:50.010000,408.9161923753024,1005
2024-09-17 15:29:50.185000,408.9171742603161,8
2024-09-17 15:29:50.230000,408.9170046299136,99
2024-09-17 15:29:50.239000,408.92985510086135,104
2024-09-17 15:29:50.270000,409.00584653090334,5
2024-09-17 15:29:50.338000,408.9325183947013,102
2024-09-17 15:29:50.350000,408.9804310576591,1005
2024-09-17 15:29:50.447000,408.93819265139433,7
2024-09-17 15:29:50.484000,408.9294313458793,6
2024-09-17 15:29:50.518000,408.9439792917625,1003
2024-09-17 15:29:50.615000,408.9320058876492,1000
2024-09-17 15:29:50.684000,408.9270995464958,1000
2024-09-17 15:29:50.692000,408.9360460344277,102
2024-09-17 15:29:50.745000,408.9559546435434,5
2024-09-17 15:29:50.745000,408.9504458667337,105
2024-09-17 15:29:50.912000,408.9395211690989,1002
2024-09-17 15:29:50.931000,408.9442596638476,1000
2024-09-17 15:29:50.997000,408.9896030661319,10
2024-09-17 15:29:51.061000,408.8991998250148,998
2024-09-17 15:29:51.097000,408.8036571630141,1002
2024-09-17 15:29:51.172000,408.7978770789426,103
2024-09-17 15:29:51.221000,408.9092878468303,1000
2024-09-17 15:29:51.292000,408.8265050230559,98
2024-09-17 15:29:51.314000,408.9167608307412,999
2024-09-17 15:29:51.317000,408.81731419451694,103
2024-09-17 15:29:51.318000,408.9161763184935,97
2024-09-17 15:29:51.349000,408.8975759625808,10
2024-09-17 15:29:51.386000,408.9019323231138,9
2024-09-17 15:29:51.411000,408.8808559472401,100
2024-09-17 15:29:51.459000,408.808434276488,1002
2024-09-17 15:29:51.514000,408.8446086409013,999
2024-09-17 15:29:51.578000,408.89113702086166,1004
2024-09-17 15:29:51.591000,408.8135464691806,103
2024-09-17 15:29:51.596000,408.8825471455139,5
2024-09-17 15:29:51.826000,408.8809968120499,98
2024-09-17 15:29:51.852000,408.8388565660874,997
2024-09-17 15:29:51.881000,408.9026834842753,7
2024-09-17 15:29:51.904000,408.8112784402936,96
2024-09-17 15:29:51.904000,408.8226035717445,98
2024-09-17 15:29:52.066000,408.80053590159247,8
2024-09-17 15:29:52.140000,408.7916602015639,98
2024-09-17 15:29:52.168000,408.81289431122576,101
2024-09-17 15:29:52.312000,408.7727498842224,13
2024-09-17 15:29:52.418000,408.76515337043134,6
2024-09-17 15:29:52.512000,408.769626016338,100
2024-09-17 15:29:52.535000,408.7791582635353,999
2024-09-17 15:29:52.587000,408.8025992523948,15
2024-09-17 15:29:52.760000,408.7828192776487,11
2024-09-17 15:29:52.761000,408.78520423854326,105
2024-09-17 15:29:52.765000,408.8098187866975,1005
2024-09-17 15:29:52.859000,408.7969027044962,13
2024-09-17 15:29:52.887000,408.7939753908764,95
2024-09-17 15:29:52.956000,408.76827319711794,1005
2024-09-17 15:29:52.958000,408.77188041421215,15
2024-09-17 15:29:52.964000,408.7765130532267,95
2024-09-17 15:29:52.990000,408.79069175227335,1000
2024-09-17 15:29:53.003000,408.7806885613563,998
2024-09-17 15:29:53.133000,408.783584058184,999
2024-09-17 15:29:53.175000,408.76953001611565,101
2024-09-17 15:29:53.249000,408.7765529735451,105
2024-09-17 15:29:53.271000,408.7851992262045,103
2024-09-17 15:29:53.432000,408.7916401399969,105
2024-09-17 15:29:53.520000,408.8016726747182,999
2024-09-17 15:29:53.558000,408.7858799525421,1004
2024-09-17 15:29:53.612000,408.79598788197313,9
2024-09-17 15:29:53.619000,408.7767126329255,15
2024-09-17 15:29:54.101000,408.8203764890197,12
2024-09-17 15:29:54.177000,408.8391574940524,12
2024-09-17 15:29:54.228000,408.8051848273214,1005
2024-09-17 15:29:54.261000,408.8389352147383,13
2024-09-17 15:29:54.320000,408.7950269350716,99
2024-09-17 15:29:54.422000,408.8175155405224,97
2024-09-17 15:29:54.762000,408.80949809853314,105
2024-09-17 15:29:54.772000,408.8003684699204,102
2024-09-17 15:29:54.966000,408.79719244431135,8
2024-09-17 15:29:54.991000,408.78568768474815,14
2024-09-17 15:29:55.005000,408.8525933220261,8
2024-09-17 15:29:55.013000,408.8245768122504,12
2024-09-17 15:29:55.040000,415.18612286586114,5
2024-09-17 15:29:55.065000,408.8317647430346,8
2024-09-17 15:29:55.139000,408.854991326608,6
2024-09-17 15:29:55.197000,408.7974770659688,105
2024-09-17 15:29:55.431000,408.86276796134337,11
2024-09-17 15:29:55.431000,408.81047371672247,1003
2024-09-17 15:29:55.552000,408.7836334939077,9
2024-09-17 15:29:55.561000,408.80700064905545,105
2024-09-17 15:29:55.609000,408.8523195773933,95
2024-09-17 15:29:55.684000,408.79233661817625,6
2024-09-17 15:29:56.120000,408.8664253310256,9
2024-09-17 15:29:56.393000,408.87333935013874,7
2024-09-17 15:29:56.393000,408.8545317081381,13
2024-09-17 15:29:56.725000,408.8566084465401,96
2024-09-17 15:29:56.814000,408.84623551057336,11
2024-09-17 15:29:56.914000,408.8592538216528,101
2024-09-17 15:29:56.972000,408.8687439097792,105
2024-09-17 15:29:57.047000,408.91028481941805,12
2024-09-17 15:29:57.069000,408.92943071667935,101
2024-09-17 15:29:57.101000,408.90025181016966,99
2024-09-17 15:29:57.210000,408.8783627558144,11
2024-09-17 15:29:57.229000,408.9682574871067,104
2024-09-17 15:29:57.241000,408.86509857360585,996
2024-09-17 15:29:57.548000,408.9264526770496,100
2024-09-17 15:29:57.570000,408.8920435907954,96
2024-09-17 15:29:57.695000,408.97301294158433,101
2024-09-17 15:29:57.719000,408.9086068430377,104
2024-09-17 15:29:57.751000,408.9532299585428,15
2024-09-17 15:29:57.782000,408.9332857184649,10
2024-09-17 15:29:57.816000,408.91585706816073,1003
2024-09-17 15:29:57.834000,408.9421057803207,997
2024-09-17 15:29:57.871000,408.91059061264,95
2024-09-17 15:29:58.108000,408.92120169052185,6
2024-09-17 15:29:58.224000,408.8840914044438,1003
2024-09-17 15:29:58.260000,408.87471311790847,9
2024-09-17 15:29:58.268000,408.93476482570605,995
2024-09-17 15:29:58.273000,408.9785450116945,1005
2024-09-17 15:29:58.317000,408.8970448470325,1005
2024-09-17 15:29:58.328000,408.9480635367022,97
2024-09-17 15:29:58.337000,408.9330033873277,95
2024-09-17 15:29:58.411000,408.9218079105492,5
2024-09-17 15:29:58.540000,408.92074920390337,1000
2024-09-17 15:29:58.542000,408.940506739586,95
2024-09-17 15:29:58.547000,408.9053095066414,1005
2024-09-17 15:29:58.562000,408.93901597223584,5
2024-09-17 15:29:58.692000,408.8710658417701,996
2024-09-17 15:29:58.701000,408.9133939371633,12
2024-09-17 15:29:58.793000,408.89385170990624,997
2024-09-17 15:29:58.797000,408.9126514292728,10
2024-09-17 15:29:58.798000,408.9491337297361,1000
2024-09-17 15:29:58.801000,408.9080842242643,999
2024-09-17 15:29:58.814000,408.8751838423029,5
2024-09-17 15:29:58.855000,408.9286414994792,6
2024-09-17 15:29:58.883000,408.9732770132835,15
2024-09-17 15:29:58.889000,408.9086680993584,999
2024-09-17 15:29:59.007000,408.98748247701815,100
2024-09-17 15:29:59.029000,408.9780081664423,97
2024-09-17 15:29:59.056000,408.9895187686682,96
2024-09-17 15:29:59.056000,408.9408373834998,98
2024-09-17 15:29:59.088000,408.9688535300372,10
2024-09-17 15:29:59.154000,408.9723450675052,1003
2024-09-17 15:29:59.176000,408.94559926501177,995
2024-09-17 15:29:59.221000,408.9308734905826,13
2024-09-17 15:29:59.284000,408.95552036241617,995
2024-09-17 15:29:59.305000,408.9908413726344,98
2024-09-17 15:29:59.334000,408.9592529090839,95
2024-09-17 15:29:59.352000,408.9790744693582,99
2024-09-17 15:29:59.362000,408.9812840527182,1000
2024-09-17 15:29:59.455000,408.9587351323252,1001
2024-09-17 15:29:59.550000,408.9557816931531,1002
2024-09-17 15:29:59.566000,408.9785851128587,15
2024-09-17 15:29:59.678000,408.9786262303878,7
2024-09-17 15:29:59.684000,408.935599885395,8
2024-09-17 15:29:59.730000,408.970946550226,13
2024-09-17 15:29:59.739000,408.97375407324535,15
2024-09-17 15:29:59.854000,415.24111386854366,6
2024-09-17 15:29:59.872000,408.9668576477823,1002
2024-09-17 15:29:59.919000,408.97432569677005,995
2024-09-17 15:29:59.983000,408.95040289725057,97
