Timestamp,Price,Size
2024-09-19 15:29:00.148000,418.987678458352,95
2024-09-19 15:29:00.415000,418.9909038943768,102
2024-09-19 15:29:00.804000,418.97911763014594,98
2024-09-19 15:29:01.049000,418.98017494670273,998
2024-09-19 15:29:01.060000,418.9160873720646,9
2024-09-19 15:29:01.132000,418.9179673538952,105
2024-09-19 15:29:01.136000,418.9751030702298,999
2024-09-19 15:29:01.268000,418.9358121750337,999
2024-09-19 15:29:01.316000,418.9278774571683,103
2024-09-19 15:29:01.337000,418.97103042501584,9
2024-09-19 15:29:01.369000,418.9553423980952,1002
2024-09-19 15:29:01.462000,418.9582953414876,998
2024-09-19 15:29:01.491000,418.958802714777,1005
2024-09-19 15:29:01.492000,418.9309371325865,1004
2024-09-19 15:29:01.542000,418.9568739153452,999
2024-09-19 15:29:01.602000,420.35037856543687,11
2024-09-19 15:29:01.637000,418.9727140615336,1001
2024-09-19 15:29:01.666000,418.94016944785295,104
2024-09-19 15:29:01.692000,418.9841714265321,998
2024-09-19 15:29:01.695000,418.9622905683336,99
2024-09-19 15:29:01.778000,418.9548944132306,7
2024-09-19 15:29:01.789000,418.9710878668566,999
2024-09-19 15:29:01.841000,418.9659387986745,11
2024-09-19 15:29:01.852000,418.9575831434348,102
2024-09-19 15:29:01.895000,418.9117952882496,8
2024-09-19 15:29:01.974000,418.918175323954,6
2024-09-19 15:29:01.981000,418.9203189340947,98
2024-09-19 15:29:01.993000,418.9301975429445,5
2024-09-19 15:29:02.289000,418.91770990024304,999
2024-09-19 15:29:02.935000,418.9169530201401,103
2024-09-19 15:29:03.050000,418.93678928538606,97
2024-09-19 15:29:03.074000,418.9176242171317,103
2024-09-19 15:29:03.169000,418.9404733408352,103
2024-09-19 15:29:03.216000,418.90859029072976,15
2024-09-19 15:29:03.261000,418.91187660547314,5
2024-09-19 15:29:03.307000,418.9634895930837,996
2024-09-19 15:29:03.367000,418.9228249243411,1001
2024-09-19 15:29:03.403000,418.9190230988389,996
2024-09-19 15:29:03.497000,418.9303248156057,1003
2024-09-19 15:29:03.538000,418.9085134465447,99
2024-09-19 15:29:03.557000,418.9236092655557,104
2024-09-19 15:29:03.631000,418.9325555828287,996
2024-09-19 15:29:03.650000,418.92861813804257,1003
2024-09-19 15:29:03.663000,420.5205560220028,9
2024-09-19 15:29:03.759000,418.953194938058,1002
2024-09-19 15:29:03.789000,418.92964487364895,10
2024-09-19 15:29:03.796000,418.9330328554637,7
2024-09-19 15:29:03.797000,418.9250599293463,1004
2024-09-19 15:29:03.839000,418.9305980617627,995
2024-09-19 15:29:03.881000,418.9134155147232,105
2024-09-19 15:29:03.988000,418.9315878809557,103
2024-09-19 15:29:03.997000,418.9316855097076,104
2024-09-19 15:29:04.136000,418.93173148361103,11
2024-09-19 15:29:04.146000,418.9224830354339,12
2024-09-19 15:29:04.147000,418.8783337256413,15
2024-09-19 15:29:04.157000,418.92912077069815,99
2024-09-19 15:29:04.197000,418.868564908331,104
2024-09-19 15:29:04.245000,418.8926044306693,5
2024-09-19 15:29:04.246000,418.87221733071937,8
2024-09-19 15:29:04.248000,418.9022828861271,9
2024-09-19 15:29:04.303000,418.94806619925055,995
2024-09-19 15:29:04.331000,418.9033127298796,1005
2024-09-19 15:29:04.349000,418.9194856143928,1003
2024-09-19 15:29:04.368000,418.9158434057758,8
2024-09-19 15:29:04.387000,418.9351650843112,997
2024-09-19 15:29:04.469000,418.9379313936859,103
2024-09-19 15:29:04.560000,418.9373876146943,105
2024-09-19 15:29:04.619000,418.8947980039097,101
2024-09-19 15:29:04.622000,418.9298064731216,998
2024-09-19 15:29:04.653000,418.9458377126851,6
2024-09-19 15:29:04.765000,418.8778580902522,998
2024-09-19 15:29:04.768000,418.9334758631831,998
2024-09-19 15:29:04.854000,418.885222255647,101
2024-09-19 15:29:04.855000,418.9125146077508,95
2024-09-19 15:29:04.919000,418.9123457234563,103
2024-09-19 15:29:04.934000,418.9058120718756,13
2024-09-19 15:29:04.968000,418.90850930748,998
2024-09-19 15:29:05.153000,418.9560172080344,12
2024-09-19 15:29:05.210000,418.9317833057145,103
2024-09-19 15:29:05.247000,418.9512800500669,7
2024-09-19 15:29:05.346000,418.980486068623,12
2024-09-19 15:29:05.416000,418.9528427281864,13
2024-09-19 15:29:05.430000,418.9637781946725,1003
2024-09-19 15:29:05.436000,418.93640399669687,999
2024-09-19 15:29:05.482000,418.9636949538563,14
2024-09-19 15:29:05.486000,418.96841338235873,98
2024-09-19 15:29:05.657000,418.96024479026886,7
2024-09-19 15:29:05.781000,418.9530248399168,1000
2024-09-19 15:29:05.864000,418.9614687866453,6
2024-09-19 15:29:05.918000,418.961736269209,97
2024-09-19 15:29:05.935000,418.9652429455844,6
2024-09-19 15:29:05.958000,418.9625572724969,1002
2024-09-19 15:29:06.205000,418.9891792417621,104
2024-09-19 15:29:07.078000,418.98501778858326,15
2024-09-19 15:29:07.540000,418.9859652109291,103
2024-09-19 15:29:07.592000,418.9625141937516,13
2024-09-19 15:29:07.705000,418.9853566209851,100
2024-09-19 15:29:08.058000,419.0530339963786,6
2024-09-19 15:29:08.071000,419.0397817919237,998
2024-09-19 15:29:08.140000,419.0088691073315,15
2024-09-19 15:29:08.157000,419.0049180840969,15
2024-09-19 15:29:08.183000,418.99410684056346,9
2024-09-19 15:29:08.191000,419.073254574812,11
2024-09-19 15:29:08.206000,418.9911926212765,8
2024-09-19 15:29:08.275000,419.0016562831955,1005
2024-09-19 15:29:08.287000,419.0537637899303,998
2024-09-19 15:29:08.327000,418.97863680877566,102
2024-09-19 15:29:08.347000,419.0048471839044,12
2024-09-19 15:29:08.398000,418.9992117238448,13
2024-09-19 15:29:08.516000,419.0673723848772,14
2024-09-19 15:29:08.527000,418.99838277816366,97
2024-09-19 15:29:08.531000,419.06420108922754,95
2024-09-19 15:29:08.563000,419.0098010977625,105
2024-09-19 15:29:08.620000,418.9894179053168,97
2024-09-19 15:29:08.647000,418.9933947693501,1001
2024-09-19 15:29:08.693000,419.083331917857,97
2024-09-19 15:29:08.763000,419.0665264004272,95
2024-09-19 15:29:08.835000,419.07038095792655,997
2024-09-19 15:29:08.938000,418.9953491431334,98
2024-09-19 15:29:08.996000,419.0696027123101,998
2024-09-19 15:29:09.034000,419.06742337694885,7
2024-09-19 15:29:09.099000,419.0339401306547,1004
2024-09-19 15:29:09.152000,419.0339581008674,96
2024-09-19 15:29:09.156000,419.0277778470169,104
2024-09-19 15:29:09.175000,419.08650628371015,98
2024-09-19 15:29:09.210000,419.04141043840906,1004
2024-09-19 15:29:09.255000,419.03228625449526,996
2024-09-19 15:29:09.266000,419.04037659091694,102
2024-09-19 15:29:09.295000,419.0736226700824,99
2024-09-19 15:29:09.318000,419.0462284363253,95
2024-09-19 15:29:09.320000,419.0761768873933,99
2024-09-19 15:29:09.347000,419.0586684685253,14
2024-09-19 15:29:09.375000,419.0799193149469,10
2024-09-19 15:29:09.480000,419.0605538184971,995
2024-09-19 15:29:09.632000,419.04752499558725,1001
2024-09-19 15:29:09.711000,419.0693557433733,97
2024-09-19 15:29:09.743000,419.04628398900974,996
2024-09-19 15:29:09.777000,419.0791210200329,6
2024-09-19 15:29:09.840000,419.06747304792674,1001
2024-09-19 15:29:09.843000,419.0800025400385,96
2024-09-19 15:29:09.926000,419.03849442634,5
2024-09-19 15:29:09.953000,419.0665437548008,999
2024-09-19 15:29:09.954000,419.0527368811677,96
2024-09-19 15:29:09.966000,419.03277568894487,5
2024-09-19 15:29:09.969000,419.0910149810081,100
2024-09-19 15:29:09.997000,419.0504197707867,997
2024-09-19 15:29:10.032000,419.0911888928632,6
2024-09-19 15:29:10.130000,419.1082316425168,11
2024-09-19 15:29:10.171000,419.1039866514004,998
2024-09-19 15:29:10.279000,419.10690195487246,104
2024-09-19 15:29:10.281000,419.095125617577,1002
2024-09-19 15:29:10.345000,419.03910723839294,9
2024-09-19 15:29:10.468000,419.1092748339304,104
2024-09-19 15:29:10.477000,419.0595783201964,100
2024-09-19 15:29:10.571000,419.0673538398633,97
2024-09-19 15:29:10.580000,419.0895120312427,6
2024-09-19 15:29:10.581000,419.0833362324967,1004
2024-09-19 15:29:10.646000,419.0418474160213,15
2024-09-19 15:29:10.660000,419.0723686112989,12
2024-09-19 15:29:10.698000,419.0960544682056,995
2024-09-19 15:29:10.785000,419.0911559475323,1002
2024-09-19 15:29:10.902000,419.07476660053874,102
2024-09-19 15:29:10.919000,419.0962658631848,997
2024-09-19 15:29:11.109000,419.10677877151016,998
2024-09-19 15:29:11.994000,419.0992897865067,1001
2024-09-19 15:29:12.013000,419.1429886906818,98
2024-09-19 15:29:12.033000,419.0945891807089,97
2024-09-19 15:29:12.125000,419.1334890501401,104
2024-09-19 15:29:12.188000,419.14031245724624,105
2024-09-19 15:29:12.316000,419.1116891865924,105
2024-09-19 15:29:12.378000,419.1073006812597,100
2024-09-19 15:29:12.414000,419.1324888114299,997
2024-09-19 15:29:12.484000,419.1444507377386,996
2024-09-19 15:29:12.491000,419.1080899123936,996
2024-09-19 15:29:12.508000,419.1216699836698,103
2024-09-19 15:29:12.519000,419.0786705260261,1001
2024-09-19 15:29:12.521000,419.1397631521572,99
2024-09-19 15:29:12.526000,419.14873615467377,1005
2024-09-19 15:29:12.640000,419.1379585168058,1001
2024-09-19 15:29:12.679000,419.11024320661056,997
2024-09-19 15:29:12.705000,419.0832419817253,6
2024-09-19 15:29:12.771000,419.11144448748087,999
2024-09-19 15:29:12.784000,419.1055974101234,10
2024-09-19 15:29:12.814000,419.1046890646281,1000
2024-09-19 15:29:12.852000,419.1132373833901,105
2024-09-19 15:29:12.853000,419.12390236925273,96
2024-09-19 15:29:12.901000,419.1191777023968,105
2024-09-19 15:29:12.918000,419.1433399450488,95
2024-09-19 15:29:12.949000,419.10868522209927,5
2024-09-19 15:29:12.976000,419.1389346227815,1003
2024-09-19 15:29:12.995000,419.1031642113844,996
2024-09-19 15:29:13.371000,419.122967170572,6
2024-09-19 15:29:14.307000,419.12676146469073,1002
2024-09-19 15:29:15.081000,419.2708836891234,11
2024-09-19 15:29:15.089000,419.27388135165455,98
2024-09-19 15:29:15.092000,419.2803408632647,996
2024-09-19 15:29:15.115000,419.3428391140432,13
2024-09-19 15:29:15.168000,419.2015997911894,1002
2024-09-19 15:29:15.281000,419.2773006667131,1005
2024-09-19 15:29:15.329000,419.2080053284302,996
2024-09-19 15:29:15.346000,419.3096732540055,1003
2024-09-19 15:29:15.353000,419.15324963243467,8
2024-09-19 15:29:15.409000,419.2563253977605,5
2024-09-19 15:29:15.432000,419.1532553692346,999
2024-09-19 15:29:15.458000,419.1780086551189,7
2024-09-19 15:29:15.488000,419.2744195221776,103
2024-09-19 15:29:15.501000,419.170223520897,95
2024-09-19 15:29:15.573000,419.2019292233615,99
2024-09-19 15:29:15.585000,419.22565683286433,7
2024-09-19 15:29:15.822000,419.2810719012725,98
2024-09-19 15:29:15.871000,419.1674233569511,996
2024-09-19 15:29:15.907000,419.3215485647063,6
2024-09-19 15:29:15.955000,419.2768035832825,98
2024-09-19 15:29:16.033000,419.3114618094872,15
2024-09-19 15:29:16.078000,419.3735711650645,995
2024-09-19 15:29:16.096000,419.3083223056493,95
2024-09-19 15:29:16.162000,419.3616984388248,1000
2024-09-19 15:29:16.186000,419.383034361572,997
2024-09-19 15:29:16.231000,419.3426516563519,9
2024-09-19 15:29:16.305000,419.34743958022943,96
2024-09-19 15:29:16.342000,419.3743297719761,1001
2024-09-19 15:29:16.383000,419.33381348956215,103
2024-09-19 15:29:16.666000,419.34912871871205,103
2024-09-19 15:29:16.675000,419.2929310440303,97
2024-09-19 15:29:16.792000,419.367254570931,14
2024-09-19 15:29:16.798000,419.3569453194913,8
2024-09-19 15:29:16.825000,419.3767987104012,1005
2024-09-19 15:29:16.933000,419.32750661756376,1004
2024-09-19 15:29:16.950000,419.3320578383208,7
2024-09-19 15:29:16.961000,419.26363608508336,14
2024-09-19 15:29:16.972000,419.32614554012514,7
2024-09-19 15:29:16.974000,419.27443328212223,14
2024-09-19 15:29:16.990000,419.3651834440095,14
2024-09-19 15:29:17.005000,419.2498647891153,1000
2024-09-19 15:29:17.130000,419.27168777146926,99
2024-09-19 15:29:17.195000,419.2589659279192,1000
2024-09-19 15:29:17.204000,419.2408529504358,995
2024-09-19 15:29:17.255000,419.23909714192575,996
2024-09-19 15:29:17.260000,419.246287722665,5
2024-09-19 15:29:17.384000,419.2755283924428,5
2024-09-19 15:29:17.468000,419.2452281068955,1002
2024-09-19 15:29:17.486000,419.2623751169127,15
2024-09-19 15:29:17.594000,419.2297808413428,96
2024-09-19 15:29:17.611000,419.2376054391267,95
2024-09-19 15:29:17.654000,419.2394942911688,10
2024-09-19 15:29:17.677000,419.2561131170127,100
2024-09-19 15:29:17.726000,419.2495568726829,105
2024-09-19 15:29:17.750000,419.262752926987,98
2024-09-19 15:29:17.770000,419.2617012881164,10
2024-09-19 15:29:17.849000,419.2544532091141,11
2024-09-19 15:29:17.918000,419.2628413081645,5
2024-09-19 15:29:17.938000,419.2659557504932,8
2024-09-19 15:29:17.968000,419.26108884922985,6
2024-09-19 15:29:18.003000,419.2347517099354,998
2024-09-19 15:29:18.020000,419.17343827163296,13
2024-09-19 15:29:18.050000,419.1945747993951,8
2024-09-19 15:29:18.085000,419.2246501155221,6
2024-09-19 15:29:18.139000,419.17140376905087,1000
2024-09-19 15:29:18.175000,419.23750273503856,9
2024-09-19 15:29:18.212000,419.2370832732131,15
2024-09-19 15:29:18.212000,419.2354775354015,95
2024-09-19 15:29:18.225000,419.2615969853075,997
2024-09-19 15:29:18.281000,419.2409416660932,1005
2024-09-19 15:29:18.306000,419.2134859353232,11
2024-09-19 15:29:18.391000,419.2036210151781,15
2024-09-19 15:29:18.424000,419.2400704378608,997
2024-09-19 15:29:18.461000,419.19608923515534,15
2024-09-19 15:29:18.509000,419.2526334303689,105
2024-09-19 15:29:18.548000,420.6299730657836,996
2024-09-19 15:29:18.638000,419.20236070641664,5
2024-09-19 15:29:18.670000,419.2336358565453,999
2024-09-19 15:29:18.715000,419.2073451628118,99
2024-09-19 15:29:18.772000,419.2254295008256,1003
2024-09-19 15:29:18.799000,419.2288919665056,6
2024-09-19 15:29:18.820000,419.2443217664445,99
2024-09-19 15:29:18.820000,419.1907585140368,1003
2024-09-19 15:29:18.836000,419.247424165229,95
2024-09-19 15:29:18.866000,419.2281129009064,1001
2024-09-19 15:29:18.880000,419.1780373739153,1001
2024-09-19 15:29:18.893000,419.2134063475493,997
2024-09-19 15:29:18.956000,419.24925732566913,9
2024-09-19 15:29:19.356000,419.24166402478016,999
2024-09-19 15:29:20.058000,419.2178138766224,12
2024-09-19 15:29:20.068000,419.22009425234336,11
2024-09-19 15:29:20.123000,419.2263275042923,14
2024-09-19 15:29:20.439000,419.19919181695616,98
2024-09-19 15:29:20.445000,419.24191570865526,15
2024-09-19 15:29:20.464000,419.22242905441226,5
2024-09-19 15:29:20.477000,419.2150138021883,1004
2024-09-19 15:29:20.519000,419.2248135871861,999
2024-09-19 15:29:20.627000,419.2242687292841,101
2024-09-19 15:29:20.640000,419.226797113254,998
2024-09-19 15:29:20.699000,419.2150750000861,995
2024-09-19 15:29:20.809000,419.2299972402553,13
2024-09-19 15:29:20.928000,419.2127826584594,11
2024-09-19 15:29:20.937000,419.2213159014572,1000
2024-09-19 15:29:20.984000,419.2210329003984,100
2024-09-19 15:29:22,419.2171266680377,95
2024-09-19 15:29:22.013000,419.16440557687264,995
2024-09-19 15:29:22.045000,419.2027541668134,1003
2024-09-19 15:29:22.125000,419.1024577884265,7
2024-09-19 15:29:22.134000,419.1583339813805,103
2024-09-19 15:29:22.182000,419.1762413700337,996
2024-09-19 15:29:22.224000,419.1388713586051,1001
2024-09-19 15:29:22.238000,419.1456629435764,102
2024-09-19 15:29:22.301000,419.0817644206191,11
2024-09-19 15:29:22.354000,419.1288969306504,998
2024-09-19 15:29:22.427000,419.2301958075857,1003
2024-09-19 15:29:22.496000,419.1957372891744,996
2024-09-19 15:29:22.560000,419.074589297144,105
2024-09-19 15:29:22.603000,419.1556188017521,7
2024-09-19 15:29:22.633000,419.20406503988846,1001
2024-09-19 15:29:22.666000,419.1098911914783,999
2024-09-19 15:29:22.697000,419.1139082493111,999
2024-09-19 15:29:22.697000,419.0910135906955,12
2024-09-19 15:29:22.715000,419.1049817009172,98
2024-09-19 15:29:22.716000,419.1592378029028,10
2024-09-19 15:29:22.750000,419.118859539212,998
2024-09-19 15:29:22.763000,419.1121062542005,1001
2024-09-19 15:29:22.800000,419.13110145639735,996
2024-09-19 15:29:22.822000,419.0669083685888,997
2024-09-19 15:29:22.822000,419.16547148807047,15
2024-09-19 15:29:22.834000,419.1355191976856,103
2024-09-19 15:29:22.924000,419.1426692799896,6
2024-09-19 15:29:23.037000,419.1382764006615,12
2024-09-19 15:29:23.037000,419.06049201610864,997
2024-09-19 15:29:23.061000,419.13519248186566,105
2024-09-19 15:29:23.065000,419.07050433244376,97
2024-09-19 15:29:23.098000,419.064164857924,100
2024-09-19 15:29:23.150000,419.1467899554737,997
2024-09-19 15:29:23.245000,419.1297358095795,11
2024-09-19 15:29:23.296000,419.1366686206391,1001
2024-09-19 15:29:23.353000,419.062959610483,9
2024-09-19 15:29:23.426000,419.0681479660912,5
2024-09-19 15:29:23.455000,419.06501298490974,998
2024-09-19 15:29:23.478000,419.0593425492834,997
2024-09-19 15:29:23.486000,419.0428861775831,1005
2024-09-19 15:29:23.502000,419.060893268688,98
2024-09-19 15:29:23.612000,419.1394500465108,11
2024-09-19 15:29:23.713000,419.13581721898896,6
2024-09-19 15:29:23.728000,419.13144196895007,10
2024-09-19 15:29:23.729000,419.1217731138405,1003
2024-09-19 15:29:23.734000,419.1475362731789,1001
2024-09-19 15:29:23.740000,419.1373718214165,1002
2024-09-19 15:29:23.755000,419.1329911084636,998
2024-09-19 15:29:23.793000,419.0491606591552,11
2024-09-19 15:29:23.855000,419.10974650032784,10
2024-09-19 15:29:23.918000,419.0716622744984,5
2024-09-19 15:29:23.925000,419.0506382106138,1004
2024-09-19 15:29:23.938000,419.06733914994703,1001
2024-09-19 15:29:23.979000,419.0565017104748,8
2024-09-19 15:29:23.988000,419.0823524858705,101
2024-09-19 15:29:24.092000,418.99911671105946,1000
2024-09-19 15:29:24.167000,419.00729206146775,9
2024-09-19 15:29:24.299000,419.0199074980126,998
2024-09-19 15:29:24.345000,419.0230879148685,1004
2024-09-19 15:29:24.408000,419.0212452415651,13
2024-09-19 15:29:24.414000,419.04854599396737,104
2024-09-19 15:29:24.474000,418.9940249285663,10
2024-09-19 15:29:24.483000,419.0123578651314,1002
2024-09-19 15:29:24.515000,418.9997084458982,96
2024-09-19 15:29:24.559000,419.0445721769465,999
2024-09-19 15:29:24.568000,419.0368040525699,999
2024-09-19 15:29:24.702000,419.0264614768959,95
2024-09-19 15:29:24.718000,419.0272756642495,1002
2024-09-19 15:29:24.826000,418.9995507297144,14
2024-09-19 15:29:24.864000,418.9971627568919,102
2024-09-19 15:29:24.885000,419.0178394984857,1003
2024-09-19 15:29:24.893000,419.0319198627243,15
2024-09-19 15:29:24.994000,419.0084179018119,1004
2024-09-19 15:29:25.047000,419.0305683165204,11
2024-09-19 15:29:25.056000,419.0069065026483,998
2024-09-19 15:29:25.056000,419.0188502165029,11
2024-09-19 15:29:25.135000,419.0301584257121,1000
2024-09-19 15:29:25.151000,419.0263376902125,7
2024-09-19 15:29:25.200000,419.0166589540357,103
2024-09-19 15:29:25.332000,419.0282539598828,102
2024-09-19 15:29:25.362000,419.03737717766336,1003
2024-09-19 15:29:25.470000,419.0266850734616,996
2024-09-19 15:29:25.488000,419.04611199587725,104
2024-09-19 15:29:25.494000,419.03615812175815,99
2024-09-19 15:29:25.610000,419.00819538032766,97
2024-09-19 15:29:25.626000,419.0471028412075,1004
2024-09-19 15:29:25.637000,419.0122356009494,15
2024-09-19 15:29:25.717000,419.0514444674393,5
2024-09-19 15:29:25.843000,419.0379419927871,12
2024-09-19 15:29:25.852000,419.0108449918184,11
2024-09-19 15:29:26.008000,419.0564504835563,14
2024-09-19 15:29:26.149000,419.0737545860264,14
2024-09-19 15:29:26.232000,419.06889991591794,5
2024-09-19 15:29:26.246000,419.0590894757214,996
2024-09-19 15:29:26.453000,419.0609013072143,1003
2024-09-19 15:29:26.456000,419.0467380041203,5
2024-09-19 15:29:26.572000,419.0441647360535,99
2024-09-19 15:29:26.633000,419.0653675982701,1000
2024-09-19 15:29:27.060000,419.14449661746016,13
2024-09-19 15:29:27.061000,419.0976768321101,997
2024-09-19 15:29:27.147000,419.1100841863842,12
2024-09-19 15:29:27.171000,419.0891544782491,995
2024-09-19 15:29:27.177000,419.08053507113095,15
2024-09-19 15:29:27.276000,419.1007014394019,13
2024-09-19 15:29:27.306000,419.0983284274277,1004
2024-09-19 15:29:27.356000,419.1094469159942,98
2024-09-19 15:29:27.392000,419.08430183145794,998
2024-09-19 15:29:27.404000,419.0962648928144,6
2024-09-19 15:29:27.640000,419.094983316652,9
2024-09-19 15:29:27.643000,419.09822555697787,1003
2024-09-19 15:29:27.730000,419.0923684406727,5
2024-09-19 15:29:27.873000,419.0547496492349,14
2024-09-19 15:29:27.901000,419.1371052793419,995
2024-09-19 15:29:27.902000,419.0961989027039,96
2024-09-19 15:29:27.906000,419.0952043429847,100
2024-09-19 15:29:27.920000,419.11026944790274,14
2024-09-19 15:29:27.970000,419.1190311996187,12
2024-09-19 15:29:28.048000,419.0216672029822,1004
2024-09-19 15:29:28.178000,419.04844888748977,1000
2024-09-19 15:29:28.195000,419.0562348403648,995
2024-09-19 15:29:28.206000,419.06515502028674,995
2024-09-19 15:29:28.267000,419.04102776674046,12
2024-09-19 15:29:28.274000,419.12008999685247,1000
2024-09-19 15:29:28.366000,419.12469651744254,12
2024-09-19 15:29:28.369000,419.063198500959,15
2024-09-19 15:29:28.385000,419.0447309105187,997
2024-09-19 15:29:28.400000,419.11406593807607,102
2024-09-19 15:29:28.404000,419.08058349458304,1002
2024-09-19 15:29:28.455000,419.08740017110273,998
2024-09-19 15:29:28.465000,419.09978625783583,1002
2024-09-19 15:29:28.491000,419.0389784675312,15
2024-09-19 15:29:28.521000,419.0151258875771,95
2024-09-19 15:29:28.542000,419.0228859824304,8
2024-09-19 15:29:28.618000,419.0046183181264,15
2024-09-19 15:29:28.664000,419.126223114206,104
2024-09-19 15:29:28.720000,419.0614447751421,104
2024-09-19 15:29:28.759000,419.1311530047514,98
2024-09-19 15:29:28.776000,419.0465535038531,1001
2024-09-19 15:29:28.781000,419.0297968097893,9
2024-09-19 15:29:28.784000,419.0310910180181,10
2024-09-19 15:29:28.808000,419.0612721098025,97
2024-09-19 15:29:28.847000,419.0657202750042,95
2024-09-19 15:29:28.891000,419.0660619610468,1004
2024-09-19 15:29:28.936000,419.0518755042218,1004
2024-09-19 15:29:28.943000,419.06709889283,95
2024-09-19 15:29:28.993000,419.08748652709215,996
2024-09-19 15:29:29.008000,419.0157724382384,995
2024-09-19 15:29:29.016000,419.0134310272108,1000
2024-09-19 15:29:29.021000,419.0239773939793,5
2024-09-19 15:29:29.023000,419.04195685495154,999
2024-09-19 15:29:29.074000,419.0328376456741,13
2024-09-19 15:29:29.091000,419.0211234650941,1001
2024-09-19 15:29:29.109000,419.01276904375385,1002
2024-09-19 15:29:29.163000,419.0282428220059,103
2024-09-19 15:29:29.170000,419.00709573130905,1000
2024-09-19 15:29:29.178000,418.9829666537903,103
2024-09-19 15:29:29.202000,418.98781226273456,15
2024-09-19 15:29:29.255000,419.0315535249135,995
2024-09-19 15:29:29.312000,418.9885789813916,6
2024-09-19 15:29:29.329000,418.9890562555041,9
2024-09-19 15:29:29.349000,419.0281563511731,6
2024-09-19 15:29:29.434000,418.9930782731109,96
2024-09-19 15:29:29.524000,418.9994473534172,996
2024-09-19 15:29:29.529000,419.01055842803663,996
2024-09-19 15:29:29.578000,418.9982163634351,995
2024-09-19 15:29:29.594000,418.9701473270756,11
2024-09-19 15:29:29.609000,419.002421135922,98
2024-09-19 15:29:29.662000,419.035041306685,7
2024-09-19 15:29:29.696000,419.0105260700672,101
2024-09-19 15:29:29.757000,419.0163728024916,102
2024-09-19 15:29:29.775000,419.02187656808,97
2024-09-19 15:29:29.799000,419.01057910373896,97
2024-09-19 15:29:29.920000,419.00319153781305,9
2024-09-19 15:29:29.926000,419.0090889143175,996
2024-09-19 15:29:30.153000,419.0258649999784,15
2024-09-19 15:29:30.325000,419.0313596943444,1005
2024-09-19 15:29:30.331000,419.0156887372208,14
2024-09-19 15:29:30.620000,419.0140618452757,102
2024-09-19 15:29:30.707000,419.0238310865783,14
2024-09-19 15:29:30.713000,419.01910892977344,101
2024-09-19 15:29:30.779000,418.99771540231694,6
2024-09-19 15:29:30.892000,419.015313613409,14
2024-09-19 15:29:31.009000,419.0184855948894,12
2024-09-19 15:29:31.039000,419.0309892404825,5
2024-09-19 15:29:31.068000,419.0228481566952,103
2024-09-19 15:29:31.117000,419.0216458893036,101
2024-09-19 15:29:31.133000,419.01194079218857,1004
2024-09-19 15:29:31.184000,419.0275773706965,14
2024-09-19 15:29:31.220000,419.0190947326407,102
2024-09-19 15:29:31.325000,419.02974030320433,97
2024-09-19 15:29:31.334000,418.9968871896752,995
2024-09-19 15:29:31.370000,419.0245230266407,104
2024-09-19 15:29:31.461000,419.0309026866486,7
2024-09-19 15:29:31.473000,419.0474237040797,14
2024-09-19 15:29:31.516000,419.0128917841496,11
2024-09-19 15:29:31.544000,419.01464786729264,14
2024-09-19 15:29:31.591000,419.0378089800093,1003
2024-09-19 15:29:31.596000,419.0474051615006,998
2024-09-19 15:29:31.610000,419.03037793079005,998
2024-09-19 15:29:31.648000,419.0062006912249,14
2024-09-19 15:29:31.661000,418.9916707727474,13
2024-09-19 15:29:31.691000,419.0237419545481,96
2024-09-19 15:29:31.707000,419.0193287735215,105
2024-09-19 15:29:31.732000,419.0250203492719,99
2024-09-19 15:29:31.795000,419.00044558050297,996
2024-09-19 15:29:31.836000,419.0023637209418,96
2024-09-19 15:29:31.854000,419.0328243800871,11
2024-09-19 15:29:31.918000,419.0318436931453,998
2024-09-19 15:29:31.923000,419.0162834418103,101
2024-09-19 15:29:31.960000,419.0048448946986,11
2024-09-19 15:29:32.117000,419.0531071894087,998
2024-09-19 15:29:32.203000,419.0781187137206,998
2024-09-19 15:29:32.445000,419.09881214547374,7
2024-09-19 15:29:32.462000,419.0495129677675,11
2024-09-19 15:29:32.515000,419.0475416996192,1004
2024-09-19 15:29:32.563000,419.0356447692612,9
2024-09-19 15:29:32.742000,419.0654244570905,1001
2024-09-19 15:29:32.948000,419.0640553572024,997
2024-09-19 15:29:32.957000,419.0476829650052,101
2024-09-19 15:29:32.980000,419.0504255545232,1002
2024-09-19 15:29:34.026000,419.0844293380375,103
2024-09-19 15:29:34.072000,419.0881074415335,11
2024-09-19 15:29:34.132000,419.0978872637073,1001
2024-09-19 15:29:34.251000,419.0441282334942,10
2024-09-19 15:29:34.268000,419.0880883357572,1003
2024-09-19 15:29:34.296000,419.0764692766975,97
2024-09-19 15:29:34.344000,419.1000231385779,1004
2024-09-19 15:29:34.417000,419.0692931888701,10
2024-09-19 15:29:34.450000,419.08702994542506,995
2024-09-19 15:29:34.495000,419.1135294338205,96
2024-09-19 15:29:34.513000,419.0499434093885,102
2024-09-19 15:29:34.573000,419.0865481039047,996
2024-09-19 15:29:34.577000,419.0833694353526,99
2024-09-19 15:29:34.598000,419.07858539676135,96
2024-09-19 15:29:34.677000,419.0688578255762,13
2024-09-19 15:29:34.810000,419.0878122937432,6
2024-09-19 15:29:34.913000,419.0874033046436,11
2024-09-19 15:29:34.939000,419.0705971964653,11
2024-09-19 15:29:35.066000,419.0490961345668,100
2024-09-19 15:29:35.095000,419.05702187152696,10
2024-09-19 15:29:35.100000,419.0744418783828,95
2024-09-19 15:29:35.144000,419.06787514756405,1000
2024-09-19 15:29:35.177000,419.0637665040161,7
2024-09-19 15:29:35.270000,419.0550221475848,99
2024-09-19 15:29:35.279000,419.069077779182,102
2024-09-19 15:29:35.501000,419.0663791132491,101
2024-09-19 15:29:35.569000,419.0470766105774,8
2024-09-19 15:29:35.649000,419.0732447647945,1002
2024-09-19 15:29:35.653000,419.0627966733258,7
2024-09-19 15:29:35.690000,419.0782841616123,10
2024-09-19 15:29:35.732000,419.0897252612481,98
2024-09-19 15:29:35.798000,419.0509644239436,998
2024-09-19 15:29:35.862000,419.07006670888615,1004
2024-09-19 15:29:35.955000,419.0737605508318,1005
2024-09-19 15:29:36.071000,419.0457795428978,5
2024-09-19 15:29:36.263000,419.05823071096,96
2024-09-19 15:29:36.627000,419.0563015819855,12
2024-09-19 15:29:36.822000,419.05920659677776,11
2024-09-19 15:29:36.909000,419.05148487679065,97
2024-09-19 15:29:38.106000,419.0964721919401,998
2024-09-19 15:29:38.115000,419.0542461340525,14
2024-09-19 15:29:38.317000,419.0447162846037,1000
2024-09-19 15:29:38.375000,419.0922148563961,100
2024-09-19 15:29:38.386000,419.06836133592566,1000
2024-09-19 15:29:38.586000,419.10613796083913,103
2024-09-19 15:29:38.602000,419.062987604388,8
2024-09-19 15:29:38.610000,419.0575208607304,95
2024-09-19 15:29:38.738000,419.0927928034481,13
2024-09-19 15:29:38.739000,419.0453890836926,995
2024-09-19 15:29:38.797000,419.10677073069576,97
2024-09-19 15:29:38.801000,419.0710578995236,1002
2024-09-19 15:29:38.821000,419.10347327243466,99
2024-09-19 15:29:38.851000,419.0894706750417,11
2024-09-19 15:29:38.900000,419.0780050617592,8
2024-09-19 15:29:38.984000,419.1008613400317,13
2024-09-19 15:29:39.080000,419.0855607310321,5
2024-09-19 15:29:39.099000,419.0710946896708,996
2024-09-19 15:29:39.332000,419.08199289302513,998
2024-09-19 15:29:39.370000,419.1040510630916,101
2024-09-19 15:29:39.646000,419.0985632403136,11
2024-09-19 15:29:39.753000,419.08448378321606,105
2024-09-19 15:29:39.770000,419.1109824495716,95
2024-09-19 15:29:39.786000,419.1057614075125,10
2024-09-19 15:29:40.025000,419.1779744623654,102
2024-09-19 15:29:40.025000,419.13634615318426,1005
2024-09-19 15:29:40.087000,419.17728109094,11
2024-09-19 15:29:40.111000,419.18216987205255,1002
2024-09-19 15:29:40.111000,419.1723250385,8
2024-09-19 15:29:40.148000,419.1523206268652,995
2024-09-19 15:29:40.180000,419.1815743798706,98
2024-09-19 15:29:40.213000,419.15339286775264,13
2024-09-19 15:29:40.213000,419.11380161711605,105
2024-09-19 15:29:40.235000,419.1842028270472,12
2024-09-19 15:29:40.239000,419.1819293326415,1005
2024-09-19 15:29:40.245000,419.2018462637241,95
2024-09-19 15:29:40.303000,419.1548643434141,96
2024-09-19 15:29:40.351000,419.1225835584359,1000
2024-09-19 15:29:40.391000,419.1767603651243,100
2024-09-19 15:29:40.428000,419.16141126283,10
2024-09-19 15:29:40.598000,419.1781992441225,105
2024-09-19 15:29:40.605000,419.2038243088992,5
2024-09-19 15:29:40.684000,419.17893113296446,1001
2024-09-19 15:29:40.705000,419.1652591579533,101
2024-09-19 15:29:40.731000,419.2091537797644,104
2024-09-19 15:29:40.864000,419.1567388091225,1000
2024-09-19 15:29:40.904000,419.1345725601864,15
2024-09-19 15:29:40.932000,419.1221703219842,100
2024-09-19 15:29:40.947000,419.1203541895269,104
2024-09-19 15:29:41.778000,420.4145689296614,100
2024-09-19 15:29:42.083000,419.18034743032496,996
2024-09-19 15:29:42.344000,419.1573288141393,1002
2024-09-19 15:29:42.617000,420.4144916671504,96
2024-09-19 15:29:42.775000,419.1581148768454,10
2024-09-19 15:29:43.048000,419.103898001208,5
2024-09-19 15:29:43.071000,419.1403121526132,1005
2024-09-19 15:29:43.098000,419.1229820353355,96
2024-09-19 15:29:43.107000,419.1007158950451,103
2024-09-19 15:29:43.162000,419.1028913601726,96
2024-09-19 15:29:43.231000,419.1051445756568,96
2024-09-19 15:29:43.248000,419.1089202905867,98
2024-09-19 15:29:43.494000,419.11789220520177,998
2024-09-19 15:29:43.597000,419.1195019849049,5
2024-09-19 15:29:43.731000,419.11353101674285,7
2024-09-19 15:29:43.764000,419.18801143012087,14
2024-09-19 15:29:43.898000,419.1389188822776,99
2024-09-19 15:29:43.920000,419.1375393752828,1002
2024-09-19 15:29:43.926000,419.1272213165069,14
2024-09-19 15:29:43.942000,419.1643846405263,97
2024-09-19 15:29:43.966000,419.1282629020513,8
2024-09-19 15:29:43.969000,419.1214147842086,1001
2024-09-19 15:29:43.981000,419.15574137600726,12
2024-09-19 15:29:43.983000,419.18480370938136,99
2024-09-19 15:29:44.018000,419.1617231495981,9
2024-09-19 15:29:44.119000,419.15240029085055,14
2024-09-19 15:29:44.129000,419.1459915943616,96
2024-09-19 15:29:44.138000,419.1709535339991,999
2024-09-19 15:29:44.148000,419.14372989889847,99
2024-09-19 15:29:44.192000,419.1312019824566,99
2024-09-19 15:29:44.263000,419.1552665171921,1004
2024-09-19 15:29:44.443000,419.148053998017,11
2024-09-19 15:29:44.494000,419.1694539899924,8
2024-09-19 15:29:44.532000,419.1673028891644,5
2024-09-19 15:29:44.543000,419.1459063619855,98
2024-09-19 15:29:44.546000,419.1520355529652,9
2024-09-19 15:29:44.615000,419.1785781572214,100
2024-09-19 15:29:44.667000,419.1832980224818,6
2024-09-19 15:29:44.717000,419.1707515980423,97
2024-09-19 15:29:44.735000,419.1677245497093,105
2024-09-19 15:29:44.754000,419.16615806591375,997
2024-09-19 15:29:44.781000,419.1773447736595,5
2024-09-19 15:29:44.783000,419.1369502744458,14
2024-09-19 15:29:44.785000,419.1716580750813,9
2024-09-19 15:29:44.810000,419.2013475073338,103
2024-09-19 15:29:44.811000,419.13409707887706,99
2024-09-19 15:29:44.812000,419.16777731650734,997
2024-09-19 15:29:44.833000,419.16948832481,1005
2024-09-19 15:29:44.854000,419.1510264561752,996
2024-09-19 15:29:44.866000,419.13052076912913,1005
2024-09-19 15:29:44.877000,419.1432293529333,13
2024-09-19 15:29:44.962000,419.13375212015046,998
2024-09-19 15:29:44.967000,419.13507869433977,101
2024-09-19 15:29:45.061000,419.09057203293264,96
2024-09-19 15:29:45.145000,419.10102621922766,7
2024-09-19 15:29:45.275000,419.1523986125158,998
2024-09-19 15:29:45.337000,419.0866307536128,1003
2024-09-19 15:29:45.386000,419.064519200825,14
2024-09-19 15:29:45.398000,419.133311925409,11
2024-09-19 15:29:45.432000,419.076085056305,9
2024-09-19 15:29:45.452000,419.0483291468561,99
2024-09-19 15:29:45.532000,419.1416861221093,11
2024-09-19 15:29:45.550000,419.1264014081935,12
2024-09-19 15:29:45.593000,419.142913417831,1005
2024-09-19 15:29:45.696000,419.149557398718,10
2024-09-19 15:29:45.865000,419.15661145414094,96
2024-09-19 15:29:45.903000,419.1394268132598,998
2024-09-19 15:29:45.905000,419.1533143921543,12
2024-09-19 15:29:45.944000,419.1478658064911,999
2024-09-19 15:29:45.993000,419.0853328732674,7
2024-09-19 15:29:46.015000,419.03299481369896,100
2024-09-19 15:29:46.128000,418.9802302965713,6
2024-09-19 15:29:46.165000,419.0144183645747,997
2024-09-19 15:29:46.212000,418.9954446431217,13
2024-09-19 15:29:46.287000,418.9956829055845,10
2024-09-19 15:29:46.332000,419.0383750521622,95
2024-09-19 15:29:46.455000,419.0419821221104,6
2024-09-19 15:29:46.588000,419.0354937630503,97
2024-09-19 15:29:46.619000,418.9769425697333,15
2024-09-19 15:29:46.683000,419.0344547195849,995
2024-09-19 15:29:46.686000,418.99524439703765,96
2024-09-19 15:29:46.696000,418.9989223731306,998
2024-09-19 15:29:46.712000,418.988446065615,102
2024-09-19 15:29:46.720000,418.9816671630589,5
2024-09-19 15:29:46.855000,419.01045183388095,1004
2024-09-19 15:29:46.985000,419.02792273365793,1002
2024-09-19 15:29:47.163000,418.9862728221277,99
2024-09-19 15:29:47.168000,418.91236852092266,95
2024-09-19 15:29:47.211000,418.9124825732805,14
2024-09-19 15:29:47.231000,418.94464539203113,1002
2024-09-19 15:29:47.253000,418.9226188622401,999
2024-09-19 15:29:47.321000,418.9206361073052,101
2024-09-19 15:29:47.324000,418.91163914883936,11
2024-09-19 15:29:47.385000,418.9449526162418,102
2024-09-19 15:29:47.411000,418.94740039581166,13
2024-09-19 15:29:47.419000,418.9380087508757,1004
2024-09-19 15:29:47.420000,418.9117019028079,12
2024-09-19 15:29:47.432000,418.913378378292,995
2024-09-19 15:29:47.437000,418.9189138222745,102
2024-09-19 15:29:47.441000,418.9327177252507,100
2024-09-19 15:29:47.553000,418.9410847341857,15
2024-09-19 15:29:47.606000,418.9396449162549,14
2024-09-19 15:29:47.730000,418.9730423675181,12
2024-09-19 15:29:47.882000,418.9362296913991,10
2024-09-19 15:29:48.047000,418.89074107559367,105
2024-09-19 15:29:48.090000,418.92619157731065,13
2024-09-19 15:29:48.139000,418.94646766203766,97
2024-09-19 15:29:48.380000,418.9373372805677,14
2024-09-19 15:29:48.421000,418.9035110324238,1002
2024-09-19 15:29:48.424000,418.882420042788,102
2024-09-19 15:29:48.529000,418.9244743657246,15
2024-09-19 15:29:48.555000,418.9200880158101,995
2024-09-19 15:29:48.587000,418.9386538458691,1001
2024-09-19 15:29:48.628000,418.9114096910767,1002
2024-09-19 15:29:48.638000,418.9316210459185,102
2024-09-19 15:29:48.697000,418.9469180070132,6
2024-09-19 15:29:48.701000,418.8784961853566,15
2024-09-19 15:29:48.738000,418.9420484625185,99
2024-09-19 15:29:48.747000,418.9538513464712,96
2024-09-19 15:29:48.882000,418.9541156070983,1001
2024-09-19 15:29:48.895000,418.9265970940946,5
2024-09-19 15:29:48.998000,418.93087722986326,1002
2024-09-19 15:29:49.060000,418.9138074765217,995
2024-09-19 15:29:49.079000,418.94072599099474,998
2024-09-19 15:29:49.085000,418.9359004245964,102
2024-09-19 15:29:49.127000,418.94933389327736,1003
2024-09-19 15:29:49.131000,418.9443138381063,1003
2024-09-19 15:29:49.211000,418.8901298065597,99
2024-09-19 15:29:49.235000,418.8854311261258,12
2024-09-19 15:29:49.264000,418.9303853552784,102
2024-09-19 15:29:49.334000,418.8762008502202,101
2024-09-19 15:29:49.336000,418.877703059087,99
2024-09-19 15:29:49.422000,418.9062450883577,1000
2024-09-19 15:29:49.579000,418.9494759016972,1000
2024-09-19 15:29:49.654000,418.8929366276093,998
2024-09-19 15:29:49.664000,418.93285763303146,12
2024-09-19 15:29:49.703000,418.9259616059954,10
2024-09-19 15:29:49.720000,418.94088281023227,1000
2024-09-19 15:29:49.754000,418.8986437739811,105
2024-09-19 15:29:49.801000,418.88526464657855,95
2024-09-19 15:29:49.812000,418.936724710401,95
2024-09-19 15:29:49.833000,418.8891734952268,98
2024-09-19 15:29:49.868000,418.9431725903312,999
2024-09-19 15:29:49.910000,418.9267690379748,1005
2024-09-19 15:29:50.111000,418.9561629038413,1001
2024-09-19 15:29:50.121000,418.9756198133767,102
2024-09-19 15:29:50.150000,418.9397635620462,10
2024-09-19 15:29:50.158000,418.9430583434837,100
2024-09-19 15:29:50.202000,419.0074411273669,13
2024-09-19 15:29:50.213000,418.9733524241046,997
2024-09-19 15:29:50.219000,419.00885912717234,8
2024-09-19 15:29:50.295000,418.92058090368187,9
2024-09-19 15:29:50.331000,419.0105355322811,12
2024-09-19 15:29:50.425000,418.9800820469516,7
2024-09-19 15:29:50.452000,419.00922528535546,103
2024-09-19 15:29:50.507000,419.0129580722673,11
2024-09-19 15:29:50.529000,418.9889151419554,999
2024-09-19 15:29:50.566000,419.0023819578959,12
2024-09-19 15:29:50.624000,418.9977941352588,105
2024-09-19 15:29:50.691000,419.0099139406025,8
2024-09-19 15:29:50.764000,418.9973296301081,13
2024-09-19 15:29:50.780000,418.94471802221966,7
2024-09-19 15:29:50.793000,420.4822938001721,7
2024-09-19 15:29:50.918000,419.0220201722575,995
2024-09-19 15:29:50.997000,418.9856285978039,101
2024-09-19 15:29:51.004000,419.041887408644,998
2024-09-19 15:29:51.026000,419.0321133871743,12
2024-09-19 15:29:51.048000,419.0592937860608,9
2024-09-19 15:29:51.049000,419.0526245235375,998
2024-09-19 15:29:51.124000,419.0200740884004,997
2024-09-19 15:29:51.153000,419.04151586816135,6
2024-09-19 15:29:51.158000,419.0252499366608,103
2024-09-19 15:29:51.296000,419.0448946642663,996
2024-09-19 15:29:51.321000,419.0452904013699,6
2024-09-19 15:29:51.335000,419.0518921806519,105
2024-09-19 15:29:51.341000,419.0484760585328,10
2024-09-19 15:29:51.346000,419.0342596966637,995
2024-09-19 15:29:51.372000,419.0527021948528,101
2024-09-19 15:29:51.442000,419.02428864335707,6
2024-09-19 15:29:51.447000,419.05746428890575,998
2024-09-19 15:29:51.546000,419.04415170434913,1005
2024-09-19 15:29:51.652000,419.01421917690703,6
2024-09-19 15:29:51.667000,419.0187913733494,1005
2024-09-19 15:29:51.774000,419.0312341929704,1001
2024-09-19 15:29:51.797000,419.0628419973816,999
2024-09-19 15:29:51.805000,419.0473048581948,1003
2024-09-19 15:29:51.805000,419.0584473651431,97
2024-09-19 15:29:51.805000,419.0580032443649,98
2024-09-19 15:29:51.868000,419.02687005874265,99
2024-09-19 15:29:51.891000,419.0307668917988,104
2024-09-19 15:29:51.941000,419.050674137806,99
2024-09-19 15:29:52.053000,418.9872085946128,6
2024-09-19 15:29:52.223000,418.9999037559203,95
2024-09-19 15:29:52.269000,418.9915347231092,1005
2024-09-19 15:29:52.340000,418.9870982009918,12
2024-09-19 15:29:52.353000,419.0036231677957,97
2024-09-19 15:29:52.454000,419.0303886377794,99
2024-09-19 15:29:52.565000,419.00385508944703,1005
2024-09-19 15:29:52.583000,419.0234133430876,1005
2024-09-19 15:29:52.615000,419.01014761443713,98
2024-09-19 15:29:52.625000,418.9765217893632,104
2024-09-19 15:29:52.681000,418.9939463162097,1001
2024-09-19 15:29:52.784000,419.0131797098591,1003
2024-09-19 15:29:52.889000,419.0132037960148,15
2024-09-19 15:29:53.027000,418.94788713076105,101
2024-09-19 15:29:53.070000,418.9110916419512,99
2024-09-19 15:29:53.135000,419.00420367283687,1000
2024-09-19 15:29:53.196000,418.9818487211802,5
2024-09-19 15:29:53.204000,419.007710021392,103
2024-09-19 15:29:53.253000,418.9558928899826,15
2024-09-19 15:29:53.278000,420.5210502127149,12
2024-09-19 15:29:53.319000,418.93324831605054,102
2024-09-19 15:29:53.326000,418.97902006683177,10
2024-09-19 15:29:53.356000,418.9865256597007,97
2024-09-19 15:29:53.453000,418.9563943055719,98
2024-09-19 15:29:53.500000,419.0112208738845,9
2024-09-19 15:29:53.560000,418.9679067571985,12
2024-09-19 15:29:53.605000,418.9683606038318,100
2024-09-19 15:29:53.611000,418.9722330142958,1002
2024-09-19 15:29:53.729000,418.9877334237326,996
2024-09-19 15:29:53.738000,418.958988205996,14
2024-09-19 15:29:53.759000,418.9513764643156,5
2024-09-19 15:29:53.778000,418.96735852601824,996
2024-09-19 15:29:53.833000,418.9935506619692,1001
2024-09-19 15:29:53.863000,418.9926236932503,10
2024-09-19 15:29:53.938000,418.9821276489482,14
2024-09-19 15:29:53.949000,418.9235455945045,9
2024-09-19 15:29:53.977000,418.94665840774144,12
2024-09-19 15:29:54.033000,419.0220832309224,11
2024-09-19 15:29:54.035000,419.12659752923736,103
2024-09-19 15:29:54.041000,419.1221894831576,102
2024-09-19 15:29:54.177000,419.026939570013,1003
2024-09-19 15:29:54.211000,419.01910191090576,5
2024-09-19 15:29:54.239000,419.0710297612257,14
2024-09-19 15:29:54.329000,419.1089663243415,105
2024-09-19 15:29:54.365000,419.1278252566357,6
2024-09-19 15:29:54.459000,419.0712557187363,995
2024-09-19 15:29:54.471000,419.06882312721257,103
2024-09-19 15:29:54.484000,419.0196950995975,95
2024-09-19 15:29:54.503000,419.0444930739074,105
2024-09-19 15:29:54.531000,419.0120557473865,100
2024-09-19 15:29:54.531000,419.0220064980389,96
2024-09-19 15:29:54.560000,419.0439601199325,97
2024-09-19 15:29:54.577000,419.1185050119971,8
2024-09-19 15:29:54.649000,419.01377977002505,96
2024-09-19 15:29:54.671000,419.1092906275828,1000
2024-09-19 15:29:54.728000,419.0995397363619,99
2024-09-19 15:29:54.766000,419.0145141593397,100
2024-09-19 15:29:54.771000,419.0788232819348,99
2024-09-19 15:29:54.789000,419.0263729848946,8
2024-09-19 15:29:54.868000,419.1205206831913,104
2024-09-19 15:29:54.876000,419.10205134452633,1001
2024-09-19 15:29:54.939000,419.0273854183855,14
2024-09-19 15:29:55.037000,419.1040676539038,99
2024-09-19 15:29:55.510000,419.12181391142207,8
2024-09-19 15:29:55.724000,419.1099225652538,95
2024-09-19 15:29:55.826000,419.1220260647023,1000
2024-09-19 15:29:55.882000,419.0928205257232,1003
2024-09-19 15:29:55.892000,420.55720146838354,14
2024-09-19 15:29:55.991000,419.11096410775326,1003
2024-09-19 15:29:56.065000,419.0872555000962,995
2024-09-19 15:29:56.145000,419.1149495910885,98
2024-09-19 15:29:56.200000,419.1221809748884,999
2024-09-19 15:29:56.298000,419.1137599077745,7
2024-09-19 15:29:56.337000,419.1074841980936,8
2024-09-19 15:29:56.475000,419.131724536717,14
2024-09-19 15:29:56.614000,419.11668212529145,105
2024-09-19 15:29:57,419.1610256372187,1002
2024-09-19 15:29:57.010000,419.1077773510276,105
2024-09-19 15:29:57.012000,419.0937607848608,13
2024-09-19 15:29:57.054000,419.1787289347516,12
2024-09-19 15:29:57.083000,419.073918523819,105
2024-09-19 15:29:57.187000,419.1651772418298,100
2024-09-19 15:29:57.189000,419.1374248210667,97
2024-09-19 15:29:57.200000,419.09378650078094,98
2024-09-19 15:29:57.270000,419.1845432459253,99
2024-09-19 15:29:57.372000,419.0766639414353,10
2024-09-19 15:29:57.386000,419.15915157657855,97
2024-09-19 15:29:57.414000,419.0837356309161,15
2024-09-19 15:29:57.463000,419.11524019835815,997
2024-09-19 15:29:57.468000,419.080187249121,995
2024-09-19 15:29:57.636000,419.06022389027794,104
2024-09-19 15:29:57.666000,419.13440631411447,14
2024-09-19 15:29:57.712000,419.1374823217215,998
2024-09-19 15:29:57.736000,419.15642011063545,96
2024-09-19 15:29:57.758000,419.1227866041257,104
2024-09-19 15:29:57.818000,419.1729870810769,13
2024-09-19 15:29:57.856000,419.1126137958513,1001
2024-09-19 15:29:57.937000,419.0732479002085,11
2024-09-19 15:29:57.965000,419.1392108030863,1002
2024-09-19 15:29:58.020000,419.176370189785,101
2024-09-19 15:29:58.024000,419.1828789029405,102
2024-09-19 15:29:58.078000,419.1396174004217,103
2024-09-19 15:29:58.121000,419.1767841228031,1000
2024-09-19 15:29:58.133000,419.1798863965233,1002
2024-09-19 15:29:58.178000,419.1462133095552,5
2024-09-19 15:29:58.263000,419.1544628991222,105
2024-09-19 15:29:58.271000,419.1782122796176,1005
2024-09-19 15:29:58.427000,419.1778845891312,10
2024-09-19 15:29:58.430000,419.1659771655798,8
2024-09-19 15:29:58.690000,419.180831314766,11
2024-09-19 15:29:58.753000,419.1793362561187,98
2024-09-19 15:29:58.759000,419.1443554654926,998
2024-09-19 15:29:58.772000,419.1795564011026,11
2024-09-19 15:29:58.778000,419.1608569479813,8
2024-09-19 15:29:58.781000,419.1808670424292,101
2024-09-19 15:29:58.851000,419.1431155431752,8
2024-09-19 15:29:58.906000,419.1589153684496,1003
2024-09-19 15:29:58.919000,419.1607765882048,14
2024-09-19 15:29:59.171000,419.1857633211135,8
2024-09-19 15:29:59.316000,419.2054447822607,6
2024-09-19 15:29:59.453000,419.207366645462,15
2024-09-19 15:29:59.512000,419.18915836936833,1005
2024-09-19 15:29:59.649000,419.1965137855334,8
2024-09-19 15:29:59.872000,419.20149982340297,1002
2024-09-19 15:29:59.904000,419.1868182835096,1001
2024-09-19 15:29:59.999000,419.1891804730088,1000
