Timestamp,Price,Size
2024-09-18 09:39:00.016000,407.2020727882893,100
2024-09-18 09:39:00.139000,407.1800697922037,9
2024-09-18 09:39:00.176000,407.1415302137176,97
2024-09-18 09:39:00.242000,407.17168677492987,997
2024-09-18 09:39:00.245000,407.180378410122,105
2024-09-18 09:39:00.291000,407.2081841161482,101
2024-09-18 09:39:00.291000,407.1557172395281,97
2024-09-18 09:39:00.344000,407.11909820446994,12
2024-09-18 09:39:00.482000,407.1721412398184,12
2024-09-18 09:39:00.527000,407.2345676561938,7
2024-09-18 09:39:00.627000,407.1094124425864,101
2024-09-18 09:39:00.633000,407.234430250386,1001
2024-09-18 09:39:00.661000,407.2000927569642,9
2024-09-18 09:39:00.711000,407.1845360456746,1004
2024-09-18 09:39:00.755000,407.2284208921103,96
2024-09-18 09:39:00.775000,407.1964526673796,11
2024-09-18 09:39:00.788000,407.1335729331645,104
2024-09-18 09:39:00.858000,407.2102703756565,10
2024-09-18 09:39:00.878000,407.1656729471846,11
2024-09-18 09:39:00.903000,407.10504476193256,95
2024-09-18 09:39:00.951000,407.24009813321896,1003
2024-09-18 09:39:00.989000,407.1852392013444,102
2024-09-18 09:39:01.124000,407.15697721182295,1000
2024-09-18 09:39:01.132000,407.1525022342432,7
2024-09-18 09:39:01.141000,407.131039770426,997
2024-09-18 09:39:01.194000,407.15832366316494,997
2024-09-18 09:39:01.234000,407.1496101770918,5
2024-09-18 09:39:01.404000,407.1607022405892,6
2024-09-18 09:39:01.494000,407.1542977495687,102
2024-09-18 09:39:01.531000,407.1432322597856,97
2024-09-18 09:39:01.652000,407.1477669837463,10
2024-09-18 09:39:01.761000,407.1600824198864,104
2024-09-18 09:39:01.802000,407.1084026313706,100
2024-09-18 09:39:01.879000,407.1480510485485,1000
2024-09-18 09:39:01.880000,407.1334197837057,1004
2024-09-18 09:39:02.034000,407.1082269041326,96
2024-09-18 09:39:02.262000,407.1382538197207,1001
2024-09-18 09:39:02.320000,407.1276076150519,103
2024-09-18 09:39:02.383000,407.1051924633636,996
2024-09-18 09:39:02.541000,407.1617913467553,7
2024-09-18 09:39:02.843000,407.1362933782884,105
2024-09-18 09:39:02.882000,407.1310026214088,99
2024-09-18 09:39:02.885000,407.1553124558369,10
2024-09-18 09:39:02.950000,407.1033485509771,105
2024-09-18 09:39:03.058000,407.10927825836666,998
2024-09-18 09:39:03.234000,407.1313280642126,997
2024-09-18 09:39:03.243000,407.1117434697794,97
2024-09-18 09:39:03.631000,407.12194862578986,13
2024-09-18 09:39:03.848000,407.1043865916049,5
2024-09-18 09:39:03.951000,407.1302300930254,95
2024-09-18 09:39:04.022000,407.1730817274194,995
2024-09-18 09:39:04.044000,407.1650974841372,97
2024-09-18 09:39:04.161000,407.17387761788,101
2024-09-18 09:39:04.251000,407.1382865375989,1000
2024-09-18 09:39:04.353000,407.1808635040355,97
2024-09-18 09:39:04.365000,407.1712084464864,5
2024-09-18 09:39:04.500000,407.1563279259241,13
2024-09-18 09:39:04.532000,407.1871000020156,100
2024-09-18 09:39:04.591000,407.1042847574419,102
2024-09-18 09:39:04.695000,407.18099304833856,1004
2024-09-18 09:39:04.784000,407.1978418731652,12
2024-09-18 09:39:04.792000,407.1711019513932,97
2024-09-18 09:39:04.931000,407.15909992736607,9
2024-09-18 09:39:04.948000,407.2013734606614,1000
2024-09-18 09:39:04.955000,407.1702747848768,1004
2024-09-18 09:39:04.981000,407.1350212646776,11
2024-09-18 09:39:05.365000,407.1877410623747,995
2024-09-18 09:39:05.372000,407.19239735738887,11
2024-09-18 09:39:06.043000,407.2015306960371,1002
2024-09-18 09:39:06.131000,407.2063647804307,998
2024-09-18 09:39:06.361000,407.1933940987265,97
2024-09-18 09:39:06.653000,407.22711101068825,97
2024-09-18 09:39:06.668000,407.228977704048,100
2024-09-18 09:39:06.720000,407.2156769837412,105
2024-09-18 09:39:06.828000,407.20704920710347,100
2024-09-18 09:39:07.048000,407.34503884557824,96
2024-09-18 09:39:07.105000,407.3402979731202,95
2024-09-18 09:39:07.113000,407.23113320883033,997
2024-09-18 09:39:07.133000,407.2234322316195,996
2024-09-18 09:39:07.145000,407.2389543395631,96
2024-09-18 09:39:07.188000,407.2180641682467,8
2024-09-18 09:39:07.228000,407.3397584428034,1002
2024-09-18 09:39:07.316000,407.32766560708063,1004
2024-09-18 09:39:07.338000,407.2602981592365,97
2024-09-18 09:39:07.463000,407.323348725498,1001
2024-09-18 09:39:07.473000,407.3326994406866,9
2024-09-18 09:39:07.491000,407.339662898959,998
2024-09-18 09:39:07.554000,407.2357532881984,98
2024-09-18 09:39:07.589000,407.3108023090239,100
2024-09-18 09:39:07.666000,407.3172160874631,105
2024-09-18 09:39:07.711000,407.3486339075698,13
2024-09-18 09:39:07.711000,407.23864016201935,7
2024-09-18 09:39:07.719000,407.35628218357607,5
2024-09-18 09:39:07.723000,407.3143420753994,9
2024-09-18 09:39:07.799000,407.3444446504615,13
2024-09-18 09:39:07.820000,407.2826877133729,96
2024-09-18 09:39:07.824000,407.3062995485767,1002
2024-09-18 09:39:07.828000,407.32375414980754,11
2024-09-18 09:39:07.841000,407.2334029603258,96
2024-09-18 09:39:07.898000,407.21930531802633,995
2024-09-18 09:39:08.398000,407.3574292299389,995
2024-09-18 09:39:09,407.3301322985821,996
2024-09-18 09:39:09.028000,407.34076047741263,101
2024-09-18 09:39:09.096000,407.3488414300084,1002
2024-09-18 09:39:09.212000,407.36438570497086,104
2024-09-18 09:39:09.236000,407.3438560437597,997
2024-09-18 09:39:09.265000,407.3669038094852,95
2024-09-18 09:39:09.286000,407.38227879971527,7
2024-09-18 09:39:09.308000,407.3656010319511,5
2024-09-18 09:39:09.327000,407.3706334093777,1002
2024-09-18 09:39:09.413000,407.3593620256358,998
2024-09-18 09:39:09.465000,407.3667105735631,11
2024-09-18 09:39:09.483000,407.3817103929054,8
2024-09-18 09:39:09.606000,407.36492817004574,996
2024-09-18 09:39:09.647000,407.3715297908261,10
2024-09-18 09:39:09.685000,407.35370554153707,9
2024-09-18 09:39:09.782000,407.3651969000346,97
2024-09-18 09:39:09.787000,407.3542683135239,97
2024-09-18 09:39:09.817000,407.36561358111067,1000
2024-09-18 09:39:09.932000,407.36721830269073,95
2024-09-18 09:39:09.933000,407.3524527149075,1001
2024-09-18 09:39:09.937000,407.35653855957634,8
2024-09-18 09:39:09.962000,407.36224258247006,999
2024-09-18 09:39:10.199000,407.3735554640186,999
2024-09-18 09:39:10.217000,407.3558445043469,1005
2024-09-18 09:39:10.507000,407.370558943753,9
2024-09-18 09:39:10.555000,407.37985675359016,1003
2024-09-18 09:39:10.566000,407.3869137447445,1001
2024-09-18 09:39:10.723000,407.36716471598857,1003
2024-09-18 09:39:10.800000,407.3335143562746,996
2024-09-18 09:39:11.042000,407.356548219742,7
2024-09-18 09:39:11.211000,407.3612220616431,998
2024-09-18 09:39:11.263000,407.3701054019783,1001
2024-09-18 09:39:11.282000,407.3924080880998,5
2024-09-18 09:39:11.290000,407.3566765343073,99
2024-09-18 09:39:11.291000,407.368548259574,5
2024-09-18 09:39:11.301000,407.3603310299689,100
2024-09-18 09:39:11.323000,407.3842174680698,95
2024-09-18 09:39:11.392000,407.3716862396884,105
2024-09-18 09:39:11.454000,407.4002908962769,7
2024-09-18 09:39:11.478000,407.38569718130896,1003
2024-09-18 09:39:11.516000,407.3577667061744,1004
2024-09-18 09:39:11.526000,407.3539960920021,995
2024-09-18 09:39:11.554000,407.3835760329846,1003
2024-09-18 09:39:11.600000,407.4156540251961,6
2024-09-18 09:39:11.600000,407.3493499057513,1003
2024-09-18 09:39:11.601000,407.3420933861535,997
2024-09-18 09:39:11.613000,407.36164295703,105
2024-09-18 09:39:11.682000,407.3737540714575,1005
2024-09-18 09:39:11.691000,407.3633022136288,10
2024-09-18 09:39:11.723000,407.3954979119508,100
2024-09-18 09:39:11.743000,407.35971776374095,999
2024-09-18 09:39:11.784000,407.3505364415209,995
2024-09-18 09:39:11.800000,407.3744116053492,5
2024-09-18 09:39:11.817000,407.3678048801983,99
2024-09-18 09:39:11.930000,407.3876960026582,1002
2024-09-18 09:39:11.963000,407.3701973813519,100
2024-09-18 09:39:11.996000,407.36903193241807,1002
2024-09-18 09:39:11.998000,407.3731479294446,1000
2024-09-18 09:39:12,407.29121115543927,8
2024-09-18 09:39:12.014000,407.3297474947733,95
2024-09-18 09:39:12.211000,407.338656213628,1004
2024-09-18 09:39:12.259000,407.2591972769187,95
2024-09-18 09:39:12.310000,407.3958244732715,1003
2024-09-18 09:39:12.332000,407.3368468826389,999
2024-09-18 09:39:12.414000,407.2572573123603,9
2024-09-18 09:39:12.436000,407.3416897287083,998
2024-09-18 09:39:12.479000,407.3532755310244,996
2024-09-18 09:39:12.479000,407.39144615804815,98
2024-09-18 09:39:12.542000,407.34817692037615,100
2024-09-18 09:39:12.550000,407.33224326692726,7
2024-09-18 09:39:12.593000,407.3265171957295,10
2024-09-18 09:39:12.614000,407.2707314536285,98
2024-09-18 09:39:12.630000,407.2922921952685,96
2024-09-18 09:39:12.715000,407.3578399510729,101
2024-09-18 09:39:12.735000,407.2827387298991,101
2024-09-18 09:39:12.736000,407.29574115775546,15
2024-09-18 09:39:12.766000,407.395739730124,1004
2024-09-18 09:39:12.792000,407.3432331566456,105
2024-09-18 09:39:12.902000,407.3151857542933,96
2024-09-18 09:39:12.916000,407.389423012461,96
2024-09-18 09:39:12.963000,407.3357531485437,998
2024-09-18 09:39:13.323000,407.27774283907337,9
2024-09-18 09:39:13.373000,407.2841953787064,1000
2024-09-18 09:39:13.434000,407.2819151292253,101
2024-09-18 09:39:13.746000,407.2795821583219,996
2024-09-18 09:39:13.765000,407.2716204393497,13
2024-09-18 09:39:13.878000,407.30439386409824,100
2024-09-18 09:39:14.074000,407.2723691122984,997
2024-09-18 09:39:14.076000,407.25080379490726,97
2024-09-18 09:39:14.087000,407.264393187833,95
2024-09-18 09:39:14.153000,407.2957600556104,997
2024-09-18 09:39:14.186000,407.3040284589845,998
2024-09-18 09:39:14.194000,407.30494517134696,12
2024-09-18 09:39:14.195000,407.2510096780736,104
2024-09-18 09:39:14.245000,407.2783059827144,5
2024-09-18 09:39:14.264000,407.2793813563328,997
2024-09-18 09:39:14.292000,407.2607712875519,104
2024-09-18 09:39:14.301000,407.2549644069673,105
2024-09-18 09:39:14.343000,407.23991356477313,1005
2024-09-18 09:39:14.412000,407.28123178673405,997
2024-09-18 09:39:14.488000,407.2677547238793,12
2024-09-18 09:39:14.544000,407.26892328008313,1000
2024-09-18 09:39:14.553000,407.2362849755648,6
2024-09-18 09:39:14.712000,407.24876186521897,8
2024-09-18 09:39:14.722000,407.2745383253896,95
2024-09-18 09:39:14.726000,407.2646172570486,105
2024-09-18 09:39:14.799000,407.2747798038442,15
2024-09-18 09:39:14.805000,407.2361007886211,104
2024-09-18 09:39:14.833000,407.2712395320867,6
2024-09-18 09:39:14.875000,407.2801632996696,100
2024-09-18 09:39:14.919000,407.2966958625881,104
2024-09-18 09:39:14.981000,407.2781919507564,12
2024-09-18 09:39:14.989000,407.2797595161268,10
2024-09-18 09:39:14.996000,407.28960235060606,98
2024-09-18 09:39:15.152000,407.2511370514942,1003
2024-09-18 09:39:15.156000,407.2599205431173,98
2024-09-18 09:39:15.157000,407.256315073075,9
2024-09-18 09:39:15.349000,407.2592029090831,9
2024-09-18 09:39:15.444000,407.26690163731087,15
2024-09-18 09:39:15.515000,407.2943343537762,101
2024-09-18 09:39:15.538000,407.2585611147275,104
2024-09-18 09:39:15.819000,407.26600524053777,8
2024-09-18 09:39:16.061000,407.23552658227294,1002
2024-09-18 09:39:16.152000,407.2344193739528,1004
2024-09-18 09:39:16.229000,407.2380434159018,103
2024-09-18 09:39:16.244000,407.2521739628064,12
2024-09-18 09:39:16.310000,407.2286705311798,15
2024-09-18 09:39:16.332000,407.2278041788778,7
2024-09-18 09:39:16.476000,407.253107229209,100
2024-09-18 09:39:16.485000,407.2423810126031,997
2024-09-18 09:39:16.596000,407.2399528063757,14
2024-09-18 09:39:16.621000,407.25247507971113,14
2024-09-18 09:39:16.632000,407.2323005889572,97
2024-09-18 09:39:16.716000,407.2636612572008,1002
2024-09-18 09:39:16.752000,407.2561232790274,996
2024-09-18 09:39:16.878000,407.2249837619043,14
2024-09-18 09:39:16.966000,407.2375915483202,100
2024-09-18 09:39:16.988000,407.22077404942695,103
2024-09-18 09:39:16.996000,407.2333888734428,996
2024-09-18 09:39:17.001000,407.20768161436143,1000
2024-09-18 09:39:17.044000,407.2615422777709,105
2024-09-18 09:39:17.149000,407.2564664244158,102
2024-09-18 09:39:17.171000,407.2883863311466,103
2024-09-18 09:39:17.236000,407.2198591434508,6
2024-09-18 09:39:17.240000,407.2709844381599,104
2024-09-18 09:39:17.246000,407.2114572333858,10
2024-09-18 09:39:17.412000,407.19569653850857,98
2024-09-18 09:39:17.470000,407.2682827275046,105
2024-09-18 09:39:17.492000,407.25106883530304,1004
2024-09-18 09:39:17.492000,407.267136564802,999
2024-09-18 09:39:17.499000,407.2784271772249,98
2024-09-18 09:39:17.502000,407.2863728462907,98
2024-09-18 09:39:17.547000,407.2373631579746,99
2024-09-18 09:39:17.655000,407.2860783526832,1005
2024-09-18 09:39:17.696000,407.25641982700057,13
2024-09-18 09:39:17.726000,407.25134586532266,103
2024-09-18 09:39:17.787000,407.239914280119,97
2024-09-18 09:39:17.879000,407.276514829209,96
2024-09-18 09:39:17.889000,407.2076824614888,8
2024-09-18 09:39:17.894000,407.214143671456,95
2024-09-18 09:39:17.939000,407.2232206153409,998
2024-09-18 09:39:17.979000,407.2243547271788,101
2024-09-18 09:39:17.995000,407.2793353149932,105
2024-09-18 09:39:17.996000,407.2756403918045,1004
2024-09-18 09:39:17.998000,407.2184239678644,96
2024-09-18 09:39:18.029000,407.2742864022165,105
2024-09-18 09:39:18.034000,407.25754906279366,1004
2024-09-18 09:39:18.379000,407.2827735399259,996
2024-09-18 09:39:18.479000,407.23914723826033,1005
2024-09-18 09:39:18.488000,407.2536813779276,1001
2024-09-18 09:39:18.547000,407.24805182982703,995
2024-09-18 09:39:18.565000,407.2746186622664,9
2024-09-18 09:39:18.601000,407.2419160701826,102
2024-09-18 09:39:18.605000,407.218563988874,7
2024-09-18 09:39:18.615000,407.24045197221074,99
2024-09-18 09:39:18.621000,407.2394383225651,13
2024-09-18 09:39:18.788000,407.2645141662955,100
2024-09-18 09:39:18.796000,407.26924348508095,1004
2024-09-18 09:39:18.848000,407.2240343583412,14
2024-09-18 09:39:18.891000,407.2542412251891,6
2024-09-18 09:39:18.914000,407.2516537075966,8
2024-09-18 09:39:20.003000,407.2035038550254,1005
2024-09-18 09:39:20.017000,407.25210882868953,1001
2024-09-18 09:39:20.069000,407.22196938004606,1001
2024-09-18 09:39:20.113000,407.24976322647,995
2024-09-18 09:39:20.137000,407.2168821943028,1001
2024-09-18 09:39:20.210000,407.2408832004999,98
2024-09-18 09:39:20.220000,407.1806016611886,1001
2024-09-18 09:39:20.501000,407.21063223790304,100
2024-09-18 09:39:20.516000,407.1962590181196,998
2024-09-18 09:39:20.517000,407.2225807502716,999
2024-09-18 09:39:20.579000,407.1791391950214,101
2024-09-18 09:39:20.631000,407.25799360362487,999
2024-09-18 09:39:20.655000,407.2230583967569,15
2024-09-18 09:39:20.655000,407.2000737184125,97
2024-09-18 09:39:20.694000,407.2716252913893,995
2024-09-18 09:39:20.714000,407.1821502070764,998
2024-09-18 09:39:20.732000,407.1743414282532,998
2024-09-18 09:39:20.868000,407.21346121464416,105
2024-09-18 09:39:20.905000,407.2083608528389,105
2024-09-18 09:39:20.920000,407.2311815067116,102
2024-09-18 09:39:20.948000,407.2048291011464,996
2024-09-18 09:39:20.975000,407.21767515979366,1003
2024-09-18 09:39:20.983000,407.2452145410968,105
2024-09-18 09:39:20.992000,407.20033059134784,12
2024-09-18 09:39:21.102000,407.24429340875184,10
2024-09-18 09:39:21.110000,407.2333625499738,995
2024-09-18 09:39:21.277000,407.2218274848342,96
2024-09-18 09:39:21.312000,407.20915182972897,998
2024-09-18 09:39:21.352000,407.2233558644259,10
2024-09-18 09:39:21.402000,407.1929998757276,97
2024-09-18 09:39:21.512000,407.2256176270397,1004
2024-09-18 09:39:21.606000,407.20366836870846,105
2024-09-18 09:39:21.696000,407.2342251899339,96
2024-09-18 09:39:21.751000,407.1706382308527,997
2024-09-18 09:39:22.362000,407.1437833352805,14
2024-09-18 09:39:22.569000,407.17746198965705,1000
2024-09-18 09:39:22.757000,407.150480544409,100
2024-09-18 09:39:23.082000,407.1636100928985,996
2024-09-18 09:39:23.191000,407.1887770500239,1002
2024-09-18 09:39:23.197000,407.17467659693256,1004
2024-09-18 09:39:23.241000,407.1447908585786,8
2024-09-18 09:39:23.399000,407.1542267099562,997
2024-09-18 09:39:23.424000,407.1727092217812,100
2024-09-18 09:39:23.576000,407.1858374325603,9
2024-09-18 09:39:23.643000,407.1649240047623,996
2024-09-18 09:39:23.688000,407.15696490132376,9
2024-09-18 09:39:23.697000,407.172955880839,95
2024-09-18 09:39:23.768000,407.17405822468726,13
2024-09-18 09:39:23.880000,407.1821847435916,6
2024-09-18 09:39:23.924000,407.1854419099877,7
2024-09-18 09:39:23.927000,407.1870701716003,1003
2024-09-18 09:39:23.944000,407.1371595724349,6
2024-09-18 09:39:23.946000,407.1791467374016,7
2024-09-18 09:39:24.141000,407.2052897904747,996
2024-09-18 09:39:24.318000,407.20324406639975,8
2024-09-18 09:39:24.441000,407.18466290029744,98
2024-09-18 09:39:24.575000,407.2054736892511,12
2024-09-18 09:39:24.782000,407.19998149073297,1004
2024-09-18 09:39:24.878000,407.1973598175671,102
2024-09-18 09:39:25.018000,407.1850545753776,14
2024-09-18 09:39:25.055000,407.1577826121487,996
2024-09-18 09:39:25.062000,407.1695492947948,8
2024-09-18 09:39:25.081000,407.1881811696287,1003
2024-09-18 09:39:25.097000,407.1401909759393,8
2024-09-18 09:39:25.103000,407.1871700246495,102
2024-09-18 09:39:25.116000,407.2075936090803,102
2024-09-18 09:39:25.164000,407.143069739512,7
2024-09-18 09:39:25.173000,407.1433219572535,99
2024-09-18 09:39:25.243000,407.1540295014424,1000
2024-09-18 09:39:25.300000,407.2047285280744,995
2024-09-18 09:39:25.310000,407.1842854264181,15
2024-09-18 09:39:25.429000,407.1700292775925,97
2024-09-18 09:39:25.441000,407.1867256606233,104
2024-09-18 09:39:25.465000,407.2155053747327,99
2024-09-18 09:39:25.473000,407.155247531137,14
2024-09-18 09:39:25.484000,407.136597525059,997
2024-09-18 09:39:25.575000,407.1864231462873,100
2024-09-18 09:39:25.595000,407.2020243287946,11
2024-09-18 09:39:25.630000,407.1746199337909,13
2024-09-18 09:39:25.641000,407.15634260391,15
2024-09-18 09:39:25.660000,407.15851532159326,10
2024-09-18 09:39:25.956000,407.1866831453145,104
2024-09-18 09:39:26.152000,407.12719914405017,1000
2024-09-18 09:39:26.742000,407.1376773301638,5
2024-09-18 09:39:27.004000,407.11482506568245,9
2024-09-18 09:39:27.023000,407.1440316367394,102
2024-09-18 09:39:27.138000,407.1220476968421,1001
2024-09-18 09:39:27.141000,407.1326794504794,103
2024-09-18 09:39:27.186000,407.15723498999216,1000
2024-09-18 09:39:27.189000,407.1103924747398,104
2024-09-18 09:39:27.192000,407.13940160431,11
2024-09-18 09:39:27.214000,407.1192522280242,15
2024-09-18 09:39:27.229000,407.13127418924046,996
2024-09-18 09:39:27.231000,407.13229253031335,100
2024-09-18 09:39:27.269000,407.1305292753709,1003
2024-09-18 09:39:27.291000,407.1201613898498,1003
2024-09-18 09:39:27.335000,407.1370990032106,5
2024-09-18 09:39:27.359000,407.1178865633359,1003
2024-09-18 09:39:27.363000,407.1353645382421,98
2024-09-18 09:39:27.370000,407.146371283364,8
2024-09-18 09:39:27.395000,407.1435558279125,96
2024-09-18 09:39:27.446000,407.1376212768564,103
2024-09-18 09:39:27.452000,407.1741982435502,9
2024-09-18 09:39:27.464000,407.11786337565405,6
2024-09-18 09:39:27.538000,407.1387573833172,104
2024-09-18 09:39:27.538000,407.1399796485773,997
2024-09-18 09:39:27.699000,407.1488807117759,998
2024-09-18 09:39:27.738000,407.1384633155955,98
2024-09-18 09:39:27.777000,407.1250559268983,95
2024-09-18 09:39:27.778000,407.1432509835951,998
2024-09-18 09:39:27.794000,407.13869401217937,10
2024-09-18 09:39:27.901000,407.1502315926112,7
2024-09-18 09:39:27.903000,407.1449496676654,15
2024-09-18 09:39:29.039000,407.2022860146063,7
2024-09-18 09:39:29.062000,407.1971340190125,5
2024-09-18 09:39:29.229000,407.2036346999592,102
2024-09-18 09:39:29.268000,407.2086100190815,99
2024-09-18 09:39:29.288000,407.2008591005416,101
2024-09-18 09:39:29.294000,407.1987192972019,7
2024-09-18 09:39:29.303000,407.2015277584617,96
2024-09-18 09:39:29.303000,407.1589137612322,97
2024-09-18 09:39:29.387000,407.1920856665718,997
2024-09-18 09:39:29.468000,407.19836013034086,1004
2024-09-18 09:39:29.480000,407.1874971968508,15
2024-09-18 09:39:29.676000,407.1999503244491,1002
2024-09-18 09:39:29.777000,407.2015210602247,99
2024-09-18 09:39:29.790000,407.18461645089343,98
2024-09-18 09:39:29.821000,407.1671386505093,1005
2024-09-18 09:39:29.971000,407.1915722225461,8
2024-09-18 09:39:29.994000,407.166149636932,104
2024-09-18 09:39:30.759000,407.199071470172,997
2024-09-18 09:39:31.167000,407.17669955932575,999
2024-09-18 09:39:31.713000,407.1895635707612,1002
2024-09-18 09:39:31.783000,407.2037169809891,1005
2024-09-18 09:39:31.873000,407.1922082438849,101
2024-09-18 09:39:31.941000,407.1858181331147,104
2024-09-18 09:39:32.029000,407.2015134995305,8
2024-09-18 09:39:32.296000,407.2149910755522,999
2024-09-18 09:39:32.370000,407.21152890081385,95
2024-09-18 09:39:32.390000,407.2151716389167,8
2024-09-18 09:39:32.529000,407.21283553637255,96
2024-09-18 09:39:32.553000,407.1902801946791,1004
2024-09-18 09:39:32.697000,407.21575062022526,11
2024-09-18 09:39:32.729000,407.2196066894911,12
2024-09-18 09:39:32.781000,407.2007195781183,1000
2024-09-18 09:39:32.993000,407.2166941040199,95
2024-09-18 09:39:33.028000,407.2110629429124,97
2024-09-18 09:39:33.036000,407.243785763533,996
2024-09-18 09:39:33.071000,407.2113759223745,10
2024-09-18 09:39:33.110000,407.2022330885189,14
2024-09-18 09:39:33.251000,407.2206722468333,1003
2024-09-18 09:39:33.278000,407.2469675710623,15
2024-09-18 09:39:33.315000,407.20708064550746,1002
2024-09-18 09:39:33.317000,407.23891670416697,9
2024-09-18 09:39:33.358000,407.2134358090899,998
2024-09-18 09:39:33.367000,407.2466246913112,999
2024-09-18 09:39:33.552000,407.2214702181072,999
2024-09-18 09:39:33.577000,407.21230441589154,13
2024-09-18 09:39:33.654000,407.2168813590911,1001
2024-09-18 09:39:33.660000,407.2125522516867,995
2024-09-18 09:39:33.710000,407.2441964724135,995
2024-09-18 09:39:33.769000,407.20631879543873,96
2024-09-18 09:39:33.795000,407.2241465477428,98
2024-09-18 09:39:33.797000,407.193381729229,15
2024-09-18 09:39:33.852000,407.2087149312263,8
2024-09-18 09:39:33.885000,407.20357695455147,996
2024-09-18 09:39:33.994000,407.2135003514096,96
2024-09-18 09:39:34.018000,407.2096416808344,15
2024-09-18 09:39:34.108000,407.1803020731566,997
2024-09-18 09:39:34.147000,407.21084675433934,1004
2024-09-18 09:39:34.193000,407.1938392166312,102
2024-09-18 09:39:34.201000,407.1677494679863,1001
2024-09-18 09:39:34.221000,407.20581210915054,101
2024-09-18 09:39:34.231000,407.1790520910978,98
2024-09-18 09:39:34.274000,407.194949906212,1001
2024-09-18 09:39:34.372000,407.1851298958875,14
2024-09-18 09:39:34.427000,407.1860815815125,100
2024-09-18 09:39:34.506000,407.1928218319621,99
2024-09-18 09:39:34.533000,407.1686872736176,96
2024-09-18 09:39:34.546000,407.1725996672349,101
2024-09-18 09:39:34.550000,407.1782472211098,8
2024-09-18 09:39:34.743000,407.1891114233319,101
2024-09-18 09:39:34.747000,407.1801714242248,995
2024-09-18 09:39:34.753000,407.1825969934917,98
2024-09-18 09:39:34.756000,407.172067997739,7
2024-09-18 09:39:34.881000,407.1768952193039,97
2024-09-18 09:39:34.883000,407.1937319689313,1000
2024-09-18 09:39:34.896000,407.1628662256678,999
2024-09-18 09:39:34.925000,407.20624873697216,96
2024-09-18 09:39:34.946000,407.22982179339033,98
2024-09-18 09:39:35.002000,407.2864170515487,100
2024-09-18 09:39:35.030000,407.216194340467,999
2024-09-18 09:39:35.215000,407.30066485880633,95
2024-09-18 09:39:35.222000,407.27595011474153,104
2024-09-18 09:39:35.286000,407.2209483586101,9
2024-09-18 09:39:35.320000,407.2450396363212,103
2024-09-18 09:39:35.375000,407.2103954926062,1003
2024-09-18 09:39:35.428000,407.2885373556077,13
2024-09-18 09:39:35.437000,407.22585431599896,1004
2024-09-18 09:39:35.461000,407.2924210727756,99
2024-09-18 09:39:35.515000,407.182926819561,6
2024-09-18 09:39:35.604000,407.2364663801787,13
2024-09-18 09:39:35.648000,407.1935313307872,101
2024-09-18 09:39:35.763000,407.2911405442503,995
2024-09-18 09:39:35.808000,407.3119149042065,5
2024-09-18 09:39:35.833000,407.23811430811776,95
2024-09-18 09:39:35.872000,407.2214644761763,95
2024-09-18 09:39:35.900000,407.2245055039997,11
2024-09-18 09:39:35.966000,407.2758407813449,13
2024-09-18 09:39:36.011000,407.3020973954235,1003
2024-09-18 09:39:36.060000,407.2847471891554,104
2024-09-18 09:39:36.147000,407.2830877725295,1005
2024-09-18 09:39:38.087000,407.3185229654991,12
2024-09-18 09:39:38.152000,407.32680011532926,996
2024-09-18 09:39:38.246000,407.2902264736811,995
2024-09-18 09:39:38.261000,407.2951099533756,103
2024-09-18 09:39:38.353000,407.3034067930817,100
2024-09-18 09:39:38.548000,407.3141937702598,998
2024-09-18 09:39:38.564000,407.3290412633529,1003
2024-09-18 09:39:38.743000,407.3370477013997,98
2024-09-18 09:39:38.786000,407.2989883864853,12
2024-09-18 09:39:38.918000,407.3120565533756,101
2024-09-18 09:39:39.100000,407.282652794292,995
2024-09-18 09:39:39.112000,407.3321641247297,999
2024-09-18 09:39:39.241000,407.32699223609984,101
2024-09-18 09:39:39.261000,407.3009754089205,1001
2024-09-18 09:39:39.316000,407.2973367626575,11
2024-09-18 09:39:39.480000,407.3031650230273,95
2024-09-18 09:39:39.507000,407.3066213945097,14
2024-09-18 09:39:39.510000,407.3177790168664,101
2024-09-18 09:39:39.515000,407.296454050491,14
2024-09-18 09:39:39.584000,407.28321865352376,7
2024-09-18 09:39:39.608000,407.31680729441314,8
2024-09-18 09:39:39.658000,407.3060243843888,9
2024-09-18 09:39:39.768000,407.3094529823705,1005
2024-09-18 09:39:39.844000,407.323051325297,95
2024-09-18 09:39:39.956000,407.317866731412,1000
2024-09-18 09:39:40.014000,407.3618763456905,100
2024-09-18 09:39:40.028000,407.36137643303255,5
2024-09-18 09:39:40.068000,407.3954877842591,97
2024-09-18 09:39:40.069000,407.351589531974,95
2024-09-18 09:39:40.120000,407.3831361702317,14
2024-09-18 09:39:40.131000,407.36113375842,1003
2024-09-18 09:39:40.167000,407.3800887941457,1003
2024-09-18 09:39:40.240000,407.397355059877,1001
2024-09-18 09:39:40.289000,407.3593425596829,5
2024-09-18 09:39:40.344000,407.3733722079905,7
2024-09-18 09:39:40.428000,407.3692915064689,14
2024-09-18 09:39:40.463000,407.3554883066612,101
2024-09-18 09:39:40.464000,407.3698202296188,100
2024-09-18 09:39:40.501000,407.39061215694267,1000
2024-09-18 09:39:40.565000,407.3886967987392,1003
2024-09-18 09:39:40.607000,407.3318889994516,98
2024-09-18 09:39:40.629000,407.3909683411879,1002
2024-09-18 09:39:40.708000,407.3890963739808,10
2024-09-18 09:39:40.753000,407.3802663220538,998
2024-09-18 09:39:40.778000,407.36090871361,7
2024-09-18 09:39:40.797000,407.3874751590348,1005
2024-09-18 09:39:40.862000,407.4041986260981,1005
2024-09-18 09:39:40.901000,407.3904110348087,103
2024-09-18 09:39:40.921000,407.3540940939824,9
2024-09-18 09:39:41.170000,407.3501243564345,99
2024-09-18 09:39:41.411000,407.3457207577113,5
2024-09-18 09:39:41.429000,407.3700236394607,997
2024-09-18 09:39:41.499000,407.3582473341807,14
2024-09-18 09:39:41.941000,407.3537360671823,5
2024-09-18 09:39:42.069000,407.3165091759618,5
2024-09-18 09:39:42.126000,407.3195050475276,997
2024-09-18 09:39:42.136000,407.3202424832284,103
2024-09-18 09:39:42.252000,407.3329809682485,8
2024-09-18 09:39:42.306000,407.3273280805194,995
2024-09-18 09:39:42.361000,407.3124326226786,105
2024-09-18 09:39:42.436000,407.3201731158918,1002
2024-09-18 09:39:42.540000,407.3361653693176,99
2024-09-18 09:39:42.866000,407.3090517878366,101
2024-09-18 09:39:42.869000,407.3449458328088,1004
2024-09-18 09:39:43.199000,407.3309272645776,8
2024-09-18 09:39:43.436000,407.3302274159655,12
2024-09-18 09:39:43.517000,407.32759073205466,14
2024-09-18 09:39:43.906000,407.3290689972871,100
2024-09-18 09:39:43.922000,407.3367759332671,6
2024-09-18 09:39:43.937000,407.3313869825838,11
2024-09-18 09:39:43.987000,407.32662831473,100
2024-09-18 09:39:44.010000,407.3317655037992,995
2024-09-18 09:39:44.064000,407.3095435290052,1005
2024-09-18 09:39:44.075000,407.3103584347514,8
2024-09-18 09:39:44.253000,407.35395433581976,11
2024-09-18 09:39:44.279000,407.31535941251815,9
2024-09-18 09:39:44.330000,407.2988132818299,997
2024-09-18 09:39:44.365000,407.3328620342677,1004
2024-09-18 09:39:44.367000,407.3538781183529,96
2024-09-18 09:39:44.392000,407.3105302972352,96
2024-09-18 09:39:44.435000,407.3212302000639,5
2024-09-18 09:39:44.473000,407.3253161066977,96
2024-09-18 09:39:44.482000,407.31201728586393,1003
2024-09-18 09:39:44.571000,407.31389891637787,1003
2024-09-18 09:39:44.660000,407.3203479377359,15
2024-09-18 09:39:44.701000,407.322783047329,998
2024-09-18 09:39:44.760000,407.30646706858886,102
2024-09-18 09:39:44.869000,407.3164890563363,12
2024-09-18 09:39:44.960000,407.32826174762295,13
2024-09-18 09:39:46.002000,407.3892377867215,101
2024-09-18 09:39:46.202000,407.4020687730579,996
2024-09-18 09:39:46.279000,407.3722725375685,5
2024-09-18 09:39:46.298000,407.38576515371096,995
2024-09-18 09:39:46.426000,407.344645680045,995
2024-09-18 09:39:46.578000,407.3065806175497,1002
2024-09-18 09:39:46.673000,407.3275693756007,15
2024-09-18 09:39:46.680000,407.3293738894494,8
2024-09-18 09:39:46.795000,407.33985211722495,7
2024-09-18 09:39:46.835000,407.38028751192286,96
2024-09-18 09:39:46.843000,407.33808365169466,11
2024-09-18 09:39:47.115000,407.3836164476912,14
2024-09-18 09:39:47.132000,407.3718781304148,997
2024-09-18 09:39:47.141000,407.4072177209008,9
2024-09-18 09:39:47.265000,407.3636250501653,13
2024-09-18 09:39:47.273000,407.4074940911301,9
2024-09-18 09:39:47.295000,407.3735710837368,11
2024-09-18 09:39:47.329000,407.3645717501083,13
2024-09-18 09:39:47.330000,407.3622484953578,998
2024-09-18 09:39:47.388000,407.4019899568958,99
2024-09-18 09:39:47.409000,407.373096566446,100
2024-09-18 09:39:47.412000,407.3622417649605,103
2024-09-18 09:39:47.417000,407.3778232113887,998
2024-09-18 09:39:47.429000,407.4078242424379,6
2024-09-18 09:39:47.456000,407.3868343665324,998
2024-09-18 09:39:47.458000,407.40742894374034,97
2024-09-18 09:39:47.506000,407.37431068625926,1001
2024-09-18 09:39:47.575000,407.359270264602,999
2024-09-18 09:39:47.579000,407.3809046869701,103
2024-09-18 09:39:47.597000,407.3718892389901,95
2024-09-18 09:39:47.603000,407.3600232787927,999
2024-09-18 09:39:47.643000,407.3990325856728,11
2024-09-18 09:39:47.708000,407.35798248307617,1002
2024-09-18 09:39:47.748000,407.3708925132033,8
2024-09-18 09:39:47.821000,407.3623333721881,99
2024-09-18 09:39:47.846000,407.3911482740701,1003
2024-09-18 09:39:47.873000,407.39285227765697,105
2024-09-18 09:39:47.880000,407.3874324446869,13
2024-09-18 09:39:47.960000,407.3952647942352,15
2024-09-18 09:39:47.976000,407.36265575241976,13
2024-09-18 09:39:48.072000,407.38882316880114,1003
2024-09-18 09:39:48.078000,407.38652852407387,8
2024-09-18 09:39:48.081000,407.3943615625294,999
2024-09-18 09:39:48.093000,407.3972894258936,9
2024-09-18 09:39:48.124000,407.4105690789136,97
2024-09-18 09:39:48.161000,407.3949519094473,103
2024-09-18 09:39:48.198000,407.3991188447919,997
2024-09-18 09:39:48.246000,407.4100891955631,999
2024-09-18 09:39:48.301000,407.3969809469268,996
2024-09-18 09:39:48.487000,407.38005864776346,14
2024-09-18 09:39:48.512000,407.39251675373714,103
2024-09-18 09:39:48.561000,407.39776259995085,13
2024-09-18 09:39:48.613000,407.3797874068193,13
2024-09-18 09:39:48.692000,407.3995913563968,99
2024-09-18 09:39:48.700000,407.39938864341866,1002
2024-09-18 09:39:48.774000,407.3763344907055,105
2024-09-18 09:39:48.805000,407.4044584796632,1003
2024-09-18 09:39:48.833000,407.37510794562417,1002
2024-09-18 09:39:48.935000,407.41338272769417,998
2024-09-18 09:39:48.939000,407.3850232090381,1003
2024-09-18 09:39:49.175000,407.3626671259418,10
2024-09-18 09:39:49.203000,407.3339189553127,997
2024-09-18 09:39:49.244000,407.3326919848021,100
2024-09-18 09:39:49.304000,407.3098501305423,8
2024-09-18 09:39:49.342000,407.3334169294903,1005
2024-09-18 09:39:49.382000,407.3128275385236,10
2024-09-18 09:39:49.422000,407.3210819936716,999
2024-09-18 09:39:49.433000,407.3051032343202,10
2024-09-18 09:39:49.442000,407.3376820191378,101
2024-09-18 09:39:49.455000,407.378633491078,7
2024-09-18 09:39:49.617000,407.3075125516961,96
2024-09-18 09:39:49.654000,407.31860781061056,8
2024-09-18 09:39:49.654000,407.33118389653646,10
2024-09-18 09:39:49.655000,407.3269871297357,10
2024-09-18 09:39:49.659000,407.3690505367616,995
2024-09-18 09:39:49.667000,407.3056331047245,12
2024-09-18 09:39:49.806000,407.3372909029642,14
2024-09-18 09:39:49.837000,407.30841239927616,14
2024-09-18 09:39:49.862000,407.3238240495107,98
2024-09-18 09:39:49.878000,407.37989062582,101
2024-09-18 09:39:49.926000,407.3681194133253,999
2024-09-18 09:39:49.939000,407.3077712793928,100
2024-09-18 09:39:49.950000,407.3429594345686,995
2024-09-18 09:39:49.971000,407.3511362363405,1000
2024-09-18 09:39:50.011000,407.26918028086106,98
2024-09-18 09:39:50.063000,407.314139011225,104
2024-09-18 09:39:50.169000,407.2533801673618,13
2024-09-18 09:39:50.207000,407.2562911394141,996
2024-09-18 09:39:50.298000,407.293552704672,99
2024-09-18 09:39:50.320000,407.2599476691599,99
2024-09-18 09:39:50.322000,407.2958538847072,996
2024-09-18 09:39:50.451000,407.26943784911873,102
2024-09-18 09:39:50.495000,407.267346292028,99
2024-09-18 09:39:50.542000,407.2633201154534,15
2024-09-18 09:39:50.547000,407.288830767157,997
2024-09-18 09:39:50.650000,407.2530706545408,998
2024-09-18 09:39:50.711000,407.2622202987425,104
2024-09-18 09:39:50.741000,407.23531512066376,101
2024-09-18 09:39:50.748000,407.2942088841149,96
2024-09-18 09:39:50.839000,407.26518527923946,1005
2024-09-18 09:39:50.849000,407.2908577421134,98
2024-09-18 09:39:50.896000,407.3148907089265,6
2024-09-18 09:39:50.966000,407.2964245845645,1003
2024-09-18 09:39:50.984000,407.2670752195372,8
2024-09-18 09:39:51.344000,407.2773771435784,105
2024-09-18 09:39:52.134000,407.2714870120896,1005
2024-09-18 09:39:52.190000,407.2920106415102,995
2024-09-18 09:39:52.226000,407.2675856526975,1003
2024-09-18 09:39:52.486000,407.2723735770535,996
2024-09-18 09:39:52.985000,407.2602639555949,5
2024-09-18 09:39:53.001000,407.2889916501277,100
2024-09-18 09:39:53.048000,407.2813060944868,10
2024-09-18 09:39:53.052000,407.2632571347202,13
2024-09-18 09:39:53.085000,407.24040764665625,99
2024-09-18 09:39:53.106000,407.2620433323176,105
2024-09-18 09:39:53.118000,407.2337385462452,13
2024-09-18 09:39:53.138000,407.2909363252802,101
2024-09-18 09:39:53.189000,407.272766251653,997
2024-09-18 09:39:53.220000,407.2817014791207,1004
2024-09-18 09:39:53.239000,407.25824869730496,96
2024-09-18 09:39:53.291000,407.2324236248703,1002
2024-09-18 09:39:53.303000,407.2808574346336,103
2024-09-18 09:39:53.372000,407.2428028358342,101
2024-09-18 09:39:53.403000,407.26366262854174,99
2024-09-18 09:39:53.409000,407.2699737794729,996
2024-09-18 09:39:53.514000,407.270244863116,105
2024-09-18 09:39:53.601000,407.2486753959654,1001
2024-09-18 09:39:53.661000,407.2676251180527,1000
2024-09-18 09:39:53.691000,407.25747277056433,10
2024-09-18 09:39:53.701000,407.2533518560507,15
2024-09-18 09:39:53.864000,407.2447382987434,6
2024-09-18 09:39:53.921000,407.2788378673954,104
2024-09-18 09:39:53.958000,407.26759895868,995
2024-09-18 09:39:53.983000,407.2664144535058,99
2024-09-18 09:39:54.316000,407.2491643317769,102
2024-09-18 09:39:54.323000,407.2567084575899,105
2024-09-18 09:39:54.486000,407.24844465646913,96
2024-09-18 09:39:54.594000,407.2373418658971,996
2024-09-18 09:39:54.815000,407.2626533763175,7
2024-09-18 09:39:54.876000,407.2385100416623,1000
2024-09-18 09:39:54.923000,407.2544366267296,101
2024-09-18 09:39:54.967000,407.23361413532615,98
2024-09-18 09:39:55.082000,407.2048963606353,996
2024-09-18 09:39:55.155000,407.226717048928,12
2024-09-18 09:39:55.224000,407.2442885245204,9
2024-09-18 09:39:55.235000,407.2120384296803,1004
2024-09-18 09:39:55.242000,407.2259800111925,1003
2024-09-18 09:39:55.420000,407.19711462410993,12
2024-09-18 09:39:55.431000,407.213210381442,1003
2024-09-18 09:39:55.684000,407.2181466396744,103
2024-09-18 09:39:55.716000,407.21699613340695,1000
2024-09-18 09:39:55.859000,407.2227216111464,995
2024-09-18 09:39:56.052000,407.2175371569599,100
2024-09-18 09:39:56.183000,407.2153450481461,9
2024-09-18 09:39:56.224000,407.2135613737427,12
2024-09-18 09:39:56.283000,407.2171048969042,103
2024-09-18 09:39:56.299000,407.2340400492951,104
2024-09-18 09:39:56.309000,407.2198059700261,98
2024-09-18 09:39:56.322000,407.2405155367478,13
2024-09-18 09:39:56.330000,407.2543544681729,9
2024-09-18 09:39:56.348000,407.2213288151421,98
2024-09-18 09:39:56.460000,407.2014188545153,13
2024-09-18 09:39:56.499000,407.214370211892,1000
2024-09-18 09:39:56.539000,407.218466946328,1002
2024-09-18 09:39:56.610000,407.23696628801423,95
2024-09-18 09:39:56.611000,407.2272022110136,14
2024-09-18 09:39:56.692000,407.2020283064709,97
2024-09-18 09:39:56.694000,407.23197655729206,7
2024-09-18 09:39:56.707000,407.2382870835289,1004
2024-09-18 09:39:56.773000,407.22086083795466,13
2024-09-18 09:39:56.956000,407.2370330219216,999
2024-09-18 09:39:57.091000,407.2526745541828,999
2024-09-18 09:39:57.225000,407.2361137420509,6
2024-09-18 09:39:57.376000,407.2496253361406,1002
2024-09-18 09:39:57.893000,407.2609036105114,103
2024-09-18 09:39:57.924000,407.23049905358056,1000
2024-09-18 09:39:57.951000,407.2650738499297,1005
2024-09-18 09:39:58.012000,407.2550687041947,1004
2024-09-18 09:39:58.024000,407.2755822701205,14
2024-09-18 09:39:58.084000,407.267680962701,9
2024-09-18 09:39:58.274000,407.2406073051411,96
2024-09-18 09:39:58.281000,407.3102926165118,104
2024-09-18 09:39:58.320000,407.2490719364495,1000
2024-09-18 09:39:58.337000,407.2300001178008,9
2024-09-18 09:39:58.402000,407.2837719507833,1001
2024-09-18 09:39:58.413000,407.2203047364477,14
2024-09-18 09:39:58.423000,407.2396497633944,1005
2024-09-18 09:39:58.426000,407.3098481516643,12
2024-09-18 09:39:58.430000,407.287814435256,96
2024-09-18 09:39:58.437000,407.2395281608175,1001
2024-09-18 09:39:58.480000,407.28565212889833,13
2024-09-18 09:39:58.492000,407.2569205321098,6
2024-09-18 09:39:58.689000,407.2412204124796,10
2024-09-18 09:39:58.731000,407.24472547356254,1003
2024-09-18 09:39:58.747000,407.2008883485347,1003
2024-09-18 09:39:58.754000,407.25776465584806,15
2024-09-18 09:39:58.755000,407.245331370389,104
2024-09-18 09:39:58.840000,407.2421602909327,10
2024-09-18 09:39:58.859000,407.21285639978447,99
2024-09-18 09:39:58.963000,407.2431728401321,995
2024-09-18 09:39:58.972000,407.2625093458911,999
2024-09-18 09:39:59.114000,407.246551949728,98
2024-09-18 09:39:59.157000,407.2593625801275,104
