Timestamp,Price,Size
2024-09-18 11:17:00.009000,416.3235732112232,95
2024-09-18 11:17:00.012000,416.34969224755696,1003
2024-09-18 11:17:00.059000,416.31173586906993,10
2024-09-18 11:17:00.127000,416.30043238687233,12
2024-09-18 11:17:00.328000,416.3227298742791,5
2024-09-18 11:17:00.462000,416.3504371650069,1002
2024-09-18 11:17:00.586000,416.33745697249816,1002
2024-09-18 11:17:00.690000,416.34813129832816,100
2024-09-18 11:17:00.726000,416.31162563684535,7
2024-09-18 11:17:00.802000,416.350515919122,98
2024-09-18 11:17:00.814000,416.32803986804913,1002
2024-09-18 11:17:00.824000,416.31620551903535,8
2024-09-18 11:17:00.898000,416.3352776761441,6
2024-09-18 11:17:00.909000,416.3431463619115,104
2024-09-18 11:17:00.912000,416.3142079362106,15
2024-09-18 11:17:00.927000,416.350028877473,8
2024-09-18 11:17:00.946000,416.3145412297002,95
2024-09-18 11:17:00.962000,416.3346413830765,6
2024-09-18 11:17:01.172000,416.34331575433833,995
2024-09-18 11:17:01.257000,416.3573445201179,1000
2024-09-18 11:17:01.275000,416.32478507595965,998
2024-09-18 11:17:01.422000,416.316690475026,7
2024-09-18 11:17:01.581000,416.3127424011501,104
2024-09-18 11:17:01.603000,416.33131548338383,9
2024-09-18 11:17:01.628000,416.3134971393306,9
2024-09-18 11:17:01.931000,416.3107312567035,995
2024-09-18 11:17:01.986000,416.35343727900886,995
2024-09-18 11:17:02.068000,416.3373035294464,105
2024-09-18 11:17:02.155000,416.3564191502952,100
2024-09-18 11:17:02.303000,416.3295099308935,1002
2024-09-18 11:17:02.412000,416.358037572648,97
2024-09-18 11:17:02.454000,416.3621765317973,96
2024-09-18 11:17:02.473000,416.3338813076743,97
2024-09-18 11:17:02.527000,416.3597094900852,104
2024-09-18 11:17:02.583000,416.3307748311965,15
2024-09-18 11:17:02.714000,416.3426071474445,99
2024-09-18 11:17:02.771000,416.3403926209554,6
2024-09-18 11:17:02.772000,416.3305025924728,12
2024-09-18 11:17:02.787000,416.36496090157647,10
2024-09-18 11:17:02.941000,416.3424369361396,1000
2024-09-18 11:17:02.946000,416.32120073906106,1000
2024-09-18 11:17:04.083000,416.3263210739365,99
2024-09-18 11:17:04.092000,416.3453531252277,13
2024-09-18 11:17:04.336000,416.3358163034779,1003
2024-09-18 11:17:04.389000,416.3482405800077,9
2024-09-18 11:17:04.396000,416.3350426177138,997
2024-09-18 11:17:04.563000,416.353908820866,96
2024-09-18 11:17:05.021000,416.2827118501907,1001
2024-09-18 11:17:05.071000,416.3264023060455,9
2024-09-18 11:17:05.072000,416.27139103426896,997
2024-09-18 11:17:05.072000,416.2802659549481,1000
2024-09-18 11:17:05.118000,416.3592237977559,15
2024-09-18 11:17:05.144000,416.28795009886176,1005
2024-09-18 11:17:05.151000,416.3525669106783,5
2024-09-18 11:17:05.154000,416.35606925903534,105
2024-09-18 11:17:05.175000,416.27599274017496,9
2024-09-18 11:17:05.183000,416.33558924284426,100
2024-09-18 11:17:05.225000,416.2856491159249,997
2024-09-18 11:17:05.308000,416.3040003133693,8
2024-09-18 11:17:05.328000,416.2828908424416,104
2024-09-18 11:17:05.382000,416.298586943838,1002
2024-09-18 11:17:05.618000,416.2711674974706,95
2024-09-18 11:17:05.694000,416.3567287681497,10
2024-09-18 11:17:05.734000,416.3621067871087,101
2024-09-18 11:17:05.753000,416.3583845079043,103
2024-09-18 11:17:05.862000,416.2742552397,10
2024-09-18 11:17:05.876000,416.2710897154722,5
2024-09-18 11:17:05.968000,416.3617929067401,999
2024-09-18 11:17:06.122000,416.26167328737046,101
2024-09-18 11:17:06.123000,416.3150260051784,997
2024-09-18 11:17:06.123000,416.27994962064247,99
2024-09-18 11:17:06.268000,416.2482503746411,1004
2024-09-18 11:17:06.339000,416.30137762339234,15
2024-09-18 11:17:06.469000,416.2668231894872,96
2024-09-18 11:17:06.486000,416.3062051337946,97
2024-09-18 11:17:06.493000,416.3177535125195,7
2024-09-18 11:17:06.512000,416.2554491893657,99
2024-09-18 11:17:06.609000,416.2848719414745,1003
2024-09-18 11:17:06.812000,416.2440357783732,14
2024-09-18 11:17:06.851000,416.3207928378897,996
2024-09-18 11:17:06.901000,416.3140595877105,14
2024-09-18 11:17:06.952000,416.2520451869637,95
2024-09-18 11:17:06.961000,416.3040522757036,1002
2024-09-18 11:17:06.973000,416.2867000304472,996
2024-09-18 11:17:07.064000,416.2991058190529,97
2024-09-18 11:17:07.104000,416.3119685748125,996
2024-09-18 11:17:07.108000,416.250018958021,96
2024-09-18 11:17:07.158000,416.223048125898,10
2024-09-18 11:17:07.300000,416.2594681096167,96
2024-09-18 11:17:07.321000,416.25213450973416,996
2024-09-18 11:17:07.325000,416.293839944452,15
2024-09-18 11:17:07.351000,416.31489355053503,1001
2024-09-18 11:17:07.364000,416.2972419211501,999
2024-09-18 11:17:07.396000,416.3216768744165,1004
2024-09-18 11:17:07.411000,416.3019167969576,996
2024-09-18 11:17:07.429000,416.23656453390055,9
2024-09-18 11:17:07.502000,416.3019600352037,99
2024-09-18 11:17:07.600000,416.28694041330897,1000
2024-09-18 11:17:07.618000,416.2739027122405,104
2024-09-18 11:17:07.656000,416.2856280096257,5
2024-09-18 11:17:07.672000,416.3178101716124,10
2024-09-18 11:17:07.756000,416.2527510730607,7
2024-09-18 11:17:07.781000,416.280984626828,10
2024-09-18 11:17:07.805000,416.29443849031327,7
2024-09-18 11:17:07.840000,416.321877798792,15
2024-09-18 11:17:07.860000,416.30358571002665,14
2024-09-18 11:17:07.926000,416.2700770737775,997
2024-09-18 11:17:08.016000,416.2149489692932,12
2024-09-18 11:17:08.163000,416.1994508401103,11
2024-09-18 11:17:08.176000,416.2157074797471,96
2024-09-18 11:17:08.183000,416.199307612361,9
2024-09-18 11:17:08.315000,416.2245131660164,100
2024-09-18 11:17:08.438000,416.2078038850803,104
2024-09-18 11:17:08.496000,416.204586342744,5
2024-09-18 11:17:08.562000,416.1958377678416,8
2024-09-18 11:17:08.599000,416.2136975985319,10
2024-09-18 11:17:08.775000,416.2584873390609,15
2024-09-18 11:17:08.793000,416.22649088067874,95
2024-09-18 11:17:08.831000,416.2356092354218,99
2024-09-18 11:17:08.994000,416.21796759752266,7
2024-09-18 11:17:09.406000,416.15855179111,1003
2024-09-18 11:17:09.734000,416.172133711046,15
2024-09-18 11:17:09.760000,416.1387214253375,1005
2024-09-18 11:17:09.824000,416.1763091044345,101
2024-09-18 11:17:09.841000,416.1446282863954,997
2024-09-18 11:17:10.059000,416.1193979403494,95
2024-09-18 11:17:10.122000,416.139968794372,10
2024-09-18 11:17:10.136000,416.1458502617634,15
2024-09-18 11:17:10.285000,416.14601785658346,996
2024-09-18 11:17:10.375000,416.15070828492577,999
2024-09-18 11:17:10.384000,416.1370949293377,1003
2024-09-18 11:17:10.475000,416.1396032523042,1001
2024-09-18 11:17:10.480000,416.1342004288211,1000
2024-09-18 11:17:10.503000,416.1550172160855,96
2024-09-18 11:17:10.513000,416.1429703743165,11
2024-09-18 11:17:10.560000,416.1292428058573,1001
2024-09-18 11:17:10.643000,416.1305621468544,10
2024-09-18 11:17:10.702000,416.1435437625474,9
2024-09-18 11:17:10.736000,416.13837687183184,96
2024-09-18 11:17:10.750000,416.1390058353744,15
2024-09-18 11:17:10.751000,416.1470117737856,102
2024-09-18 11:17:10.846000,416.12717666011577,1004
2024-09-18 11:17:10.849000,416.1392507266975,8
2024-09-18 11:17:10.871000,416.15293996545233,9
2024-09-18 11:17:11,416.1381637444864,999
2024-09-18 11:17:11.001000,416.0457308911874,101
2024-09-18 11:17:11.039000,416.0125060485413,12
2024-09-18 11:17:11.084000,415.992497686379,1002
2024-09-18 11:17:11.087000,415.98903277150254,10
2024-09-18 11:17:11.109000,416.0756398153773,96
2024-09-18 11:17:11.198000,416.0582640316634,1001
2024-09-18 11:17:11.209000,416.0049267275705,5
2024-09-18 11:17:11.351000,415.979473048063,1005
2024-09-18 11:17:11.410000,416.06193564315856,102
2024-09-18 11:17:11.437000,415.9841740924064,104
2024-09-18 11:17:11.498000,416.0050370371159,7
2024-09-18 11:17:11.530000,416.06785494928135,104
2024-09-18 11:17:11.552000,416.1409742038695,995
2024-09-18 11:17:11.643000,416.0341013590629,1004
2024-09-18 11:17:11.705000,416.1146569528692,97
2024-09-18 11:17:11.726000,416.12392582306126,98
2024-09-18 11:17:11.742000,416.0008619027251,1003
2024-09-18 11:17:11.770000,416.0693717730638,1003
2024-09-18 11:17:11.778000,416.0944570096193,12
2024-09-18 11:17:11.779000,416.0187149036682,96
2024-09-18 11:17:11.793000,415.9820716557292,95
2024-09-18 11:17:11.850000,416.0545846614096,104
2024-09-18 11:17:11.878000,416.0536744355213,102
2024-09-18 11:17:11.976000,416.01137687171655,1005
2024-09-18 11:17:12.005000,415.9939643864114,1004
2024-09-18 11:17:12.044000,415.9745076387816,102
2024-09-18 11:17:12.055000,415.9675744228053,9
2024-09-18 11:17:12.138000,416.0128831168666,6
2024-09-18 11:17:12.140000,416.008732846942,1003
2024-09-18 11:17:12.159000,416.0060651123663,9
2024-09-18 11:17:12.177000,415.9877450321504,103
2024-09-18 11:17:12.200000,415.94942149381467,96
2024-09-18 11:17:12.255000,416.0264394184226,104
2024-09-18 11:17:12.314000,415.95679912865154,12
2024-09-18 11:17:12.366000,415.972388852606,15
2024-09-18 11:17:12.427000,415.96460643869216,1001
2024-09-18 11:17:12.433000,415.9896808681492,7
2024-09-18 11:17:12.504000,415.9534987465175,997
2024-09-18 11:17:12.582000,416.0110052533237,995
2024-09-18 11:17:12.607000,415.9685396345448,1001
2024-09-18 11:17:12.614000,415.9956851652218,13
2024-09-18 11:17:12.658000,415.9811533976236,998
2024-09-18 11:17:12.848000,415.9956387705145,105
2024-09-18 11:17:12.886000,416.0075938376143,8
2024-09-18 11:17:12.896000,415.9501020094686,100
2024-09-18 11:17:12.927000,415.9975891172866,104
2024-09-18 11:17:12.939000,415.9567920942623,1001
2024-09-18 11:17:12.977000,415.9697007972798,7
2024-09-18 11:17:13.041000,416.0027699646718,97
2024-09-18 11:17:13.195000,415.9798541155668,997
2024-09-18 11:17:13.313000,416.0040405747547,5
2024-09-18 11:17:13.352000,415.999620530833,100
2024-09-18 11:17:13.458000,416.008652846986,104
2024-09-18 11:17:13.473000,415.998673006882,1003
2024-09-18 11:17:13.595000,415.98854886554807,1003
2024-09-18 11:17:13.850000,415.9891150148226,100
2024-09-18 11:17:13.974000,415.99325574756585,999
2024-09-18 11:17:14.131000,416.0273162598869,6
2024-09-18 11:17:14.206000,416.0055708007766,103
2024-09-18 11:17:14.336000,416.0067480275972,11
2024-09-18 11:17:14.439000,416.00768881139714,996
2024-09-18 11:17:14.643000,416.0643179542136,1001
2024-09-18 11:17:14.654000,416.0199074794481,100
2024-09-18 11:17:14.699000,416.0104992195289,100
2024-09-18 11:17:14.743000,416.0401034639122,96
2024-09-18 11:17:14.828000,416.038088496209,105
2024-09-18 11:17:14.927000,416.0141978294235,103
2024-09-18 11:17:14.995000,416.0200884474595,6
2024-09-18 11:17:15.017000,416.0280041711796,997
2024-09-18 11:17:15.045000,416.0132953837357,5
2024-09-18 11:17:15.185000,416.0509609190199,103
2024-09-18 11:17:15.428000,415.98074230626617,1003
2024-09-18 11:17:15.486000,415.99839976891457,1003
2024-09-18 11:17:15.501000,415.9788142028912,99
2024-09-18 11:17:15.555000,416.05412508412365,996
2024-09-18 11:17:15.646000,415.9987000216478,995
2024-09-18 11:17:15.700000,416.05631015196553,12
2024-09-18 11:17:15.700000,416.0194148101818,15
2024-09-18 11:17:15.708000,416.01636266101497,13
2024-09-18 11:17:15.747000,416.0620812547199,98
2024-09-18 11:17:16.199000,416.0451958925423,998
2024-09-18 11:17:16.310000,415.9828698431964,1002
2024-09-18 11:17:16.396000,416.0841380313306,14
2024-09-18 11:17:16.417000,416.0101222214844,14
2024-09-18 11:17:16.527000,416.0392279871854,6
2024-09-18 11:17:16.567000,416.06865962308376,996
2024-09-18 11:17:16.661000,416.0775079189473,6
2024-09-18 11:17:16.682000,416.071999596096,999
2024-09-18 11:17:16.790000,416.0609926256275,1001
2024-09-18 11:17:16.856000,416.0757071408826,7
2024-09-18 11:17:16.883000,416.0996347790745,1004
2024-09-18 11:17:16.925000,416.082881336056,97
2024-09-18 11:17:16.939000,416.0001028247617,95
2024-09-18 11:17:16.954000,416.0185456163982,95
2024-09-18 11:17:17.091000,416.0203067660075,97
2024-09-18 11:17:17.159000,415.9986599494304,101
2024-09-18 11:17:17.210000,415.9988644841942,97
2024-09-18 11:17:17.219000,416.0146230350777,7
2024-09-18 11:17:17.239000,416.043152616456,97
2024-09-18 11:17:17.255000,415.9830235398928,97
2024-09-18 11:17:17.259000,416.0454500050277,995
2024-09-18 11:17:17.274000,416.0109713503354,6
2024-09-18 11:17:17.277000,416.0026778567012,13
2024-09-18 11:17:17.326000,416.0315523631419,995
2024-09-18 11:17:17.545000,416.0639945731273,8
2024-09-18 11:17:17.555000,415.9876833736707,9
2024-09-18 11:17:17.676000,416.0187616785093,12
2024-09-18 11:17:17.680000,416.04466979568406,9
2024-09-18 11:17:17.771000,416.01521255126977,12
2024-09-18 11:17:17.792000,415.9860576642823,998
2024-09-18 11:17:17.859000,415.9944904089308,6
2024-09-18 11:17:17.945000,416.0079451986878,998
2024-09-18 11:17:18.091000,416.0363135451252,101
2024-09-18 11:17:18.327000,415.9988433481065,1005
2024-09-18 11:17:18.360000,415.9811269030563,10
2024-09-18 11:17:18.522000,416.0914131129318,15
2024-09-18 11:17:18.526000,416.0567624983348,1002
2024-09-18 11:17:18.554000,415.9817835765023,15
2024-09-18 11:17:18.563000,415.9829854390852,105
2024-09-18 11:17:18.692000,416.063939102544,13
2024-09-18 11:17:18.754000,415.9845487895066,95
2024-09-18 11:17:18.772000,416.0468280334204,1004
2024-09-18 11:17:18.797000,416.0407480691538,97
2024-09-18 11:17:18.830000,416.0837371520344,996
2024-09-18 11:17:18.883000,416.05196124145385,105
2024-09-18 11:17:18.931000,415.9798943715514,104
2024-09-18 11:17:18.971000,416.0149098291954,105
2024-09-18 11:17:18.973000,415.9905964788532,8
2024-09-18 11:17:19.097000,416.07784050279776,8
2024-09-18 11:17:19.120000,416.0647193196106,1001
2024-09-18 11:17:19.245000,416.0782925291552,14
2024-09-18 11:17:19.255000,416.0789529536966,11
2024-09-18 11:17:19.423000,416.06945334798826,101
2024-09-18 11:17:19.479000,416.06171597133664,1002
2024-09-18 11:17:19.492000,416.06136936170736,104
2024-09-18 11:17:19.829000,416.05082865316194,10
2024-09-18 11:17:19.841000,416.0853330153088,1005
2024-09-18 11:17:19.857000,416.0523370824369,11
2024-09-18 11:17:19.949000,416.0720461201431,998
2024-09-18 11:17:20.784000,416.0526261962421,100
2024-09-18 11:17:21.009000,416.1057730635593,1005
2024-09-18 11:17:21.073000,416.1107230715154,1005
2024-09-18 11:17:21.087000,416.1173840693887,105
2024-09-18 11:17:21.103000,416.1128028488049,1005
2024-09-18 11:17:21.163000,416.1108348669286,10
2024-09-18 11:17:21.238000,416.1263150118929,10
2024-09-18 11:17:21.301000,416.03717818025234,102
2024-09-18 11:17:21.393000,416.1016978885541,1003
2024-09-18 11:17:21.398000,416.0923769162513,1000
2024-09-18 11:17:21.446000,416.0350782075196,996
2024-09-18 11:17:21.573000,416.1309914831951,13
2024-09-18 11:17:21.605000,416.1076654634173,98
2024-09-18 11:17:21.655000,416.0821034807764,7
2024-09-18 11:17:21.849000,416.03454730400745,101
2024-09-18 11:17:21.870000,416.0543848370984,997
2024-09-18 11:17:21.885000,416.119676647504,6
2024-09-18 11:17:21.957000,416.1193817065024,98
2024-09-18 11:17:22.040000,416.0531687483076,8
2024-09-18 11:17:22.089000,416.065382787385,13
2024-09-18 11:17:22.098000,416.040846208844,96
2024-09-18 11:17:22.128000,416.092143274652,12
2024-09-18 11:17:22.133000,416.0087197616586,6
2024-09-18 11:17:22.150000,416.0565912207113,8
2024-09-18 11:17:22.226000,416.0514924886573,97
2024-09-18 11:17:22.289000,416.0039200126776,6
2024-09-18 11:17:22.330000,416.05926791904767,997
2024-09-18 11:17:22.336000,416.0250592634247,98
2024-09-18 11:17:22.347000,416.1037778717516,1003
2024-09-18 11:17:22.397000,416.10252243221,11
2024-09-18 11:17:22.424000,416.1125263595402,1000
2024-09-18 11:17:22.446000,416.0750067866829,98
2024-09-18 11:17:22.511000,416.0443635120208,97
2024-09-18 11:17:22.516000,416.0926912239561,1003
2024-09-18 11:17:22.545000,416.01259018332064,1000
2024-09-18 11:17:22.557000,416.119726278589,6
2024-09-18 11:17:22.576000,416.06860767269984,5
2024-09-18 11:17:22.613000,416.0568250135153,998
2024-09-18 11:17:22.685000,416.0795835482562,1003
2024-09-18 11:17:22.744000,416.0366397875724,95
2024-09-18 11:17:22.775000,416.0533865725889,7
2024-09-18 11:17:22.779000,416.1201057113035,96
2024-09-18 11:17:22.791000,416.0155119182793,96
2024-09-18 11:17:22.912000,416.0307799400818,96
2024-09-18 11:17:22.942000,416.0967475082451,97
2024-09-18 11:17:22.985000,416.09027160997215,97
2024-09-18 11:17:22.998000,416.052670112608,100
2024-09-18 11:17:23.002000,416.0150918602096,99
2024-09-18 11:17:23.004000,416.00056569716895,102
2024-09-18 11:17:23.050000,416.025434225346,103
2024-09-18 11:17:23.059000,416.0408323080585,13
2024-09-18 11:17:23.103000,416.0014859117363,1002
2024-09-18 11:17:23.158000,416.05087534316107,10
2024-09-18 11:17:23.163000,416.00012301659694,1003
2024-09-18 11:17:23.232000,416.0204128391614,1000
2024-09-18 11:17:23.273000,416.0107166278476,100
2024-09-18 11:17:23.321000,416.0051626812033,998
2024-09-18 11:17:23.331000,416.0018700604759,995
2024-09-18 11:17:23.334000,416.05957990707736,102
2024-09-18 11:17:23.382000,416.0679849963756,1000
2024-09-18 11:17:23.385000,415.9987354198547,999
2024-09-18 11:17:23.404000,416.0045542394591,11
2024-09-18 11:17:23.417000,416.02090549255576,10
2024-09-18 11:17:23.473000,416.0026987847608,96
2024-09-18 11:17:23.549000,416.04934644529294,1003
2024-09-18 11:17:23.648000,416.0551140181767,95
2024-09-18 11:17:23.681000,416.06198330494175,99
2024-09-18 11:17:23.689000,416.0384988535315,6
2024-09-18 11:17:23.783000,416.0496832731805,13
2024-09-18 11:17:23.788000,416.05186270942175,11
2024-09-18 11:17:23.910000,416.05587906411415,997
2024-09-18 11:17:23.921000,416.0290128777964,13
2024-09-18 11:17:23.960000,416.04794801634216,998
2024-09-18 11:17:23.977000,416.0074062644821,105
2024-09-18 11:17:24.093000,416.0413340750838,103
2024-09-18 11:17:24.154000,416.0402320753069,6
2024-09-18 11:17:24.284000,416.0397114500745,13
2024-09-18 11:17:24.298000,416.0338426884093,12
2024-09-18 11:17:24.306000,416.0326541816533,104
2024-09-18 11:17:24.415000,416.0349605915931,105
2024-09-18 11:17:24.551000,416.0327364349272,105
2024-09-18 11:17:24.692000,416.0325131800287,97
2024-09-18 11:17:24.847000,416.0449150701673,997
2024-09-18 11:17:24.868000,416.0427797615425,996
2024-09-18 11:17:25.081000,416.0360660025132,95
2024-09-18 11:17:25.374000,416.03007213609607,101
2024-09-18 11:17:25.400000,416.0506535988061,1003
2024-09-18 11:17:25.440000,416.0320488208829,995
2024-09-18 11:17:26.138000,416.0203869348907,99
2024-09-18 11:17:26.152000,416.0019460847965,96
2024-09-18 11:17:26.179000,415.9562347976215,9
2024-09-18 11:17:27.237000,415.96630296389833,104
2024-09-18 11:17:28.005000,415.97278081206304,995
2024-09-18 11:17:28.035000,415.971569178994,103
2024-09-18 11:17:28.050000,416.0013557969135,13
2024-09-18 11:17:28.128000,415.9850715576135,6
2024-09-18 11:17:28.277000,416.00369377882566,995
2024-09-18 11:17:28.332000,415.98022026683134,999
2024-09-18 11:17:28.364000,416.0082013869555,999
2024-09-18 11:17:28.394000,416.0162109201357,1001
2024-09-18 11:17:28.396000,416.0122251242831,97
2024-09-18 11:17:28.504000,415.9977412882946,1003
2024-09-18 11:17:28.507000,416.00828760397553,102
2024-09-18 11:17:28.559000,415.961847391274,104
2024-09-18 11:17:28.658000,415.9711900763853,105
2024-09-18 11:17:28.711000,416.00569122998127,11
2024-09-18 11:17:28.713000,415.9890268853728,1005
2024-09-18 11:17:28.729000,415.9955052250783,1005
2024-09-18 11:17:28.836000,416.00795474720246,1002
2024-09-18 11:17:28.838000,415.9603889231613,12
2024-09-18 11:17:28.839000,415.9709209469622,15
2024-09-18 11:17:28.848000,415.9787244861682,101
2024-09-18 11:17:28.897000,415.99135652729154,5
2024-09-18 11:17:28.925000,415.9874688754165,105
2024-09-18 11:17:28.932000,415.9935964922419,13
2024-09-18 11:17:28.933000,415.9815860055281,1001
2024-09-18 11:17:29.084000,415.9989481346285,98
2024-09-18 11:17:29.116000,416.02087285283625,96
2024-09-18 11:17:29.285000,416.0158825255498,13
2024-09-18 11:17:29.477000,416.0030203454049,95
2024-09-18 11:17:29.503000,416.0094248785942,996
2024-09-18 11:17:29.516000,416.0060589644643,11
2024-09-18 11:17:29.524000,416.0132674275953,12
2024-09-18 11:17:29.582000,416.01638313660106,102
2024-09-18 11:17:29.600000,415.99088894525977,7
2024-09-18 11:17:29.609000,416.01437715403534,1005
2024-09-18 11:17:29.610000,416.0172455634868,105
2024-09-18 11:17:29.662000,416.0172680724919,1002
2024-09-18 11:17:29.751000,416.0170298708444,1003
2024-09-18 11:17:29.788000,416.0197444736833,997
2024-09-18 11:17:29.867000,415.9924919793728,1004
2024-09-18 11:17:30.013000,415.97633835153454,105
2024-09-18 11:17:30.030000,416.0102698685034,7
2024-09-18 11:17:30.058000,415.9884441656438,1005
2024-09-18 11:17:30.082000,415.97321924992303,1005
2024-09-18 11:17:30.103000,415.97614226315073,999
2024-09-18 11:17:30.147000,415.98367204846727,15
2024-09-18 11:17:30.151000,415.981431955315,98
2024-09-18 11:17:30.154000,415.9652493659996,7
2024-09-18 11:17:30.171000,415.9574281624693,10
2024-09-18 11:17:30.189000,416.00224666953886,997
2024-09-18 11:17:30.205000,415.95508365015786,1000
2024-09-18 11:17:30.212000,415.94655523902645,7
2024-09-18 11:17:30.262000,415.94312990627526,102
2024-09-18 11:17:30.282000,415.9757720684082,101
2024-09-18 11:17:30.306000,415.9652225572455,1000
2024-09-18 11:17:30.370000,415.9780591640342,9
2024-09-18 11:17:30.453000,415.99351357961007,14
2024-09-18 11:17:30.544000,416.008038098558,96
2024-09-18 11:17:30.599000,415.95871399376784,5
2024-09-18 11:17:30.614000,416.0051604231375,998
2024-09-18 11:17:30.643000,415.9762584598014,100
2024-09-18 11:17:30.688000,415.97088178359,1001
2024-09-18 11:17:30.691000,415.96938737178976,10
2024-09-18 11:17:30.709000,415.9462503098171,95
2024-09-18 11:17:30.722000,416.0208108955747,12
2024-09-18 11:17:30.771000,415.9619023731681,997
2024-09-18 11:17:30.800000,416.01051548054375,1002
2024-09-18 11:17:30.825000,415.9843105449652,7
2024-09-18 11:17:30.936000,415.9974886242284,14
2024-09-18 11:17:30.981000,416.0096329170405,104
2024-09-18 11:17:31.026000,416.07743678897145,13
2024-09-18 11:17:31.061000,415.9585690704279,5
2024-09-18 11:17:31.133000,415.94617154102457,999
2024-09-18 11:17:31.151000,416.00335152664064,104
2024-09-18 11:17:31.294000,416.0261777090813,1004
2024-09-18 11:17:31.316000,416.0535878484732,95
2024-09-18 11:17:31.358000,416.0002739771728,10
2024-09-18 11:17:31.426000,416.0276170740056,6
2024-09-18 11:17:31.445000,416.0011011934016,13
2024-09-18 11:17:31.476000,416.03308708949487,1002
2024-09-18 11:17:31.482000,416.0343366834657,999
2024-09-18 11:17:31.504000,416.1128440110204,999
2024-09-18 11:17:31.565000,416.0016415693971,1003
2024-09-18 11:17:31.566000,416.08254247131566,96
2024-09-18 11:17:31.661000,415.9874892428282,102
2024-09-18 11:17:31.681000,415.9958370205188,1002
2024-09-18 11:17:31.685000,415.96541507107554,999
2024-09-18 11:17:31.736000,416.025569167135,995
2024-09-18 11:17:31.766000,415.9674870933274,102
2024-09-18 11:17:31.824000,416.0930908182385,13
2024-09-18 11:17:31.838000,416.09179354156703,105
2024-09-18 11:17:31.867000,415.95949270718944,101
2024-09-18 11:17:31.973000,416.09290669217,101
2024-09-18 11:17:32.086000,416.1757410889047,12
2024-09-18 11:17:32.102000,416.1578360536296,5
2024-09-18 11:17:32.299000,416.1270667004804,98
2024-09-18 11:17:32.631000,416.1639693171719,104
2024-09-18 11:17:32.678000,416.161503477023,96
2024-09-18 11:17:32.721000,416.1425515090682,999
2024-09-18 11:17:33.149000,416.14529755846655,97
2024-09-18 11:17:33.169000,416.1215567735708,1001
2024-09-18 11:17:33.333000,416.1488133284501,7
2024-09-18 11:17:33.438000,416.1387290857516,98
2024-09-18 11:17:33.687000,416.1443327794933,102
2024-09-18 11:17:33.690000,416.16661190630094,8
2024-09-18 11:17:33.819000,416.1271290304271,5
2024-09-18 11:17:34.008000,416.08513184563975,11
2024-09-18 11:17:34.410000,416.1142684967865,101
2024-09-18 11:17:34.422000,416.1286915553113,5
2024-09-18 11:17:34.565000,416.11622177748615,101
2024-09-18 11:17:34.571000,416.1319226031292,1002
2024-09-18 11:17:34.675000,416.1296269342,95
2024-09-18 11:17:34.708000,416.0970298259021,97
2024-09-18 11:17:35.874000,416.0900687027633,13
2024-09-18 11:17:36.063000,416.0594801105952,9
2024-09-18 11:17:36.135000,416.0498673248591,102
2024-09-18 11:17:36.157000,416.0284098170436,99
2024-09-18 11:17:36.270000,416.0582545910176,12
2024-09-18 11:17:36.276000,416.0425661789768,7
2024-09-18 11:17:36.315000,416.0525301358289,15
2024-09-18 11:17:36.343000,416.0340438514657,9
2024-09-18 11:17:36.358000,416.041826587478,999
2024-09-18 11:17:36.388000,416.0600999654562,999
2024-09-18 11:17:36.637000,416.0628307386659,105
2024-09-18 11:17:36.695000,416.04249572920526,1003
2024-09-18 11:17:36.757000,416.0461153266328,9
2024-09-18 11:17:36.919000,416.0508830153381,103
2024-09-18 11:17:37.289000,416.1028840634928,102
2024-09-18 11:17:37.482000,416.0776980654297,104
2024-09-18 11:17:37.732000,416.1051357392233,5
2024-09-18 11:17:38.036000,416.10036240238986,1001
2024-09-18 11:17:38.111000,416.10928222618674,10
2024-09-18 11:17:38.147000,416.0966629152184,1000
2024-09-18 11:17:38.198000,416.08415984874574,8
2024-09-18 11:17:38.220000,416.10838302317495,95
2024-09-18 11:17:38.283000,416.0953427258511,99
2024-09-18 11:17:38.285000,416.0991424098854,103
2024-09-18 11:17:38.454000,416.0854052142511,996
2024-09-18 11:17:38.505000,416.07976218758273,1000
2024-09-18 11:17:38.599000,416.0818049263045,103
2024-09-18 11:17:38.649000,416.0887093320606,9
2024-09-18 11:17:38.653000,416.1080907510863,1005
2024-09-18 11:17:38.836000,416.0910791413669,999
2024-09-18 11:17:38.848000,416.0816823723629,6
2024-09-18 11:17:38.852000,416.1007520100198,13
2024-09-18 11:17:38.970000,416.0785606786985,9
2024-09-18 11:17:39.220000,416.0622064034649,7
2024-09-18 11:17:39.301000,416.0553563599213,996
2024-09-18 11:17:39.384000,416.073503937816,95
2024-09-18 11:17:39.500000,416.0613531465439,995
2024-09-18 11:17:39.721000,416.07904809480215,11
2024-09-18 11:17:39.855000,416.0561088785016,1002
2024-09-18 11:17:39.924000,416.0617275042721,999
2024-09-18 11:17:39.957000,416.0605726143763,1000
2024-09-18 11:17:40.207000,416.0576161225238,105
2024-09-18 11:17:40.273000,416.0487872807566,104
2024-09-18 11:17:40.380000,416.0795103259711,102
2024-09-18 11:17:40.650000,416.0753542875223,14
2024-09-18 11:17:40.755000,416.04182663953617,97
2024-09-18 11:17:40.897000,416.0753180960271,999
2024-09-18 11:17:40.912000,416.05775281836185,5
2024-09-18 11:17:41.027000,415.9712178721815,13
2024-09-18 11:17:41.032000,415.9843861058749,10
2024-09-18 11:17:41.048000,415.982540039246,7
2024-09-18 11:17:41.061000,416.0129636308731,101
2024-09-18 11:17:41.090000,416.0015759947292,8
2024-09-18 11:17:41.140000,416.04871975784727,101
2024-09-18 11:17:41.151000,416.00752890474143,95
2024-09-18 11:17:41.178000,416.0410769205104,1001
2024-09-18 11:17:41.192000,416.0102655141639,995
2024-09-18 11:17:41.242000,415.9684355807837,998
2024-09-18 11:17:41.253000,416.03607109610897,996
2024-09-18 11:17:41.322000,416.0478804872138,1005
2024-09-18 11:17:41.392000,415.9862662237476,1004
2024-09-18 11:17:41.396000,416.0035611006384,11
2024-09-18 11:17:41.613000,416.0430070036946,100
2024-09-18 11:17:41.655000,415.98825060591946,14
2024-09-18 11:17:41.687000,415.9966874176087,99
2024-09-18 11:17:41.726000,416.0735958782706,97
2024-09-18 11:17:41.727000,415.9858499596157,8
2024-09-18 11:17:41.762000,416.0260154436129,8
2024-09-18 11:17:41.855000,416.0345545765984,105
2024-09-18 11:17:41.884000,416.02884832494175,1003
2024-09-18 11:17:41.924000,416.0281477762262,99
2024-09-18 11:17:42.004000,415.99179618632735,7
2024-09-18 11:17:42.123000,415.9701822291669,1002
2024-09-18 11:17:42.154000,415.9996660850249,99
2024-09-18 11:17:42.161000,415.9887848651048,100
2024-09-18 11:17:42.178000,415.9816404715003,999
2024-09-18 11:17:42.241000,415.984345750204,1002
2024-09-18 11:17:42.242000,415.97505037110994,102
2024-09-18 11:17:42.268000,415.9604492295581,97
2024-09-18 11:17:42.278000,415.9805535735093,98
2024-09-18 11:17:42.283000,415.9845877824352,14
2024-09-18 11:17:42.285000,415.95828876838993,1003
2024-09-18 11:17:42.360000,415.9697516625664,15
2024-09-18 11:17:42.409000,416.0041762564414,11
2024-09-18 11:17:42.459000,415.9871890971891,13
2024-09-18 11:17:42.478000,415.9509373271596,996
2024-09-18 11:17:42.540000,415.9806081410832,8
2024-09-18 11:17:42.650000,415.9667748355397,5
2024-09-18 11:17:42.705000,415.9582682967807,15
2024-09-18 11:17:42.715000,415.9623048420378,15
2024-09-18 11:17:42.741000,415.9869758875825,998
2024-09-18 11:17:42.771000,415.9792534268813,102
2024-09-18 11:17:43.010000,415.97812650287045,98
2024-09-18 11:17:43.033000,415.9651650645064,15
2024-09-18 11:17:43.060000,415.9929968352752,13
2024-09-18 11:17:43.084000,415.9834141761508,1001
2024-09-18 11:17:43.166000,415.9776562847286,100
2024-09-18 11:17:43.198000,415.9751221315444,103
2024-09-18 11:17:43.210000,415.9368930483348,96
2024-09-18 11:17:43.212000,415.9432575695838,101
2024-09-18 11:17:43.268000,415.9973234807152,99
2024-09-18 11:17:43.282000,416.0033448063572,1000
2024-09-18 11:17:43.344000,415.97431622127147,15
2024-09-18 11:17:43.388000,415.96112881248143,1003
2024-09-18 11:17:43.442000,415.9451424417732,1003
2024-09-18 11:17:43.557000,415.99125251832857,101
2024-09-18 11:17:43.574000,415.95766393934673,7
2024-09-18 11:17:43.601000,415.9503005197646,99
2024-09-18 11:17:43.611000,415.96924051090974,101
2024-09-18 11:17:43.625000,415.9497580558671,13
2024-09-18 11:17:43.634000,416.0227761270032,95
2024-09-18 11:17:43.646000,415.9448828756205,105
2024-09-18 11:17:43.752000,415.9723173169231,997
2024-09-18 11:17:43.858000,415.9909389414057,1002
2024-09-18 11:17:43.878000,416.0019265242904,102
2024-09-18 11:17:43.902000,415.98692373783234,6
2024-09-18 11:17:43.903000,415.9716367628032,15
2024-09-18 11:17:43.928000,416.04154183350505,102
2024-09-18 11:17:43.977000,415.94181369885416,98
2024-09-18 11:17:43.983000,415.9749180972331,12
2024-09-18 11:17:44.022000,416.03253240333856,12
2024-09-18 11:17:44.037000,416.02583186950994,1004
2024-09-18 11:17:44.053000,416.03687838447127,103
2024-09-18 11:17:44.065000,415.9883203997202,101
2024-09-18 11:17:44.125000,416.02714560372976,6
2024-09-18 11:17:44.182000,416.01398735888046,14
2024-09-18 11:17:44.191000,416.0498410508733,1004
2024-09-18 11:17:44.357000,416.0423401022907,105
2024-09-18 11:17:44.392000,416.0382140406037,5
2024-09-18 11:17:44.501000,416.0485375553644,1001
2024-09-18 11:17:44.603000,416.04583218274814,995
2024-09-18 11:17:44.646000,416.0569125971597,1003
2024-09-18 11:17:44.673000,416.0158110784375,12
2024-09-18 11:17:44.721000,416.0192301097736,5
2024-09-18 11:17:44.787000,416.0248135976482,99
2024-09-18 11:17:44.818000,415.9941695728455,95
2024-09-18 11:17:44.846000,416.053215405417,996
2024-09-18 11:17:44.876000,416.0400577803399,97
2024-09-18 11:17:44.972000,416.0387162941759,15
2024-09-18 11:17:45.175000,416.0332555585114,14
2024-09-18 11:17:45.335000,416.0313860033031,6
2024-09-18 11:17:45.345000,416.0269631795291,14
2024-09-18 11:17:45.355000,416.0190331027852,1004
2024-09-18 11:17:45.559000,416.02124784435466,1003
2024-09-18 11:17:45.734000,416.0241127135353,95
2024-09-18 11:17:45.948000,416.01642064470616,6
2024-09-18 11:17:46.177000,415.9855757912783,1004
2024-09-18 11:17:46.246000,416.0098645515303,8
2024-09-18 11:17:46.424000,415.9916941437772,95
2024-09-18 11:17:46.492000,415.9922044828076,14
2024-09-18 11:17:47.087000,415.9426717356062,996
2024-09-18 11:17:47.159000,415.9698830049908,1000
2024-09-18 11:17:47.176000,415.98388139811885,1004
2024-09-18 11:17:47.249000,415.92980993711234,12
2024-09-18 11:17:47.260000,415.9688849387247,15
2024-09-18 11:17:47.368000,415.9653074470338,997
2024-09-18 11:17:47.411000,415.98484956920464,12
2024-09-18 11:17:47.411000,415.9572794184719,15
2024-09-18 11:17:47.477000,415.95318101236296,97
2024-09-18 11:17:47.497000,415.9508485291615,996
2024-09-18 11:17:47.512000,415.9776691393184,996
2024-09-18 11:17:47.532000,415.9913572074994,7
2024-09-18 11:17:47.713000,415.950749296013,95
2024-09-18 11:17:47.722000,415.98120656202,97
2024-09-18 11:17:47.768000,415.9467464299673,1003
2024-09-18 11:17:47.825000,415.9706001354258,104
2024-09-18 11:17:47.939000,415.9227677949099,999
2024-09-18 11:17:47.985000,415.9402354685577,1004
2024-09-18 11:17:48.086000,415.9669879106018,8
2024-09-18 11:17:48.181000,415.9762647119555,103
2024-09-18 11:17:48.186000,415.9568302723283,1004
2024-09-18 11:17:48.216000,415.9900154594652,95
2024-09-18 11:17:48.347000,415.9632485396236,11
2024-09-18 11:17:48.387000,415.9565776888892,998
2024-09-18 11:17:48.447000,415.9926012882916,10
2024-09-18 11:17:48.614000,415.96183747278695,15
2024-09-18 11:17:48.638000,415.968752005634,1004
2024-09-18 11:17:48.819000,415.9800665248271,103
2024-09-18 11:17:48.856000,415.958254431001,998
2024-09-18 11:17:48.921000,415.9845482968034,100
2024-09-18 11:17:49.001000,415.9487075627198,102
2024-09-18 11:17:49.065000,416.0060160449851,101
2024-09-18 11:17:49.066000,415.95360184945145,1003
2024-09-18 11:17:49.096000,416.0026525599639,8
2024-09-18 11:17:49.096000,416.00688863149816,101
2024-09-18 11:17:49.120000,416.0099937412455,101
2024-09-18 11:17:49.121000,416.0056693028065,1002
2024-09-18 11:17:49.185000,416.0050081868949,998
2024-09-18 11:17:49.242000,415.9868520017509,103
2024-09-18 11:17:49.251000,415.9635698840671,12
2024-09-18 11:17:49.433000,416.0238446881041,1002
2024-09-18 11:17:49.454000,415.95195665976536,12
2024-09-18 11:17:49.515000,416.0101539906665,95
2024-09-18 11:17:49.565000,416.0055130752818,1005
2024-09-18 11:17:49.577000,415.999766660886,96
2024-09-18 11:17:49.585000,415.98631429821074,102
2024-09-18 11:17:49.608000,415.99641795683976,1004
2024-09-18 11:17:49.645000,416.0239729873138,999
2024-09-18 11:17:49.654000,416.0097361848356,99
2024-09-18 11:17:49.716000,415.9978996436236,1002
2024-09-18 11:17:49.737000,416.0081116872808,995
2024-09-18 11:17:49.794000,416.0021528600925,99
2024-09-18 11:17:49.820000,415.945813595734,96
2024-09-18 11:17:49.872000,416.01876464365023,98
2024-09-18 11:17:49.883000,415.9983515641487,96
2024-09-18 11:17:49.938000,416.0070789077869,5
2024-09-18 11:17:50.184000,416.08605269013583,102
2024-09-18 11:17:50.190000,416.0144615941444,105
2024-09-18 11:17:50.279000,416.0721009488522,98
2024-09-18 11:17:50.287000,416.0220633959802,13
2024-09-18 11:17:50.288000,416.0115227811677,10
2024-09-18 11:17:50.541000,416.0111573764965,999
2024-09-18 11:17:50.548000,416.032532904384,999
2024-09-18 11:17:50.609000,416.0618640377497,997
2024-09-18 11:17:50.691000,416.0734060798459,96
2024-09-18 11:17:50.822000,416.04469161137774,1002
2024-09-18 11:17:50.852000,416.08953924991926,97
2024-09-18 11:17:50.918000,416.0368604422284,995
2024-09-18 11:17:50.926000,416.01138718550703,100
2024-09-18 11:17:51.031000,416.0785758751881,103
2024-09-18 11:17:51.178000,416.0773421719804,1004
2024-09-18 11:17:51.220000,416.0201923339331,105
2024-09-18 11:17:51.326000,416.0460703897436,996
2024-09-18 11:17:51.528000,416.0648244713622,101
2024-09-18 11:17:51.783000,416.0156493088402,998
2024-09-18 11:17:51.833000,415.9949873801785,102
2024-09-18 11:17:52.028000,416.0491639735812,1001
2024-09-18 11:17:52.149000,416.0548057401453,999
2024-09-18 11:17:52.162000,416.031835370761,98
2024-09-18 11:17:52.164000,416.0491677130136,11
2024-09-18 11:17:52.217000,415.9879834076868,99
2024-09-18 11:17:52.294000,416.04098811864935,103
2024-09-18 11:17:52.332000,415.99536337842005,996
2024-09-18 11:17:52.481000,416.0314485175364,1002
2024-09-18 11:17:52.593000,416.0099813546172,6
2024-09-18 11:17:52.602000,416.0132786286946,97
2024-09-18 11:17:52.673000,416.05497165887226,99
2024-09-18 11:17:52.899000,416.0580000291868,8
2024-09-18 11:17:52.922000,416.0547799856003,97
2024-09-18 11:17:52.937000,416.0090452512067,996
2024-09-18 11:17:52.960000,416.0353638874383,100
2024-09-18 11:17:53.001000,416.1301743442216,104
2024-09-18 11:17:53.023000,416.0566694910212,13
2024-09-18 11:17:53.056000,416.0882211258004,102
2024-09-18 11:17:53.098000,416.0931306946961,15
2024-09-18 11:17:53.114000,416.05729940916126,7
2024-09-18 11:17:53.123000,416.0560120888467,15
2024-09-18 11:17:53.149000,416.0513628480292,101
2024-09-18 11:17:53.187000,416.00971369390936,97
2024-09-18 11:17:53.383000,416.0655898054719,12
2024-09-18 11:17:53.390000,416.1103630047193,12
2024-09-18 11:17:53.407000,416.14662627025785,1004
2024-09-18 11:17:53.419000,416.1154472263615,995
2024-09-18 11:17:53.446000,416.0666264778345,1002
2024-09-18 11:17:53.461000,416.0990896274664,1003
2024-09-18 11:17:53.542000,416.0584620570261,97
2024-09-18 11:17:53.571000,416.0409923044009,998
2024-09-18 11:17:53.591000,416.1078776194413,998
2024-09-18 11:17:53.596000,416.0590099804171,1005
2024-09-18 11:17:53.624000,416.1125642757983,13
2024-09-18 11:17:53.664000,416.0822608695298,14
2024-09-18 11:17:53.668000,416.0284783573297,15
2024-09-18 11:17:53.692000,416.0280003076484,12
2024-09-18 11:17:53.698000,416.1174050754058,100
2024-09-18 11:17:53.786000,416.0536282184488,103
2024-09-18 11:17:53.834000,416.06842472362615,102
2024-09-18 11:17:53.863000,416.0257048389101,14
2024-09-18 11:17:53.939000,416.0451155503624,105
2024-09-18 11:17:53.987000,416.08753990894735,1004
2024-09-18 11:17:54.049000,416.1170151722023,1003
2024-09-18 11:17:54.090000,416.1109806482427,14
2024-09-18 11:17:54.117000,416.1391646792367,1000
2024-09-18 11:17:54.144000,416.103282692106,1000
2024-09-18 11:17:54.206000,416.1296185215404,999
2024-09-18 11:17:54.215000,416.1186185315982,13
2024-09-18 11:17:54.254000,416.10745279887686,12
2024-09-18 11:17:54.301000,416.1450838907932,11
2024-09-18 11:17:54.303000,416.1437903764837,104
2024-09-18 11:17:54.345000,416.10174417967295,1001
2024-09-18 11:17:54.347000,416.1856582698903,995
2024-09-18 11:17:54.431000,416.1050618901757,1005
2024-09-18 11:17:54.438000,416.1142421927197,1004
2024-09-18 11:17:54.554000,416.12460409430935,996
2024-09-18 11:17:54.634000,416.1763222339984,1004
2024-09-18 11:17:54.656000,416.1642175886946,97
2024-09-18 11:17:54.700000,416.1100225466568,11
2024-09-18 11:17:54.707000,416.16908283399846,97
2024-09-18 11:17:54.764000,416.13445356581377,103
2024-09-18 11:17:54.818000,416.1119443566296,10
2024-09-18 11:17:54.822000,416.1081367767185,9
2024-09-18 11:17:54.837000,416.16506553736326,995
2024-09-18 11:17:54.841000,416.10506215378297,995
2024-09-18 11:17:54.842000,416.1110150808815,997
2024-09-18 11:17:54.846000,416.1235680247793,13
2024-09-18 11:17:54.865000,416.1208101792503,99
2024-09-18 11:17:54.985000,416.1466004474701,995
2024-09-18 11:17:54.989000,416.1273818877999,96
2024-09-18 11:17:55.062000,416.1229346573036,101
2024-09-18 11:17:55.088000,416.22000833528216,101
2024-09-18 11:17:55.152000,416.1606671087373,1001
2024-09-18 11:17:55.163000,416.12699186446497,1004
2024-09-18 11:17:55.221000,416.19899047949735,95
2024-09-18 11:17:55.271000,416.1757959559799,9
2024-09-18 11:17:55.282000,416.1897093269168,10
2024-09-18 11:17:55.296000,416.1618621558849,1000
2024-09-18 11:17:55.330000,416.2134885872631,99
2024-09-18 11:17:55.347000,416.1209259500616,5
2024-09-18 11:17:55.349000,416.1998008328798,1004
2024-09-18 11:17:55.460000,416.1568121650089,100
2024-09-18 11:17:55.513000,416.1460809486479,8
2024-09-18 11:17:55.528000,416.1701987931218,1001
2024-09-18 11:17:55.580000,416.1354401820112,100
2024-09-18 11:17:55.624000,416.1186632947009,1001
2024-09-18 11:17:55.685000,416.1424760634304,9
2024-09-18 11:17:55.746000,416.2098599697336,101
2024-09-18 11:17:55.753000,416.1609600409852,8
2024-09-18 11:17:55.805000,416.1476649531871,10
2024-09-18 11:17:55.817000,416.1672842091776,1001
2024-09-18 11:17:55.841000,416.1273823144974,1000
2024-09-18 11:17:55.841000,416.125673054308,14
2024-09-18 11:17:55.940000,416.1640858972319,13
2024-09-18 11:17:55.954000,416.1238400410707,996
2024-09-18 11:17:55.956000,416.17763770494696,1000
2024-09-18 11:17:55.989000,416.1399406815388,6
2024-09-18 11:17:56,416.2207668158378,8
2024-09-18 11:17:56.006000,416.2294891708404,14
2024-09-18 11:17:56.006000,416.1926221704272,1000
2024-09-18 11:17:56.051000,416.210121721113,12
2024-09-18 11:17:56.070000,416.178963466197,1000
2024-09-18 11:17:56.102000,416.2136862924391,9
2024-09-18 11:17:56.126000,416.228961752366,998
2024-09-18 11:17:56.228000,416.2143033216768,98
2024-09-18 11:17:56.244000,416.1728421629267,10
2024-09-18 11:17:56.302000,416.25835407723287,1000
2024-09-18 11:17:56.461000,416.2078848807169,97
2024-09-18 11:17:56.487000,416.17835626478455,5
2024-09-18 11:17:56.553000,416.2168667387968,13
2024-09-18 11:17:56.634000,416.2352107605146,5
2024-09-18 11:17:56.642000,416.2237166426825,12
2024-09-18 11:17:56.704000,416.2501870788697,1000
2024-09-18 11:17:56.714000,416.2080857880973,999
2024-09-18 11:17:56.796000,416.19240454969633,6
2024-09-18 11:17:56.845000,416.23573080399774,1004
2024-09-18 11:17:56.997000,416.2425718078961,96
2024-09-18 11:17:57.052000,416.21367165766327,13
2024-09-18 11:17:57.074000,416.2193347782292,1001
2024-09-18 11:17:57.537000,416.2094359744491,1003
2024-09-18 11:17:57.824000,416.21820904136325,1005
2024-09-18 11:17:59.030000,416.18006943396256,1001
2024-09-18 11:17:59.044000,416.1911627952493,1003
2024-09-18 11:17:59.211000,416.21512514982913,97
2024-09-18 11:17:59.263000,416.1936111472779,1002
2024-09-18 11:17:59.367000,416.2225642084265,1003
2024-09-18 11:17:59.493000,416.1850495520818,101
2024-09-18 11:17:59.535000,416.21512297595785,8
2024-09-18 11:17:59.553000,416.173067437935,14
2024-09-18 11:17:59.637000,416.21626711036,9
2024-09-18 11:17:59.651000,416.2059493654911,8
2024-09-18 11:17:59.752000,416.1815364783611,10
2024-09-18 11:17:59.753000,416.1842097932121,6
2024-09-18 11:17:59.781000,416.1796179495444,95
2024-09-18 11:17:59.873000,416.1711792795729,14
2024-09-18 11:17:59.946000,416.1837016617216,999
2024-09-18 11:17:59.956000,416.1916643302753,105
2024-09-18 11:17:59.964000,416.1955458387674,12
2024-09-18 11:17:59.973000,416.1888871380153,99
