Timestamp,Price,Size
2024-09-17 15:48:00.256000,409.5950171021849,1001
2024-09-17 15:48:00.296000,409.61300625935934,1001
2024-09-17 15:48:00.430000,409.6129757199547,5
2024-09-17 15:48:00.513000,409.59359541245817,6
2024-09-17 15:48:00.786000,409.6041511850161,100
2024-09-17 15:48:01.056000,409.6064602694093,12
2024-09-17 15:48:01.074000,409.6060651332977,100
2024-09-17 15:48:01.094000,409.6040342062621,101
2024-09-17 15:48:01.166000,409.6099292098685,998
2024-09-17 15:48:01.239000,409.59368957517535,14
2024-09-17 15:48:01.244000,409.6153066085799,95
2024-09-17 15:48:01.322000,409.6049760864746,5
2024-09-17 15:48:01.326000,409.5969754922076,1005
2024-09-17 15:48:01.399000,409.6164987335324,1002
2024-09-17 15:48:01.516000,409.5996317179856,8
2024-09-17 15:48:01.555000,409.6134483430101,7
2024-09-17 15:48:01.567000,409.5991494933306,99
2024-09-17 15:48:01.579000,409.59446962035406,1003
2024-09-17 15:48:01.608000,409.60073986202985,105
2024-09-17 15:48:01.617000,409.6222936790851,1004
2024-09-17 15:48:01.621000,409.5997143594775,1005
2024-09-17 15:48:01.676000,409.5989682866942,11
2024-09-17 15:48:01.732000,409.59283870914896,996
2024-09-17 15:48:01.796000,409.605335986141,996
2024-09-17 15:48:01.844000,409.5921927912487,11
2024-09-17 15:48:01.850000,409.59919022037417,996
2024-09-17 15:48:01.865000,409.5912882310196,14
2024-09-17 15:48:01.956000,409.5932492030786,5
2024-09-17 15:48:01.975000,409.6066261699904,997
2024-09-17 15:48:02.030000,409.5347745293867,12
2024-09-17 15:48:02.032000,409.5402113343648,5
2024-09-17 15:48:02.046000,409.617584372574,1005
2024-09-17 15:48:02.066000,409.60168461691205,997
2024-09-17 15:48:02.081000,409.6200386702758,1001
2024-09-17 15:48:02.133000,409.5349646448021,104
2024-09-17 15:48:02.143000,409.51453389463313,103
2024-09-17 15:48:02.172000,409.5352580428953,7
2024-09-17 15:48:02.184000,409.5650359147876,1001
2024-09-17 15:48:02.261000,409.6076822672269,1004
2024-09-17 15:48:02.414000,409.6021736207139,98
2024-09-17 15:48:02.447000,409.5664231545519,104
2024-09-17 15:48:02.493000,409.6081369296026,9
2024-09-17 15:48:02.532000,409.6113430222125,996
2024-09-17 15:48:02.604000,409.6243680296405,13
2024-09-17 15:48:02.652000,409.52852975618487,11
2024-09-17 15:48:02.694000,409.5687292787201,99
2024-09-17 15:48:02.696000,409.62853349779,96
2024-09-17 15:48:02.706000,409.60420317772656,98
2024-09-17 15:48:02.788000,409.5656906379868,6
2024-09-17 15:48:02.793000,409.5981494471616,996
2024-09-17 15:48:02.806000,409.547048201008,5
2024-09-17 15:48:02.826000,409.6277896397749,96
2024-09-17 15:48:02.832000,409.620642039055,1001
2024-09-17 15:48:02.837000,409.538905357575,997
2024-09-17 15:48:02.887000,409.5960654303298,99
2024-09-17 15:48:02.914000,409.6054475314348,14
2024-09-17 15:48:02.948000,409.5839944016414,12
2024-09-17 15:48:02.970000,409.6062584845958,1004
2024-09-17 15:48:03.094000,409.5430590827355,15
2024-09-17 15:48:03.151000,409.5582979950879,11
2024-09-17 15:48:03.185000,409.54749549506965,5
2024-09-17 15:48:03.219000,409.5426460429631,9
2024-09-17 15:48:03.245000,409.5473572316778,103
2024-09-17 15:48:03.320000,409.5190116798067,997
2024-09-17 15:48:03.339000,415.4344278958564,13
2024-09-17 15:48:03.364000,409.56035398533663,103
2024-09-17 15:48:03.479000,409.5390155048639,8
2024-09-17 15:48:03.537000,409.5361113674512,1004
2024-09-17 15:48:03.600000,415.4487683678307,995
2024-09-17 15:48:03.651000,409.5510764824032,7
2024-09-17 15:48:03.783000,409.53726947552224,6
2024-09-17 15:48:03.801000,409.5537490205437,998
2024-09-17 15:48:03.808000,409.55135483872766,7
2024-09-17 15:48:03.819000,409.5563450500063,96
2024-09-17 15:48:03.827000,409.5499364620071,99
2024-09-17 15:48:03.869000,409.5331266699189,14
2024-09-17 15:48:03.880000,409.522557216669,7
2024-09-17 15:48:03.970000,409.5533772399322,1001
2024-09-17 15:48:04.008000,409.6192992983519,11
2024-09-17 15:48:04.022000,409.5915645939955,995
2024-09-17 15:48:04.070000,409.6247954051032,6
2024-09-17 15:48:04.145000,409.5629202371436,6
2024-09-17 15:48:04.193000,409.5756872589946,105
2024-09-17 15:48:04.220000,409.6173513534142,998
2024-09-17 15:48:04.238000,409.57529519104696,103
2024-09-17 15:48:04.301000,409.6248974254838,1004
2024-09-17 15:48:04.396000,409.6244321820516,6
2024-09-17 15:48:04.438000,409.6200958248692,99
2024-09-17 15:48:04.488000,409.6209463892016,100
2024-09-17 15:48:04.519000,409.6152529356592,8
2024-09-17 15:48:04.559000,409.5693778175697,9
2024-09-17 15:48:04.562000,409.5779040454486,100
2024-09-17 15:48:04.670000,409.5851843609352,9
2024-09-17 15:48:04.692000,409.5863033017551,9
2024-09-17 15:48:04.714000,409.568611573624,13
2024-09-17 15:48:04.748000,409.568732895044,105
2024-09-17 15:48:04.770000,409.5812407058064,12
2024-09-17 15:48:04.800000,409.6318245375597,105
2024-09-17 15:48:04.841000,409.6148179761056,95
2024-09-17 15:48:04.868000,409.550870232668,11
2024-09-17 15:48:04.890000,409.61994933943606,8
2024-09-17 15:48:04.946000,409.5949681500356,101
2024-09-17 15:48:04.956000,409.60755029680615,11
2024-09-17 15:48:04.977000,409.6046912983799,997
2024-09-17 15:48:05.013000,409.5870616810837,998
2024-09-17 15:48:05.019000,409.57416123335696,8
2024-09-17 15:48:05.097000,409.60843950921264,1005
2024-09-17 15:48:05.103000,409.6104033590676,5
2024-09-17 15:48:05.191000,409.5541282954761,13
2024-09-17 15:48:05.252000,409.5551587315876,98
2024-09-17 15:48:05.333000,409.5810258292185,99
2024-09-17 15:48:05.338000,409.539891934192,96
2024-09-17 15:48:05.357000,409.5587231606461,1005
2024-09-17 15:48:05.362000,409.596589922682,99
2024-09-17 15:48:05.378000,409.6202736465216,5
2024-09-17 15:48:05.518000,409.5538774784221,7
2024-09-17 15:48:05.534000,409.62855591193664,1002
2024-09-17 15:48:05.556000,409.6263833990207,100
2024-09-17 15:48:05.587000,409.5613972271432,996
2024-09-17 15:48:05.698000,409.5910743195836,14
2024-09-17 15:48:05.711000,409.5403232184023,15
2024-09-17 15:48:05.777000,409.5752056600692,100
2024-09-17 15:48:05.817000,409.5555141777479,97
2024-09-17 15:48:05.827000,409.6095772341058,13
2024-09-17 15:48:05.838000,409.5761037389088,14
2024-09-17 15:48:05.867000,409.5490724537677,100
2024-09-17 15:48:05.870000,409.5618690242211,1001
2024-09-17 15:48:05.910000,409.5546266868543,12
2024-09-17 15:48:05.965000,409.6024621448009,1001
2024-09-17 15:48:06.008000,409.4944132421145,7
2024-09-17 15:48:06.017000,409.4773012892705,8
2024-09-17 15:48:06.104000,409.46126869886274,999
2024-09-17 15:48:06.129000,409.5291142688753,13
2024-09-17 15:48:06.236000,409.5304298228238,99
2024-09-17 15:48:06.298000,409.4939250417515,103
2024-09-17 15:48:06.471000,409.5131035054037,104
2024-09-17 15:48:06.554000,409.5611452942927,8
2024-09-17 15:48:06.567000,409.4662906230619,12
2024-09-17 15:48:06.644000,409.47781453064897,995
2024-09-17 15:48:06.707000,409.501007854857,998
2024-09-17 15:48:06.813000,409.4752883947268,1002
2024-09-17 15:48:07.032000,409.5276082254565,1004
2024-09-17 15:48:07.056000,409.51909351252,96
2024-09-17 15:48:07.066000,409.49494400686166,12
2024-09-17 15:48:07.082000,409.53287251047607,96
2024-09-17 15:48:07.118000,409.546880195356,7
2024-09-17 15:48:07.142000,409.51227586103766,1003
2024-09-17 15:48:07.151000,409.5390297843291,1003
2024-09-17 15:48:07.165000,415.46838401893217,7
2024-09-17 15:48:07.183000,409.55540549302106,100
2024-09-17 15:48:07.183000,409.5015210780506,996
2024-09-17 15:48:07.191000,409.50487612974337,103
2024-09-17 15:48:07.196000,409.49800291856735,11
2024-09-17 15:48:07.228000,409.5206208377354,12
2024-09-17 15:48:07.252000,409.5242075643606,1001
2024-09-17 15:48:07.266000,409.5673600169815,1000
2024-09-17 15:48:07.359000,409.5104000141847,102
2024-09-17 15:48:07.389000,409.5363657467545,999
2024-09-17 15:48:07.400000,409.4985055997878,8
2024-09-17 15:48:07.422000,409.5361813595636,6
2024-09-17 15:48:07.503000,409.5101007534912,11
2024-09-17 15:48:07.534000,409.5443869719789,101
2024-09-17 15:48:07.620000,409.4870285065776,97
2024-09-17 15:48:07.799000,409.52134656436,1004
2024-09-17 15:48:07.831000,409.4906893045561,102
2024-09-17 15:48:07.837000,409.504005942596,100
2024-09-17 15:48:07.911000,409.5007579168883,96
2024-09-17 15:48:07.913000,409.51134711072814,99
2024-09-17 15:48:07.927000,409.55360625836863,7
2024-09-17 15:48:07.943000,409.5336205615437,100
2024-09-17 15:48:07.964000,409.5216319449368,97
2024-09-17 15:48:08.030000,409.59990474576017,95
2024-09-17 15:48:08.034000,409.58221556624,1003
2024-09-17 15:48:08.038000,409.577260860653,99
2024-09-17 15:48:08.075000,409.573885977689,7
2024-09-17 15:48:08.169000,409.6041736464784,13
2024-09-17 15:48:08.474000,409.5797646653133,104
2024-09-17 15:48:08.541000,409.5726578067188,96
2024-09-17 15:48:08.620000,409.5771305233467,12
2024-09-17 15:48:08.838000,409.5660219424537,8
2024-09-17 15:48:08.853000,409.5927859481421,96
2024-09-17 15:48:08.886000,409.5897000761309,8
2024-09-17 15:48:08.886000,409.600038578598,11
2024-09-17 15:48:09.013000,409.57263670730447,15
2024-09-17 15:48:09.021000,409.5336092633451,10
2024-09-17 15:48:09.138000,415.5817351615268,96
2024-09-17 15:48:09.158000,409.5393848506693,5
2024-09-17 15:48:09.431000,409.53375822167095,95
2024-09-17 15:48:09.535000,409.52524314417536,1005
2024-09-17 15:48:09.678000,409.5248351440241,1002
2024-09-17 15:48:09.930000,409.579142215358,8
2024-09-17 15:48:10.087000,409.5272504468814,7
2024-09-17 15:48:10.119000,409.49663212373713,5
2024-09-17 15:48:10.144000,409.4843134250548,999
2024-09-17 15:48:10.160000,409.5226820286357,11
2024-09-17 15:48:10.180000,409.52090720298713,15
2024-09-17 15:48:10.224000,409.5250072771352,99
2024-09-17 15:48:10.275000,409.5284576943373,1002
2024-09-17 15:48:10.321000,409.4666879997975,1002
2024-09-17 15:48:10.356000,409.4856183992587,98
2024-09-17 15:48:10.359000,409.47328859540704,12
2024-09-17 15:48:10.455000,409.5482666769808,102
2024-09-17 15:48:10.493000,409.51537192247264,1004
2024-09-17 15:48:10.514000,409.5347747644517,96
2024-09-17 15:48:10.529000,409.4968262104021,995
2024-09-17 15:48:10.562000,409.4681994546602,99
2024-09-17 15:48:10.572000,409.4885228893141,8
2024-09-17 15:48:10.572000,409.51781838937694,7
2024-09-17 15:48:10.641000,409.5123343073378,103
2024-09-17 15:48:10.667000,409.5384950142652,1005
2024-09-17 15:48:10.670000,409.52511663883,96
2024-09-17 15:48:10.687000,409.5126798304307,100
2024-09-17 15:48:10.775000,409.5163455552073,13
2024-09-17 15:48:10.807000,409.5113486393202,99
2024-09-17 15:48:10.849000,409.4952181371664,1003
2024-09-17 15:48:10.885000,409.4686573922872,10
2024-09-17 15:48:10.885000,409.4663770106724,996
2024-09-17 15:48:10.924000,409.52209281080894,105
2024-09-17 15:48:10.949000,409.5421435672669,96
2024-09-17 15:48:10.995000,409.5126993029674,9
2024-09-17 15:48:11.389000,409.5481586825063,97
2024-09-17 15:48:11.540000,409.5292508189382,102
2024-09-17 15:48:11.794000,409.52518895577833,998
2024-09-17 15:48:11.860000,409.5474977356103,97
2024-09-17 15:48:12.074000,409.5180468748442,95
2024-09-17 15:48:12.145000,409.5417212843172,13
2024-09-17 15:48:12.197000,409.5434971899193,999
2024-09-17 15:48:12.250000,409.5417363746013,101
2024-09-17 15:48:12.326000,409.5175985207917,98
2024-09-17 15:48:12.461000,409.51783177569394,10
2024-09-17 15:48:12.597000,409.5166384680385,997
2024-09-17 15:48:12.672000,409.5154161467388,13
2024-09-17 15:48:12.786000,409.51098516645214,13
2024-09-17 15:48:12.820000,409.54462114192455,104
2024-09-17 15:48:12.887000,409.5252380255631,6
2024-09-17 15:48:13.504000,409.559941580376,995
2024-09-17 15:48:13.515000,409.5500003594032,105
2024-09-17 15:48:13.595000,415.5733628170855,96
2024-09-17 15:48:13.720000,409.5608887110389,7
2024-09-17 15:48:13.975000,409.5520584977234,8
2024-09-17 15:48:14.023000,409.58304165380525,95
2024-09-17 15:48:14.075000,409.5437261795804,8
2024-09-17 15:48:14.182000,409.5693172750517,8
2024-09-17 15:48:14.247000,409.5712886956646,102
2024-09-17 15:48:14.413000,409.5539907687902,5
2024-09-17 15:48:14.430000,409.5595763315623,15
2024-09-17 15:48:14.494000,409.5327573412086,5
2024-09-17 15:48:14.513000,409.5660243633833,98
2024-09-17 15:48:14.524000,409.5408953333584,12
2024-09-17 15:48:14.566000,409.5929224281862,99
2024-09-17 15:48:14.610000,409.5806600960676,13
2024-09-17 15:48:14.656000,409.5573461391732,101
2024-09-17 15:48:14.709000,409.55549057914135,6
2024-09-17 15:48:14.738000,409.5883573391767,15
2024-09-17 15:48:14.770000,409.5530023198019,105
2024-09-17 15:48:14.876000,409.553597266845,997
2024-09-17 15:48:14.891000,409.6024565940055,10
2024-09-17 15:48:14.921000,409.55703829896873,999
2024-09-17 15:48:14.956000,409.54375340960746,998
2024-09-17 15:48:14.978000,409.5653647848159,98
2024-09-17 15:48:15,409.47380972785584,1005
2024-09-17 15:48:15.023000,409.5302009228982,998
2024-09-17 15:48:15.056000,409.4776300410843,15
2024-09-17 15:48:15.183000,409.4473429507153,996
2024-09-17 15:48:15.227000,409.4558636888107,1003
2024-09-17 15:48:15.248000,409.4638153144868,998
2024-09-17 15:48:15.275000,409.5115790970505,13
2024-09-17 15:48:15.279000,409.5266964761354,105
2024-09-17 15:48:15.287000,409.45650706042574,997
2024-09-17 15:48:15.344000,409.4997250649294,105
2024-09-17 15:48:15.364000,409.47784870362506,997
2024-09-17 15:48:15.368000,409.4607742819732,14
2024-09-17 15:48:15.390000,409.45335713792247,11
2024-09-17 15:48:15.493000,409.4759448383638,15
2024-09-17 15:48:15.562000,409.45696195566194,103
2024-09-17 15:48:15.563000,409.4570892486393,11
2024-09-17 15:48:15.706000,409.53584235869175,997
2024-09-17 15:48:15.711000,409.47392241846296,96
2024-09-17 15:48:15.723000,409.4829967937392,10
2024-09-17 15:48:15.738000,409.4877585463937,13
2024-09-17 15:48:15.955000,409.5325923652988,1003
2024-09-17 15:48:15.969000,409.4666904813816,14
2024-09-17 15:48:16,409.5081848137958,11
2024-09-17 15:48:16.005000,409.5113538671829,105
2024-09-17 15:48:16.005000,409.5531370781882,997
2024-09-17 15:48:16.063000,409.4891789594293,95
2024-09-17 15:48:16.098000,409.516215931077,9
2024-09-17 15:48:16.106000,409.5789014230405,997
2024-09-17 15:48:16.122000,409.5517419381766,1001
2024-09-17 15:48:16.129000,409.5081467800737,10
2024-09-17 15:48:16.170000,409.57421570895616,1005
2024-09-17 15:48:16.189000,409.561627066404,14
2024-09-17 15:48:16.202000,409.5147696576936,101
2024-09-17 15:48:16.322000,409.60727783071536,100
2024-09-17 15:48:16.327000,409.5479765633955,1005
2024-09-17 15:48:16.328000,409.5849359595315,1004
2024-09-17 15:48:16.341000,409.4970071061587,98
2024-09-17 15:48:16.455000,409.53975031739714,95
2024-09-17 15:48:16.528000,409.55301716331206,1000
2024-09-17 15:48:16.559000,409.5829893553429,12
2024-09-17 15:48:16.600000,409.58388087138974,1001
2024-09-17 15:48:16.660000,409.56512485516873,10
2024-09-17 15:48:16.749000,409.5617587588736,98
2024-09-17 15:48:16.783000,409.58031264545184,5
2024-09-17 15:48:16.918000,409.48181555829376,102
2024-09-17 15:48:16.931000,409.51340061726194,999
2024-09-17 15:48:17.115000,409.4956930023883,995
2024-09-17 15:48:17.131000,409.55844927835335,6
2024-09-17 15:48:17.155000,409.5535248784128,5
2024-09-17 15:48:17.193000,409.5818161126606,97
2024-09-17 15:48:17.202000,409.5978589359718,9
2024-09-17 15:48:17.214000,409.5760573954378,101
2024-09-17 15:48:17.241000,409.58412813940055,14
2024-09-17 15:48:17.275000,409.539252831744,1003
2024-09-17 15:48:17.312000,409.6007777583242,11
2024-09-17 15:48:17.327000,409.5478403422403,5
2024-09-17 15:48:17.373000,409.57338765346185,97
2024-09-17 15:48:17.417000,409.5656228697531,97
2024-09-17 15:48:17.484000,409.5267013987407,102
2024-09-17 15:48:17.532000,409.5777039271868,101
2024-09-17 15:48:17.535000,409.5058381771462,99
2024-09-17 15:48:17.584000,409.5532043836229,101
2024-09-17 15:48:17.658000,409.5027784112936,1005
2024-09-17 15:48:17.666000,409.5338332307669,12
2024-09-17 15:48:17.679000,409.5513298860986,998
2024-09-17 15:48:17.688000,409.56041402365486,999
2024-09-17 15:48:17.711000,409.58517104875307,100
2024-09-17 15:48:17.798000,409.5510855621307,13
2024-09-17 15:48:17.807000,409.55905531428135,97
2024-09-17 15:48:17.861000,409.5686224083427,1003
2024-09-17 15:48:17.931000,409.5257595423467,98
2024-09-17 15:48:18.069000,409.5693779830541,10
2024-09-17 15:48:18.094000,409.5206061744506,103
2024-09-17 15:48:18.095000,409.5231601837091,1001
2024-09-17 15:48:18.106000,409.5209967837321,5
2024-09-17 15:48:18.115000,409.5483635744681,99
2024-09-17 15:48:18.152000,409.5901530609906,1005
2024-09-17 15:48:18.188000,409.5545536448925,101
2024-09-17 15:48:18.268000,409.5588456456735,6
2024-09-17 15:48:18.378000,409.57545786712575,9
2024-09-17 15:48:18.389000,409.5376114871782,5
2024-09-17 15:48:18.494000,409.5397603119136,98
2024-09-17 15:48:18.534000,409.5694178839113,99
2024-09-17 15:48:18.542000,409.5257690139696,96
2024-09-17 15:48:18.544000,409.54240356486,11
2024-09-17 15:48:18.560000,409.5382805841935,9
2024-09-17 15:48:18.561000,409.5532937750904,1004
2024-09-17 15:48:18.569000,409.52515870369285,15
2024-09-17 15:48:18.633000,409.5176011128266,98
2024-09-17 15:48:18.805000,409.5151730013352,1003
2024-09-17 15:48:18.807000,409.5324974302448,104
2024-09-17 15:48:18.827000,409.5250423663324,101
2024-09-17 15:48:18.877000,409.52510140558985,15
2024-09-17 15:48:18.922000,409.5253499130804,14
2024-09-17 15:48:18.958000,409.5451177893093,105
2024-09-17 15:48:18.963000,409.5288973138706,1005
2024-09-17 15:48:19.021000,409.52988156741617,101
2024-09-17 15:48:19.034000,409.5429816567273,8
2024-09-17 15:48:19.096000,409.5331070638295,95
2024-09-17 15:48:19.115000,409.5346243193351,13
2024-09-17 15:48:19.195000,409.5400695347854,5
2024-09-17 15:48:19.211000,409.54543298913393,6
2024-09-17 15:48:19.235000,409.5323891957145,101
2024-09-17 15:48:19.257000,409.5287349259299,1000
2024-09-17 15:48:19.441000,409.5361350514394,1004
2024-09-17 15:48:19.442000,409.5439254402528,7
2024-09-17 15:48:19.482000,409.5374059970071,998
2024-09-17 15:48:19.488000,409.5498833147896,997
2024-09-17 15:48:19.503000,409.5442958440642,14
2024-09-17 15:48:19.526000,409.54277429460046,97
2024-09-17 15:48:19.571000,409.5460191645125,14
2024-09-17 15:48:19.582000,409.5639429020548,1002
2024-09-17 15:48:19.639000,409.5287831206045,996
2024-09-17 15:48:19.720000,409.5378513180388,996
2024-09-17 15:48:19.745000,409.5148945861891,102
2024-09-17 15:48:19.761000,409.5526356651469,12
2024-09-17 15:48:19.771000,409.5448437079779,8
2024-09-17 15:48:19.798000,409.5266895760588,999
2024-09-17 15:48:19.842000,409.5145086948386,999
2024-09-17 15:48:19.843000,409.5520442959733,103
2024-09-17 15:48:19.857000,409.5525244615706,95
2024-09-17 15:48:19.909000,409.5490830794158,12
2024-09-17 15:48:19.930000,409.54953478639663,10
2024-09-17 15:48:20.024000,409.4777379342647,100
2024-09-17 15:48:20.035000,409.5135860916088,997
2024-09-17 15:48:20.042000,409.53518836869097,15
2024-09-17 15:48:20.115000,409.5005500500688,12
2024-09-17 15:48:20.119000,409.4661378744263,999
2024-09-17 15:48:20.161000,409.51734267151664,6
2024-09-17 15:48:20.225000,409.5253102712389,11
2024-09-17 15:48:20.231000,409.5048379542274,95
2024-09-17 15:48:20.264000,409.4757451102193,101
2024-09-17 15:48:20.362000,415.57713960626654,995
2024-09-17 15:48:20.480000,409.4963360014118,1004
2024-09-17 15:48:20.499000,409.50988618216354,12
2024-09-17 15:48:20.618000,409.5034559463299,97
2024-09-17 15:48:20.691000,409.5334918847141,6
2024-09-17 15:48:20.716000,409.51707138068895,1003
2024-09-17 15:48:20.769000,409.5167413571674,1004
2024-09-17 15:48:20.779000,409.4801191687577,997
2024-09-17 15:48:20.916000,409.50424695739656,13
2024-09-17 15:48:20.943000,409.5495839852066,95
2024-09-17 15:48:21.112000,409.49078848275,15
2024-09-17 15:48:21.396000,409.4743803071354,999
2024-09-17 15:48:21.531000,409.4960800438545,14
2024-09-17 15:48:21.536000,409.4965548023862,102
2024-09-17 15:48:21.568000,409.4829121836751,13
2024-09-17 15:48:21.603000,409.5098225623437,99
2024-09-17 15:48:21.640000,409.4968531299281,96
2024-09-17 15:48:21.784000,409.4914399397185,104
2024-09-17 15:48:21.905000,409.5084474960599,99
2024-09-17 15:48:21.915000,409.48264557093455,8
2024-09-17 15:48:22.068000,409.5126356478215,15
2024-09-17 15:48:22.073000,409.4904600475763,1000
2024-09-17 15:48:22.077000,409.5365777490496,14
2024-09-17 15:48:22.104000,409.5341834864561,105
2024-09-17 15:48:22.110000,409.4812502184719,995
2024-09-17 15:48:22.112000,409.49443171654616,1003
2024-09-17 15:48:22.116000,409.5291723238356,998
2024-09-17 15:48:22.128000,409.4964997355699,6
2024-09-17 15:48:22.170000,409.499948992169,98
2024-09-17 15:48:22.172000,409.485713515709,97
2024-09-17 15:48:22.191000,409.5557525975617,10
2024-09-17 15:48:22.432000,409.5296411930256,104
2024-09-17 15:48:22.446000,409.5121001334832,996
2024-09-17 15:48:22.456000,409.502050377837,5
2024-09-17 15:48:22.477000,409.4999692484918,9
2024-09-17 15:48:22.478000,409.5023490702405,999
2024-09-17 15:48:22.485000,409.50586817771904,102
2024-09-17 15:48:22.513000,409.5006944064916,12
2024-09-17 15:48:22.519000,409.4989032351156,13
2024-09-17 15:48:22.655000,409.5572930309299,104
2024-09-17 15:48:22.667000,409.4881762887137,998
2024-09-17 15:48:22.699000,409.5193562827844,105
2024-09-17 15:48:22.728000,409.546391980463,95
2024-09-17 15:48:22.773000,409.5019410972289,104
2024-09-17 15:48:22.919000,409.52400125482734,12
2024-09-17 15:48:22.977000,409.5098927297997,13
2024-09-17 15:48:23.219000,409.4527064206543,6
2024-09-17 15:48:23.234000,409.42613822512544,99
2024-09-17 15:48:23.276000,409.48733418061926,95
2024-09-17 15:48:23.286000,409.4720522268402,95
2024-09-17 15:48:23.402000,409.4264927614199,1004
2024-09-17 15:48:23.462000,409.4445384216903,105
2024-09-17 15:48:23.472000,409.4306665730674,1000
2024-09-17 15:48:23.489000,409.4258497045293,95
2024-09-17 15:48:23.536000,409.4398948660192,14
2024-09-17 15:48:23.631000,409.4381226869819,95
2024-09-17 15:48:23.638000,409.4537012507828,103
2024-09-17 15:48:23.650000,409.4753292676355,6
2024-09-17 15:48:23.804000,409.476417660742,1005
2024-09-17 15:48:23.892000,409.4472004240656,5
2024-09-17 15:48:23.980000,409.4751573870103,1004
2024-09-17 15:48:24.405000,409.3878246856755,103
2024-09-17 15:48:24.447000,409.4022314970323,1004
2024-09-17 15:48:24.473000,409.3973304630868,7
2024-09-17 15:48:24.707000,409.4144227221588,95
2024-09-17 15:48:25.012000,409.3892237998648,9
2024-09-17 15:48:25.021000,409.3723427138961,103
2024-09-17 15:48:25.067000,409.35694943244863,10
2024-09-17 15:48:25.120000,409.39310098160695,100
2024-09-17 15:48:25.266000,409.3750814848772,998
2024-09-17 15:48:25.464000,409.38588650854746,5
2024-09-17 15:48:25.556000,409.3955425349724,99
2024-09-17 15:48:25.627000,409.34250907845006,104
2024-09-17 15:48:25.635000,409.3489859424809,10
2024-09-17 15:48:25.971000,409.3865778940104,1004
2024-09-17 15:48:25.972000,409.38588289294194,12
2024-09-17 15:48:26.075000,409.3361580019602,104
2024-09-17 15:48:26.146000,409.3729326035744,12
2024-09-17 15:48:26.165000,409.3382434390344,5
2024-09-17 15:48:26.178000,409.34716816236,997
2024-09-17 15:48:26.223000,409.3344941004929,1001
2024-09-17 15:48:26.307000,409.3665528993998,1000
2024-09-17 15:48:26.330000,409.3258402723644,102
2024-09-17 15:48:26.422000,409.351806891051,7
2024-09-17 15:48:26.440000,409.3652937267087,104
2024-09-17 15:48:26.468000,409.3335363365504,5
2024-09-17 15:48:26.484000,415.56622556450833,102
2024-09-17 15:48:26.591000,409.3432996953863,995
2024-09-17 15:48:26.647000,409.3279905031882,98
2024-09-17 15:48:26.659000,409.33969312731085,97
2024-09-17 15:48:26.692000,409.3832853146861,12
2024-09-17 15:48:26.782000,409.3556339616069,14
2024-09-17 15:48:26.892000,409.3398059256248,105
2024-09-17 15:48:27.440000,409.3395001865118,100
2024-09-17 15:48:28.011000,409.2857791927917,1002
2024-09-17 15:48:28.028000,409.3216884121275,1001
2024-09-17 15:48:28.047000,409.3071788977161,11
2024-09-17 15:48:28.186000,409.2915538318557,14
2024-09-17 15:48:28.462000,409.34781968456485,103
2024-09-17 15:48:28.635000,409.3596839600367,98
2024-09-17 15:48:28.639000,409.3019527224093,97
2024-09-17 15:48:28.658000,409.3416066557248,13
2024-09-17 15:48:28.909000,409.3167288433913,995
2024-09-17 15:48:29.005000,409.25813897327697,100
2024-09-17 15:48:29.203000,409.26719041102376,995
2024-09-17 15:48:29.267000,409.22555808150673,996
2024-09-17 15:48:29.358000,409.2476029916016,1002
2024-09-17 15:48:29.439000,409.2823822832968,98
2024-09-17 15:48:29.498000,409.24598201186944,103
2024-09-17 15:48:29.574000,409.2489116477503,96
2024-09-17 15:48:29.599000,409.2643701792306,996
2024-09-17 15:48:29.736000,409.2431607149822,14
2024-09-17 15:48:29.821000,409.2352764817792,9
2024-09-17 15:48:29.848000,409.2538779833661,105
2024-09-17 15:48:29.850000,409.2510596737074,99
2024-09-17 15:48:30.192000,409.2301668838917,12
2024-09-17 15:48:30.193000,409.2523396481994,95
2024-09-17 15:48:30.216000,409.2483603541337,9
2024-09-17 15:48:30.237000,409.240599293957,15
2024-09-17 15:48:30.328000,409.2668115853835,1003
2024-09-17 15:48:30.471000,409.2549093868212,14
2024-09-17 15:48:30.490000,409.23249097234833,10
2024-09-17 15:48:30.545000,409.266821827872,97
2024-09-17 15:48:30.647000,409.2861021273188,96
2024-09-17 15:48:30.691000,409.2634908324548,100
2024-09-17 15:48:30.752000,409.26831273401615,104
2024-09-17 15:48:30.758000,409.2706482708598,10
2024-09-17 15:48:30.781000,409.2836280736189,1004
2024-09-17 15:48:30.848000,409.27148965095154,1002
2024-09-17 15:48:30.930000,409.26337706354025,997
2024-09-17 15:48:30.963000,409.2983129166082,99
2024-09-17 15:48:30.964000,409.2687404191328,1003
2024-09-17 15:48:30.992000,409.28760256132745,11
2024-09-17 15:48:31.033000,409.2459146214972,5
2024-09-17 15:48:31.269000,409.2901145597908,8
2024-09-17 15:48:31.326000,415.5542153557821,1005
2024-09-17 15:48:31.329000,409.2189827314708,8
2024-09-17 15:48:31.338000,409.2206609927186,100
2024-09-17 15:48:31.359000,409.2286470188972,102
2024-09-17 15:48:31.411000,409.2643761841122,13
2024-09-17 15:48:31.480000,409.2571992672757,996
2024-09-17 15:48:31.506000,409.2221424529356,1000
2024-09-17 15:48:31.533000,409.2893437815307,96
2024-09-17 15:48:31.534000,409.25902499303817,1003
2024-09-17 15:48:31.587000,409.2375159804655,96
2024-09-17 15:48:31.624000,409.2327782083372,1001
2024-09-17 15:48:31.626000,409.2498632500824,15
2024-09-17 15:48:31.630000,409.2778668436137,1000
2024-09-17 15:48:31.734000,409.2640793153616,996
2024-09-17 15:48:31.842000,409.2349690507983,1000
2024-09-17 15:48:32.028000,409.2420004092571,997
2024-09-17 15:48:32.032000,409.27983061258,11
2024-09-17 15:48:32.035000,409.2395566026098,98
2024-09-17 15:48:32.113000,409.2813373908433,12
2024-09-17 15:48:32.117000,409.32206312096525,104
2024-09-17 15:48:32.254000,409.2370693079676,997
2024-09-17 15:48:32.264000,409.2692570166318,13
2024-09-17 15:48:32.280000,409.2497998120375,101
2024-09-17 15:48:32.322000,409.2256373284581,95
2024-09-17 15:48:32.330000,409.27211539481954,9
2024-09-17 15:48:32.349000,409.2719339215173,15
2024-09-17 15:48:32.358000,409.2680668545614,99
2024-09-17 15:48:32.422000,409.3160919038771,15
2024-09-17 15:48:32.467000,409.3050158528077,1005
2024-09-17 15:48:32.518000,409.2769233309785,1003
2024-09-17 15:48:32.540000,409.2296599875677,1000
2024-09-17 15:48:32.542000,409.282513637245,14
2024-09-17 15:48:32.544000,409.3004970679672,104
2024-09-17 15:48:32.563000,409.3002027900319,9
2024-09-17 15:48:32.570000,409.29921126389513,95
2024-09-17 15:48:32.591000,409.3080049450198,100
2024-09-17 15:48:32.606000,409.2541398602892,1000
2024-09-17 15:48:32.657000,409.277248365721,1004
2024-09-17 15:48:32.664000,409.2246836167967,99
2024-09-17 15:48:32.678000,409.2549604694776,100
2024-09-17 15:48:32.681000,409.2606806132629,99
2024-09-17 15:48:32.899000,409.312993190583,5
2024-09-17 15:48:32.914000,409.3054377356271,99
2024-09-17 15:48:33.085000,409.2714242824901,996
2024-09-17 15:48:33.102000,409.3355269123184,1005
2024-09-17 15:48:33.113000,409.34859726339766,5
2024-09-17 15:48:33.201000,409.3328489164985,1001
2024-09-17 15:48:33.212000,409.317764847157,999
2024-09-17 15:48:33.242000,409.2795497051687,1001
2024-09-17 15:48:33.366000,409.2855450488202,97
2024-09-17 15:48:33.374000,409.33088896362943,998
2024-09-17 15:48:33.432000,409.28772692578127,9
2024-09-17 15:48:33.458000,409.3509433574383,995
2024-09-17 15:48:33.501000,409.28109302912543,11
2024-09-17 15:48:33.509000,409.28445089042486,996
2024-09-17 15:48:33.577000,409.32109421297207,5
2024-09-17 15:48:33.594000,409.3142203702069,102
2024-09-17 15:48:33.658000,409.2989499667622,5
2024-09-17 15:48:33.665000,409.3502206883943,1004
2024-09-17 15:48:33.667000,409.3491585845978,103
2024-09-17 15:48:33.682000,409.31912978414505,5
2024-09-17 15:48:33.705000,409.3462439403421,12
2024-09-17 15:48:33.764000,409.3017770520706,996
2024-09-17 15:48:33.772000,409.3545260866922,1004
2024-09-17 15:48:33.774000,409.3462388495028,104
2024-09-17 15:48:33.973000,409.3641054183317,97
2024-09-17 15:48:34.080000,409.381839364302,7
2024-09-17 15:48:34.179000,409.3381695225469,12
2024-09-17 15:48:34.266000,409.38657797213824,1001
2024-09-17 15:48:34.276000,409.3723684159667,14
2024-09-17 15:48:34.297000,409.3961339261157,1002
2024-09-17 15:48:34.309000,409.3583751790897,15
2024-09-17 15:48:34.331000,409.33563007921134,98
2024-09-17 15:48:34.419000,409.3761938463984,6
2024-09-17 15:48:34.428000,409.34711669693655,9
2024-09-17 15:48:34.468000,409.3418168369439,99
2024-09-17 15:48:34.526000,409.3307984345952,100
2024-09-17 15:48:34.557000,409.3407104167054,12
2024-09-17 15:48:34.586000,409.3868793053937,102
2024-09-17 15:48:34.683000,415.5244762952013,1005
2024-09-17 15:48:34.912000,409.3523291649804,10
2024-09-17 15:48:34.942000,409.3681728988015,998
2024-09-17 15:48:34.988000,409.3795297520427,14
2024-09-17 15:48:35.011000,409.3428841755693,104
2024-09-17 15:48:35.114000,409.36538714579547,10
2024-09-17 15:48:35.171000,409.3535166102666,104
2024-09-17 15:48:35.294000,409.3245117045553,104
2024-09-17 15:48:35.306000,409.3995220658186,1005
2024-09-17 15:48:35.319000,409.3678490150609,1005
2024-09-17 15:48:35.331000,409.38964207894537,15
2024-09-17 15:48:35.343000,409.40607725722384,100
2024-09-17 15:48:35.347000,409.3593284233754,995
2024-09-17 15:48:35.494000,409.39576583011046,8
2024-09-17 15:48:35.546000,409.3991198862663,96
2024-09-17 15:48:35.582000,409.3997278866464,15
2024-09-17 15:48:35.732000,409.3875960219604,997
2024-09-17 15:48:35.735000,415.54672877596886,97
2024-09-17 15:48:35.765000,409.3731944928789,102
2024-09-17 15:48:35.779000,409.356322240094,9
2024-09-17 15:48:35.785000,409.3581376725045,8
2024-09-17 15:48:35.816000,409.37047119446345,1003
2024-09-17 15:48:35.898000,409.3609197851453,97
2024-09-17 15:48:36.127000,409.31232927991215,98
2024-09-17 15:48:36.325000,409.3192215527095,14
2024-09-17 15:48:36.341000,409.2311087071398,995
2024-09-17 15:48:36.400000,409.3814439432986,103
2024-09-17 15:48:36.405000,409.3275932293791,10
2024-09-17 15:48:36.489000,409.2740826744452,103
2024-09-17 15:48:36.529000,409.3511776300737,7
2024-09-17 15:48:36.567000,409.2893373036717,1005
2024-09-17 15:48:36.627000,409.2722072002992,103
2024-09-17 15:48:36.646000,409.32608010735737,12
2024-09-17 15:48:36.772000,409.3321887684013,7
2024-09-17 15:48:36.790000,409.2585079060729,95
2024-09-17 15:48:36.808000,409.3288353471189,15
2024-09-17 15:48:36.881000,409.29123776962666,1004
2024-09-17 15:48:36.895000,409.3176434476052,98
2024-09-17 15:48:36.952000,409.34491118649794,102
2024-09-17 15:48:36.973000,409.3381101251517,995
2024-09-17 15:48:36.985000,409.2734814366776,95
2024-09-17 15:48:37.140000,409.3290052625487,5
2024-09-17 15:48:37.145000,409.2587023404069,1005
2024-09-17 15:48:37.369000,409.2726983631824,12
2024-09-17 15:48:37.377000,409.31808534937767,12
2024-09-17 15:48:37.478000,409.2468849109068,96
2024-09-17 15:48:37.606000,409.2470240375901,7
2024-09-17 15:48:37.667000,409.3028323331735,105
2024-09-17 15:48:37.719000,409.2682757500023,1001
2024-09-17 15:48:37.771000,409.23746837288,96
2024-09-17 15:48:37.861000,409.2521515432781,1001
2024-09-17 15:48:37.985000,409.2708388026413,999
2024-09-17 15:48:37.986000,409.2376850437838,5
2024-09-17 15:48:38.011000,409.3833053704881,1003
2024-09-17 15:48:38.033000,409.3735477335492,100
2024-09-17 15:48:38.062000,409.4114546672203,998
2024-09-17 15:48:38.066000,409.36769870055184,999
2024-09-17 15:48:38.096000,409.37559669515457,96
2024-09-17 15:48:38.103000,409.4160499840267,98
2024-09-17 15:48:38.115000,409.374703900102,999
2024-09-17 15:48:38.117000,409.3643854162681,13
2024-09-17 15:48:38.157000,409.3891167543357,104
2024-09-17 15:48:38.193000,409.4057938076724,12
2024-09-17 15:48:38.235000,409.3486538622304,9
2024-09-17 15:48:38.246000,409.3603233939206,996
2024-09-17 15:48:38.314000,409.417437364585,1004
2024-09-17 15:48:38.319000,409.3884430075174,1001
2024-09-17 15:48:38.421000,409.4293055158744,998
2024-09-17 15:48:38.442000,409.41098209085743,1005
2024-09-17 15:48:38.449000,409.4129282093948,105
2024-09-17 15:48:38.505000,409.3683705199742,15
2024-09-17 15:48:38.528000,409.3718968404722,1003
2024-09-17 15:48:38.696000,409.3532818945213,1003
2024-09-17 15:48:38.698000,409.3669019815725,12
2024-09-17 15:48:38.722000,409.3765232600106,7
2024-09-17 15:48:38.759000,409.34310679678464,999
2024-09-17 15:48:38.773000,409.41732372813385,99
2024-09-17 15:48:38.789000,409.4008582660808,1000
2024-09-17 15:48:38.798000,409.4138196695387,103
2024-09-17 15:48:38.803000,409.35114330721314,6
2024-09-17 15:48:38.809000,409.35045620313247,103
2024-09-17 15:48:38.825000,409.3872630822021,1003
2024-09-17 15:48:39.009000,409.3026465003685,6
2024-09-17 15:48:39.090000,409.3526641812511,7
2024-09-17 15:48:39.116000,409.3285689612808,98
2024-09-17 15:48:39.310000,409.36736180966216,1004
2024-09-17 15:48:39.461000,409.3105001156305,105
2024-09-17 15:48:39.464000,409.29972585839977,103
2024-09-17 15:48:39.535000,409.3389043372192,103
2024-09-17 15:48:39.608000,409.3577463654997,997
2024-09-17 15:48:39.667000,409.3442059336368,105
2024-09-17 15:48:39.675000,409.350628705248,13
2024-09-17 15:48:39.732000,409.3100968205978,995
2024-09-17 15:48:39.784000,409.3579827675199,12
2024-09-17 15:48:40.077000,409.31942032847365,102
2024-09-17 15:48:40.103000,409.3007689281419,997
2024-09-17 15:48:40.112000,409.291611148878,995
2024-09-17 15:48:40.122000,415.6474591565647,1004
2024-09-17 15:48:40.148000,409.29461604151385,11
2024-09-17 15:48:40.214000,409.2865032763509,97
2024-09-17 15:48:40.218000,409.2757490031326,10
2024-09-17 15:48:40.262000,409.2952871145481,6
2024-09-17 15:48:40.587000,409.3036657908928,14
2024-09-17 15:48:40.675000,409.28671228241865,1002
2024-09-17 15:48:40.825000,409.2719115802558,104
2024-09-17 15:48:40.832000,409.3086802413032,102
2024-09-17 15:48:40.840000,409.28021851222667,10
2024-09-17 15:48:40.860000,409.28956688505895,104
2024-09-17 15:48:40.913000,409.3095226524493,14
2024-09-17 15:48:40.916000,409.30538839239904,98
2024-09-17 15:48:41.013000,409.29197209852987,1005
2024-09-17 15:48:41.030000,409.2798177393447,105
2024-09-17 15:48:41.231000,409.28678469666727,1004
2024-09-17 15:48:41.282000,409.3067078906234,5
2024-09-17 15:48:41.317000,409.29747202616267,13
2024-09-17 15:48:41.331000,409.322884173017,101
2024-09-17 15:48:41.349000,409.3074909077855,97
2024-09-17 15:48:41.486000,409.2880328242676,1005
2024-09-17 15:48:41.520000,409.2968151386792,7
2024-09-17 15:48:41.521000,409.30564525100846,998
2024-09-17 15:48:41.539000,409.3168816993093,7
2024-09-17 15:48:41.635000,409.30531185762607,997
2024-09-17 15:48:41.668000,409.31546258054783,96
2024-09-17 15:48:41.714000,409.3194463976385,105
2024-09-17 15:48:41.728000,409.3244697196729,1002
2024-09-17 15:48:41.775000,409.294573250424,104
2024-09-17 15:48:41.940000,409.29780326270446,10
2024-09-17 15:48:41.964000,409.29844278232713,999
2024-09-17 15:48:41.999000,409.3218264536122,101
2024-09-17 15:48:42.049000,409.265044517894,100
2024-09-17 15:48:42.066000,409.20660988199705,96
2024-09-17 15:48:42.089000,409.22580580603807,15
2024-09-17 15:48:42.181000,409.2699171145651,12
2024-09-17 15:48:42.207000,415.4992247275173,105
2024-09-17 15:48:42.296000,409.26303469333664,9
2024-09-17 15:48:42.324000,409.2080522000625,95
2024-09-17 15:48:42.351000,409.2691706850226,995
2024-09-17 15:48:42.412000,409.2157847810361,1003
2024-09-17 15:48:42.452000,409.2297147906228,13
2024-09-17 15:48:42.546000,409.2167352278702,13
2024-09-17 15:48:42.614000,409.2247366268825,997
2024-09-17 15:48:42.650000,409.2648957845811,999
2024-09-17 15:48:42.659000,409.26863695224085,1000
2024-09-17 15:48:42.684000,409.21634147712433,101
2024-09-17 15:48:42.772000,409.2130761125077,1003
2024-09-17 15:48:42.793000,409.26710502393456,12
2024-09-17 15:48:42.834000,409.2172435965364,105
2024-09-17 15:48:42.928000,409.26595616230645,1004
2024-09-17 15:48:42.992000,409.2693165002168,99
2024-09-17 15:48:43.372000,409.2170899591651,6
2024-09-17 15:48:43.840000,409.2268443891258,5
2024-09-17 15:48:44.283000,409.2141978696812,95
2024-09-17 15:48:44.679000,409.19975653385393,96
2024-09-17 15:48:44.923000,409.2211709026933,104
2024-09-17 15:48:45.039000,409.27623753037625,100
2024-09-17 15:48:45.056000,409.19721454836224,99
2024-09-17 15:48:45.079000,409.3121054683981,15
2024-09-17 15:48:45.112000,409.26896426301926,1004
2024-09-17 15:48:45.139000,409.2556451384352,11
2024-09-17 15:48:45.163000,409.30712613162416,11
2024-09-17 15:48:45.180000,409.2669738325537,12
2024-09-17 15:48:45.188000,409.2990975387391,99
2024-09-17 15:48:45.222000,409.3065212594147,99
2024-09-17 15:48:45.405000,409.3046572666861,1003
2024-09-17 15:48:45.410000,409.28477489268766,1003
2024-09-17 15:48:45.422000,409.29161101897006,996
2024-09-17 15:48:45.437000,409.272696070722,105
2024-09-17 15:48:45.458000,409.3087011157696,11
2024-09-17 15:48:45.497000,409.2774197714799,9
2024-09-17 15:48:45.550000,409.2418603070986,997
2024-09-17 15:48:45.579000,409.3080902474041,5
2024-09-17 15:48:45.651000,409.2730513898175,95
2024-09-17 15:48:45.658000,409.2921113872625,1000
2024-09-17 15:48:45.695000,409.2787020277474,103
2024-09-17 15:48:45.748000,409.3158610817904,7
2024-09-17 15:48:45.813000,409.207794826782,104
2024-09-17 15:48:45.844000,409.21781905345256,11
2024-09-17 15:48:45.866000,409.2008713205563,97
2024-09-17 15:48:45.989000,409.25283528594514,1002
2024-09-17 15:48:46.294000,409.2628517480665,12
2024-09-17 15:48:46.573000,409.2665892288091,12
2024-09-17 15:48:46.589000,409.2729958567608,996
2024-09-17 15:48:46.612000,409.2671042675017,995
2024-09-17 15:48:46.805000,409.26086198799777,9
2024-09-17 15:48:46.854000,409.2716035400402,6
2024-09-17 15:48:47.075000,409.2632135859997,998
2024-09-17 15:48:47.830000,409.26904359392944,95
2024-09-17 15:48:48.040000,409.1961966340666,7
2024-09-17 15:48:48.137000,409.20645044402215,99
2024-09-17 15:48:48.393000,409.2363635258454,6
2024-09-17 15:48:48.438000,409.2547912230165,998
2024-09-17 15:48:48.565000,409.20801071383386,95
2024-09-17 15:48:48.710000,409.251315937743,105
2024-09-17 15:48:48.781000,409.2050114582754,100
2024-09-17 15:48:48.813000,409.2146271312721,100
2024-09-17 15:48:49.073000,409.2046724514497,998
2024-09-17 15:48:49.157000,409.2079170157506,14
2024-09-17 15:48:49.254000,409.2234240455445,1001
2024-09-17 15:48:49.334000,409.2117370651084,1001
2024-09-17 15:48:49.408000,409.2148545355215,995
2024-09-17 15:48:49.807000,409.2039309675988,100
2024-09-17 15:48:49.970000,409.2040094335916,97
2024-09-17 15:48:50.035000,409.2136667183337,996
2024-09-17 15:48:50.073000,409.1605466197551,15
2024-09-17 15:48:50.087000,409.2157419190448,996
2024-09-17 15:48:50.094000,409.1710660954592,15
2024-09-17 15:48:50.112000,409.1455527165324,7
2024-09-17 15:48:50.199000,409.192771224404,96
2024-09-17 15:48:50.277000,415.52252796655335,1000
2024-09-17 15:48:50.303000,409.1812806569823,11
2024-09-17 15:48:50.365000,409.2149408732648,6
2024-09-17 15:48:50.411000,409.15997879579135,105
2024-09-17 15:48:50.417000,409.201199689177,105
2024-09-17 15:48:50.430000,409.1985039893714,1002
2024-09-17 15:48:50.479000,409.1914695242684,105
2024-09-17 15:48:50.571000,409.2099892199403,996
2024-09-17 15:48:50.572000,409.1751109849527,1002
2024-09-17 15:48:50.591000,409.16217002802864,101
2024-09-17 15:48:50.616000,409.17239308786856,105
2024-09-17 15:48:50.647000,409.16807487662624,1003
2024-09-17 15:48:50.729000,409.19662227243793,95
2024-09-17 15:48:50.730000,409.1483663192816,998
2024-09-17 15:48:50.733000,409.1933168227637,1004
2024-09-17 15:48:50.735000,409.21406303951886,98
2024-09-17 15:48:50.807000,409.233898302562,1002
2024-09-17 15:48:50.816000,409.21382352988536,102
2024-09-17 15:48:50.832000,409.20111411630063,100
2024-09-17 15:48:50.837000,409.1905708368512,103
2024-09-17 15:48:50.867000,409.2224026191955,6
2024-09-17 15:48:50.958000,409.1993821878267,103
2024-09-17 15:48:50.974000,409.14521335251226,105
2024-09-17 15:48:51.056000,409.2250057296621,104
2024-09-17 15:48:51.074000,409.2466261590681,7
2024-09-17 15:48:51.220000,409.21985860418215,14
2024-09-17 15:48:51.326000,409.2219370356627,96
2024-09-17 15:48:51.449000,409.2052347432102,995
2024-09-17 15:48:51.550000,409.2235100839833,998
2024-09-17 15:48:51.597000,409.2572683704772,10
2024-09-17 15:48:51.663000,409.22116285043046,101
2024-09-17 15:48:51.692000,409.2409907825005,10
2024-09-17 15:48:51.693000,409.2308964175915,11
2024-09-17 15:48:51.761000,409.2665149661737,8
2024-09-17 15:48:51.845000,409.2161553150462,998
2024-09-17 15:48:51.879000,409.2119197628676,1001
2024-09-17 15:48:51.879000,409.2485715997842,102
2024-09-17 15:48:51.880000,409.242503027403,10
2024-09-17 15:48:51.896000,409.25100721112943,103
2024-09-17 15:48:51.933000,409.2549825622916,5
2024-09-17 15:48:52.021000,409.2456727912818,1005
2024-09-17 15:48:52.082000,409.24454171661546,1000
2024-09-17 15:48:52.136000,409.2808161839865,97
2024-09-17 15:48:52.150000,409.239330412804,100
2024-09-17 15:48:52.253000,409.2679444541261,997
2024-09-17 15:48:52.340000,409.28285964320526,1003
2024-09-17 15:48:52.369000,409.275488270841,5
2024-09-17 15:48:52.370000,409.2419870259995,103
2024-09-17 15:48:52.515000,409.31378477253327,8
2024-09-17 15:48:52.583000,409.2868567162765,97
2024-09-17 15:48:52.697000,409.2377868318532,998
2024-09-17 15:48:52.774000,409.2681394671751,12
2024-09-17 15:48:52.800000,409.2350542398081,104
2024-09-17 15:48:52.806000,409.3006694781647,11
2024-09-17 15:48:52.908000,409.3176570221721,98
2024-09-17 15:48:52.933000,409.2444606754361,95
2024-09-17 15:48:52.942000,409.2187308757074,1002
2024-09-17 15:48:52.997000,409.2877244563485,1002
2024-09-17 15:48:53.084000,409.2764862934952,97
2024-09-17 15:48:53.110000,409.2264950670663,96
2024-09-17 15:48:53.119000,409.2449468442678,101
2024-09-17 15:48:53.164000,409.2274792485662,995
2024-09-17 15:48:53.396000,409.2014329853342,14
2024-09-17 15:48:53.400000,409.1933914172664,1002
2024-09-17 15:48:53.427000,409.2928133964644,1001
2024-09-17 15:48:53.503000,409.2906686030163,8
2024-09-17 15:48:53.759000,409.2097490673602,101
2024-09-17 15:48:53.891000,409.2621041519046,9
2024-09-17 15:48:53.951000,409.2544815765538,999
2024-09-17 15:48:53.954000,409.2483011469786,101
2024-09-17 15:48:53.969000,409.2109955082692,97
2024-09-17 15:48:54.031000,409.1460589072304,95
2024-09-17 15:48:54.036000,409.1508557343022,1005
2024-09-17 15:48:54.136000,409.17785651785687,95
2024-09-17 15:48:54.164000,409.17769582651454,100
2024-09-17 15:48:54.179000,409.1816647655298,97
2024-09-17 15:48:54.202000,409.1738216403591,103
2024-09-17 15:48:54.284000,409.1972349519792,1000
2024-09-17 15:48:54.334000,409.1555304625602,5
2024-09-17 15:48:54.336000,409.1631550758769,1004
2024-09-17 15:48:54.352000,409.168004073945,1003
2024-09-17 15:48:54.405000,409.1574549084736,7
2024-09-17 15:48:54.456000,409.1765538517244,1002
2024-09-17 15:48:54.564000,409.1505671346432,14
2024-09-17 15:48:54.576000,409.1988642005223,103
2024-09-17 15:48:54.639000,409.1966047174756,997
2024-09-17 15:48:54.738000,409.1756317983069,1000
2024-09-17 15:48:54.811000,409.1750525197322,1005
2024-09-17 15:48:54.912000,409.1394323726744,14
2024-09-17 15:48:54.948000,409.1589324138137,96
2024-09-17 15:48:55.087000,409.1703529770263,1004
2024-09-17 15:48:55.097000,409.2055931804163,100
2024-09-17 15:48:55.107000,409.1886108090164,15
2024-09-17 15:48:55.184000,409.180112770028,104
2024-09-17 15:48:55.228000,409.20638384041166,1002
2024-09-17 15:48:55.317000,409.1786701538359,102
2024-09-17 15:48:55.321000,409.1965362872273,13
2024-09-17 15:48:55.323000,409.1949053173457,99
2024-09-17 15:48:55.340000,409.1985857308831,7
2024-09-17 15:48:55.343000,409.18980357906304,10
2024-09-17 15:48:55.369000,409.1941029474444,98
2024-09-17 15:48:55.435000,409.17652030102886,1004
2024-09-17 15:48:55.457000,409.1782001942173,14
2024-09-17 15:48:55.504000,409.16166688558366,6
2024-09-17 15:48:55.554000,409.17148982004585,1000
2024-09-17 15:48:55.586000,409.1828006068179,96
2024-09-17 15:48:55.620000,409.1934127884583,1005
2024-09-17 15:48:55.622000,409.1832877867309,105
2024-09-17 15:48:55.713000,409.1935680741116,5
2024-09-17 15:48:55.749000,409.1855856356794,11
2024-09-17 15:48:55.761000,409.1820423584723,1001
2024-09-17 15:48:55.776000,409.1811866355982,8
2024-09-17 15:48:55.826000,409.1789255300868,1005
2024-09-17 15:48:55.953000,409.178109456626,7
2024-09-17 15:48:55.955000,409.17270477789816,102
2024-09-17 15:48:55.965000,409.18234328111527,997
2024-09-17 15:48:56.028000,409.1782160998699,1005
2024-09-17 15:48:56.066000,409.1311097597893,7
2024-09-17 15:48:56.112000,409.19354412968886,996
2024-09-17 15:48:56.141000,409.1648989229226,99
2024-09-17 15:48:56.170000,409.1737170863328,997
2024-09-17 15:48:56.180000,409.1492546403656,102
2024-09-17 15:48:56.202000,409.1488588044893,95
2024-09-17 15:48:56.296000,409.16805916855446,998
2024-09-17 15:48:56.393000,409.17938722240086,14
2024-09-17 15:48:56.407000,409.1894087618047,104
2024-09-17 15:48:56.413000,409.1800506758484,99
2024-09-17 15:48:56.438000,409.1831128657549,104
2024-09-17 15:48:56.456000,409.17352549553175,11
2024-09-17 15:48:56.544000,409.2159483278989,1005
2024-09-17 15:48:56.563000,409.1562222878345,99
2024-09-17 15:48:56.567000,409.1550576355553,99
2024-09-17 15:48:56.568000,409.17395824612765,1004
2024-09-17 15:48:56.617000,409.16809046294793,105
2024-09-17 15:48:56.689000,409.15836986986426,5
2024-09-17 15:48:56.720000,409.2018569109912,995
2024-09-17 15:48:56.728000,409.1841164307357,1004
2024-09-17 15:48:56.776000,409.1588904275133,8
2024-09-17 15:48:56.838000,409.15276476285794,996
2024-09-17 15:48:56.856000,409.176326281246,995
2024-09-17 15:48:56.866000,409.15734572313215,6
2024-09-17 15:48:56.893000,409.1853266270875,1004
2024-09-17 15:48:56.937000,409.1752157490537,15
2024-09-17 15:48:56.956000,409.1411408691516,1002
2024-09-17 15:48:57.039000,409.14390915467993,1004
2024-09-17 15:48:57.196000,409.14197314460495,6
2024-09-17 15:48:57.495000,409.1510886342064,103
2024-09-17 15:48:57.933000,409.152494069231,10
2024-09-17 15:48:58.292000,409.1362521210431,5
2024-09-17 15:48:58.846000,409.1403775287828,7
2024-09-17 15:48:59.109000,409.1502669146095,102
2024-09-17 15:48:59.111000,409.1578856387381,102
2024-09-17 15:48:59.176000,409.1533768782328,5
2024-09-17 15:48:59.571000,409.1396843288321,999
2024-09-17 15:48:59.675000,409.13164666951735,1001
2024-09-17 15:48:59.899000,409.1567198815487,997
2024-09-17 15:48:59.904000,409.1374895042608,13
2024-09-17 15:48:59.952000,409.1592343173766,97
2024-09-17 15:48:59.977000,409.1546032961844,1005
