Timestamp,Price,Size
2024-09-20 09:33:00.101000,421.9111114217518,5
2024-09-20 09:33:00.119000,421.8858605389956,98
2024-09-20 09:33:00.154000,421.86212368000514,996
2024-09-20 09:33:00.205000,421.8912057320038,999
2024-09-20 09:33:00.209000,421.9096159516739,105
2024-09-20 09:33:00.212000,421.8921165613024,13
2024-09-20 09:33:00.223000,421.9515257576306,98
2024-09-20 09:33:00.249000,421.88292333735706,97
2024-09-20 09:33:00.329000,421.89192370659856,5
2024-09-20 09:33:00.329000,421.866032533233,1001
2024-09-20 09:33:00.362000,421.88618127617394,10
2024-09-20 09:33:00.367000,421.9075627621699,1004
2024-09-20 09:33:00.387000,421.86311311055056,995
2024-09-20 09:33:00.446000,421.9207543341301,105
2024-09-20 09:33:00.468000,421.8580141966458,103
2024-09-20 09:33:00.536000,421.8857100810831,99
2024-09-20 09:33:00.566000,421.8891576876542,97
2024-09-20 09:33:00.578000,421.9100221142616,995
2024-09-20 09:33:00.588000,421.9196927786196,14
2024-09-20 09:33:00.810000,421.8790386905242,998
2024-09-20 09:33:00.863000,421.8911749815849,101
2024-09-20 09:33:00.894000,421.8828968567727,105
2024-09-20 09:33:00.903000,421.8675265167896,12
2024-09-20 09:33:00.911000,421.88959338607816,995
2024-09-20 09:33:00.937000,421.8827885151628,102
2024-09-20 09:33:00.954000,421.9013952392037,7
2024-09-20 09:33:00.981000,421.91897792699285,14
2024-09-20 09:33:01.086000,421.88189724684406,9
2024-09-20 09:33:01.191000,421.9235106657544,12
2024-09-20 09:33:01.278000,421.9063791274196,96
2024-09-20 09:33:01.299000,421.9482762806416,6
2024-09-20 09:33:01.352000,421.9034783759556,998
2024-09-20 09:33:01.422000,421.9103995224448,1000
2024-09-20 09:33:01.490000,421.9652099080353,15
2024-09-20 09:33:01.527000,421.92719783279705,1003
2024-09-20 09:33:01.647000,421.9427422684958,104
2024-09-20 09:33:01.669000,421.9430474231412,102
2024-09-20 09:33:01.689000,421.955341599037,102
2024-09-20 09:33:01.745000,421.9165364692138,1003
2024-09-20 09:33:01.757000,421.95278380253495,1001
2024-09-20 09:33:01.831000,421.9205796118976,101
2024-09-20 09:33:01.836000,421.9571298100889,1002
2024-09-20 09:33:01.849000,421.92312605883046,98
2024-09-20 09:33:01.983000,421.9081683749968,995
2024-09-20 09:33:02.016000,422.0724006837918,101
2024-09-20 09:33:02.145000,422.07021442146566,1003
2024-09-20 09:33:02.168000,421.9466117111138,1000
2024-09-20 09:33:02.239000,421.9821249064548,15
2024-09-20 09:33:02.256000,421.9763119184066,1000
2024-09-20 09:33:02.262000,422.0469306433168,9
2024-09-20 09:33:02.306000,422.0305449166157,104
2024-09-20 09:33:02.328000,422.0369494718889,104
2024-09-20 09:33:02.415000,421.9667515667857,100
2024-09-20 09:33:02.530000,421.99475414041103,100
2024-09-20 09:33:02.545000,422.03601314751097,104
2024-09-20 09:33:02.552000,422.0442244458266,12
2024-09-20 09:33:02.651000,422.0547731963244,12
2024-09-20 09:33:02.675000,422.0508867805758,100
2024-09-20 09:33:02.725000,422.0537445302459,998
2024-09-20 09:33:02.755000,422.03730524316654,10
2024-09-20 09:33:02.765000,422.0429747948405,10
2024-09-20 09:33:02.776000,422.03915477650406,14
2024-09-20 09:33:02.796000,422.0452523661645,999
2024-09-20 09:33:02.832000,422.02488348106647,14
2024-09-20 09:33:02.895000,422.03015954485056,103
2024-09-20 09:33:02.896000,422.0462069305424,996
2024-09-20 09:33:02.921000,422.0350940455271,998
2024-09-20 09:33:02.945000,422.02069140508087,1003
2024-09-20 09:33:03.154000,422.0516718445512,8
2024-09-20 09:33:03.471000,422.0108868328291,103
2024-09-20 09:33:03.523000,422.0386323948246,1000
2024-09-20 09:33:03.890000,422.0338666723346,105
2024-09-20 09:33:03.971000,422.0492313879778,6
2024-09-20 09:33:04.051000,422.0184849027361,9
2024-09-20 09:33:04.114000,422.0350842393652,1002
2024-09-20 09:33:04.147000,422.0075095232241,101
2024-09-20 09:33:04.159000,422.04652247047983,12
2024-09-20 09:33:04.182000,422.012961822776,10
2024-09-20 09:33:04.208000,422.0469093198672,996
2024-09-20 09:33:04.221000,422.0247912581633,7
2024-09-20 09:33:04.357000,422.02600327495617,101
2024-09-20 09:33:04.480000,422.03282496085336,999
2024-09-20 09:33:04.510000,422.00365483790233,9
2024-09-20 09:33:04.605000,422.01726615984944,100
2024-09-20 09:33:04.698000,422.0289894714168,7
2024-09-20 09:33:04.852000,422.0263884666724,99
2024-09-20 09:33:04.865000,422.0323717732828,98
2024-09-20 09:33:04.943000,422.00850685133366,102
2024-09-20 09:33:04.985000,422.03415149236497,101
2024-09-20 09:33:05.050000,422.0195875365188,12
2024-09-20 09:33:05.062000,421.9572206774025,98
2024-09-20 09:33:05.094000,421.9487038225116,13
2024-09-20 09:33:05.303000,421.9517685566807,998
2024-09-20 09:33:05.321000,421.9194190038857,98
2024-09-20 09:33:05.326000,421.91503112720096,99
2024-09-20 09:33:05.330000,422.0242466655489,5
2024-09-20 09:33:05.334000,421.9535000873418,1004
2024-09-20 09:33:05.391000,421.8993254670732,11
2024-09-20 09:33:05.437000,421.92929620340817,95
2024-09-20 09:33:05.438000,421.9363360221571,995
2024-09-20 09:33:05.441000,421.920711163992,1004
2024-09-20 09:33:05.476000,422.0018091357151,1004
2024-09-20 09:33:05.502000,422.013864639901,1003
2024-09-20 09:33:05.525000,422.0149656682089,100
2024-09-20 09:33:05.556000,421.91794556234873,96
2024-09-20 09:33:05.557000,421.92685360291097,10
2024-09-20 09:33:05.623000,421.9921272327466,1005
2024-09-20 09:33:05.677000,421.9468146985119,14
2024-09-20 09:33:05.702000,421.9292195642154,6
2024-09-20 09:33:05.777000,422.0203244493615,1004
2024-09-20 09:33:05.792000,422.00611854119,102
2024-09-20 09:33:05.970000,421.92998808591045,1004
2024-09-20 09:33:06.023000,421.914561917194,1001
2024-09-20 09:33:06.223000,421.9021927493268,6
2024-09-20 09:33:06.234000,421.9329151551733,998
2024-09-20 09:33:06.234000,421.8847347675717,1000
2024-09-20 09:33:06.262000,421.9133642622493,1000
2024-09-20 09:33:06.352000,421.9136068754338,1002
2024-09-20 09:33:06.565000,421.915621423029,12
2024-09-20 09:33:06.567000,421.92207769354815,104
2024-09-20 09:33:06.708000,421.92253733879454,9
2024-09-20 09:33:06.767000,421.9158624899223,11
2024-09-20 09:33:06.838000,421.9291275590175,995
2024-09-20 09:33:06.865000,421.9177684280495,5
2024-09-20 09:33:06.917000,421.89274336064153,7
2024-09-20 09:33:06.927000,421.9031259322014,1003
2024-09-20 09:33:06.964000,421.8914752482386,98
2024-09-20 09:33:07.037000,421.8823468146982,105
2024-09-20 09:33:07.057000,421.8829463748498,96
2024-09-20 09:33:07.086000,421.8921201295663,105
2024-09-20 09:33:07.172000,421.9281047245579,1000
2024-09-20 09:33:07.318000,421.9126808269047,11
2024-09-20 09:33:07.392000,421.88332659557113,997
2024-09-20 09:33:07.397000,421.8823553067993,95
2024-09-20 09:33:07.399000,421.902132996818,997
2024-09-20 09:33:07.444000,421.87563685955945,1000
2024-09-20 09:33:07.505000,421.87611259225775,1005
2024-09-20 09:33:07.525000,421.8695249417984,13
2024-09-20 09:33:07.528000,421.9371563806717,998
2024-09-20 09:33:07.547000,421.91737112086895,102
2024-09-20 09:33:07.553000,421.8848075720886,98
2024-09-20 09:33:07.564000,421.9031858631104,14
2024-09-20 09:33:07.597000,421.8761906440828,13
2024-09-20 09:33:07.637000,421.88206515194537,9
2024-09-20 09:33:07.681000,421.8649134533804,12
2024-09-20 09:33:07.686000,421.9117694239457,1004
2024-09-20 09:33:07.710000,421.8788676107472,95
2024-09-20 09:33:07.776000,421.87803368771387,1004
2024-09-20 09:33:07.810000,421.8856688715248,105
2024-09-20 09:33:07.841000,421.87826438357007,996
2024-09-20 09:33:07.857000,421.8882385823479,99
2024-09-20 09:33:07.874000,421.8802587499794,1000
2024-09-20 09:33:07.963000,421.9240523862781,10
2024-09-20 09:33:07.981000,421.8971136315034,995
2024-09-20 09:33:07.996000,421.907812538447,999
2024-09-20 09:33:08.081000,421.8385586186376,103
2024-09-20 09:33:08.415000,421.84327233516495,7
2024-09-20 09:33:08.546000,421.8176478170504,998
2024-09-20 09:33:08.563000,421.83012116195687,13
2024-09-20 09:33:08.584000,421.846883778856,996
2024-09-20 09:33:08.611000,421.8434903477768,102
2024-09-20 09:33:08.624000,421.8077411471176,96
2024-09-20 09:33:08.736000,421.8361605597521,1004
2024-09-20 09:33:08.740000,421.8759549624461,101
2024-09-20 09:33:08.839000,421.8268467780247,997
2024-09-20 09:33:08.888000,421.84145710707264,13
2024-09-20 09:33:09.020000,421.815278094156,998
2024-09-20 09:33:09.037000,421.746731736412,103
2024-09-20 09:33:09.113000,421.8175232759455,6
2024-09-20 09:33:09.125000,421.7982644738266,95
2024-09-20 09:33:09.233000,421.7935207364425,14
2024-09-20 09:33:09.356000,421.7766985868984,9
2024-09-20 09:33:09.532000,421.7751697167115,999
2024-09-20 09:33:09.543000,421.7578025742322,97
2024-09-20 09:33:09.699000,421.78633747437016,7
2024-09-20 09:33:09.922000,421.7579348582986,997
2024-09-20 09:33:09.952000,421.8281760510095,7
2024-09-20 09:33:10.065000,421.75635839909904,104
2024-09-20 09:33:10.197000,421.75350442940766,1000
2024-09-20 09:33:10.282000,421.7266888678075,997
2024-09-20 09:33:10.307000,421.76275815879467,100
2024-09-20 09:33:10.385000,421.7573133897763,95
2024-09-20 09:33:10.513000,421.72651243219536,1002
2024-09-20 09:33:10.635000,421.7637040193816,9
2024-09-20 09:33:10.642000,421.7327786615176,6
2024-09-20 09:33:10.720000,421.7405868254895,1000
2024-09-20 09:33:10.743000,421.7514139831363,102
2024-09-20 09:33:10.845000,421.7372170211143,97
2024-09-20 09:33:10.961000,421.7495233244841,96
2024-09-20 09:33:11.321000,421.75387932934296,996
2024-09-20 09:33:11.447000,421.7365711532893,6
2024-09-20 09:33:11.574000,421.74499102129744,101
2024-09-20 09:33:11.613000,421.7631505237178,104
2024-09-20 09:33:11.808000,421.7494260464485,9
2024-09-20 09:33:11.863000,421.73693836950287,5
2024-09-20 09:33:11.959000,421.7530444199933,100
2024-09-20 09:33:12.013000,421.7268162409039,998
2024-09-20 09:33:12.116000,421.7123148371021,11
2024-09-20 09:33:12.139000,421.7235613098493,95
2024-09-20 09:33:12.151000,421.7293703595102,100
2024-09-20 09:33:12.156000,421.6939164821616,999
2024-09-20 09:33:12.183000,421.71126909895816,14
2024-09-20 09:33:12.192000,421.714243309032,999
2024-09-20 09:33:12.223000,421.7611520173909,1003
2024-09-20 09:33:12.226000,421.697995420136,1004
2024-09-20 09:33:12.337000,421.7163225322573,95
2024-09-20 09:33:12.427000,421.7193132942826,1003
2024-09-20 09:33:12.462000,421.732396882077,9
2024-09-20 09:33:12.471000,421.68552015593775,9
2024-09-20 09:33:12.473000,421.7520929052905,5
2024-09-20 09:33:12.545000,421.6881665587367,14
2024-09-20 09:33:12.589000,421.7221698499183,13
2024-09-20 09:33:12.682000,421.7053746118419,13
2024-09-20 09:33:12.691000,421.7151434335559,995
2024-09-20 09:33:12.769000,421.6942219654771,98
2024-09-20 09:33:12.844000,421.7396290448454,102
2024-09-20 09:33:12.851000,421.7338201712512,96
2024-09-20 09:33:12.856000,421.7558299745396,105
2024-09-20 09:33:12.889000,421.7308191661197,5
2024-09-20 09:33:12.914000,421.684095822677,998
2024-09-20 09:33:12.916000,421.6920798069954,13
2024-09-20 09:33:12.965000,421.6773929239216,9
2024-09-20 09:33:12.990000,421.6821432662223,11
2024-09-20 09:33:12.992000,421.68689643378536,1000
2024-09-20 09:33:13.059000,421.66639815985104,15
2024-09-20 09:33:13.071000,421.6769903269348,15
2024-09-20 09:33:13.237000,421.6724869467618,102
2024-09-20 09:33:13.337000,421.6928215940567,5
2024-09-20 09:33:13.401000,421.6894693387418,1002
2024-09-20 09:33:13.522000,421.7166339195935,103
2024-09-20 09:33:13.544000,421.6972446447727,104
2024-09-20 09:33:13.561000,421.67697284478265,13
2024-09-20 09:33:13.562000,421.6919145651106,1001
2024-09-20 09:33:13.583000,421.6743255853325,101
2024-09-20 09:33:13.670000,421.6792579452702,12
2024-09-20 09:33:13.677000,421.7092055870884,102
2024-09-20 09:33:13.828000,421.7134037697384,98
2024-09-20 09:33:13.873000,421.6732665693845,996
2024-09-20 09:33:14.013000,421.711083598476,1002
2024-09-20 09:33:14.224000,421.7227191642773,1000
2024-09-20 09:33:14.388000,421.7079614037866,102
2024-09-20 09:33:14.419000,421.7108116216848,98
2024-09-20 09:33:14.802000,421.73161476429954,96
2024-09-20 09:33:14.839000,421.71621083729246,13
2024-09-20 09:33:14.916000,421.70223068421353,9
2024-09-20 09:33:14.921000,421.71747047860833,1001
2024-09-20 09:33:16.056000,421.73876166639707,997
2024-09-20 09:33:16.199000,421.6942353670345,1005
2024-09-20 09:33:16.241000,421.7398342627378,998
2024-09-20 09:33:16.263000,421.7380716075514,97
2024-09-20 09:33:16.320000,421.69110765027307,95
2024-09-20 09:33:16.327000,421.66551630413846,1002
2024-09-20 09:33:16.520000,421.66232144018176,101
2024-09-20 09:33:16.570000,421.7190197368079,105
2024-09-20 09:33:16.676000,421.7190441957577,12
2024-09-20 09:33:16.741000,421.75208466230896,999
2024-09-20 09:33:16.805000,421.7315764634332,1000
2024-09-20 09:33:16.815000,421.7190521428036,7
2024-09-20 09:33:16.914000,421.7516772799033,99
2024-09-20 09:33:16.952000,421.74242329425056,999
2024-09-20 09:33:16.976000,421.7352165076909,13
2024-09-20 09:33:16.982000,421.7072657155076,7
2024-09-20 09:33:17.063000,421.6849415076104,12
2024-09-20 09:33:17.194000,421.67818803700334,10
2024-09-20 09:33:17.339000,421.6858431396064,103
2024-09-20 09:33:17.368000,421.6825742076719,1004
2024-09-20 09:33:17.559000,421.6900873524273,105
2024-09-20 09:33:17.678000,421.6644879626604,1001
2024-09-20 09:33:17.679000,421.67157419698543,105
2024-09-20 09:33:17.878000,421.66502201093874,1002
2024-09-20 09:33:17.911000,421.6714358912842,11
2024-09-20 09:33:18.015000,421.6929960339943,1005
2024-09-20 09:33:18.018000,421.68625102510987,1000
2024-09-20 09:33:18.044000,421.7018564957056,98
2024-09-20 09:33:18.048000,421.7176034634917,96
2024-09-20 09:33:18.093000,421.7084991977365,7
2024-09-20 09:33:18.095000,421.73563768636257,8
2024-09-20 09:33:18.099000,421.65963449292775,14
2024-09-20 09:33:18.183000,421.6563856639688,95
2024-09-20 09:33:18.199000,421.72480133501074,100
2024-09-20 09:33:18.215000,421.7301008518451,104
2024-09-20 09:33:18.232000,421.7172821591803,99
2024-09-20 09:33:18.256000,421.7179738228232,11
2024-09-20 09:33:18.279000,421.7055557698539,99
2024-09-20 09:33:18.300000,421.72780282275335,5
2024-09-20 09:33:18.314000,421.7117945704538,997
2024-09-20 09:33:18.320000,421.7168996989079,104
2024-09-20 09:33:18.365000,421.7117174576928,13
2024-09-20 09:33:18.410000,421.70898449423305,1002
2024-09-20 09:33:18.547000,421.72248943732336,103
2024-09-20 09:33:18.562000,421.7209616562558,9
2024-09-20 09:33:18.593000,421.7287538968563,101
2024-09-20 09:33:18.658000,421.72513263918273,13
2024-09-20 09:33:18.698000,421.6882814246391,1003
2024-09-20 09:33:18.746000,421.7011308134643,96
2024-09-20 09:33:18.748000,421.718784755499,5
2024-09-20 09:33:18.765000,421.72392512346926,7
2024-09-20 09:33:18.778000,421.70977333253234,1003
2024-09-20 09:33:18.992000,421.6988480772818,8
2024-09-20 09:33:19.064000,421.6942226359326,103
2024-09-20 09:33:19.141000,421.7031204571513,99
2024-09-20 09:33:19.162000,421.6940721229836,95
2024-09-20 09:33:19.194000,421.63433033307314,998
2024-09-20 09:33:19.196000,421.7019747056242,997
2024-09-20 09:33:19.204000,421.6952192112994,98
2024-09-20 09:33:19.251000,421.67514826477225,12
2024-09-20 09:33:19.292000,421.64400209924565,1005
2024-09-20 09:33:19.295000,421.6611221265224,13
2024-09-20 09:33:19.319000,421.6577332175491,15
2024-09-20 09:33:19.333000,421.66362472987953,13
2024-09-20 09:33:19.601000,421.69697057259975,6
2024-09-20 09:33:19.660000,421.6804121891203,1001
2024-09-20 09:33:19.759000,421.6435101304923,101
2024-09-20 09:33:19.761000,421.6882926455486,97
2024-09-20 09:33:19.791000,421.65754503201606,15
2024-09-20 09:33:19.833000,421.6830284898157,96
2024-09-20 09:33:19.881000,421.6819448154282,101
2024-09-20 09:33:19.936000,421.7019300583104,999
2024-09-20 09:33:19.946000,421.6953057646825,997
2024-09-20 09:33:20.012000,421.6821741435427,98
2024-09-20 09:33:20.014000,421.6926653851838,1003
2024-09-20 09:33:20.078000,421.64222703390936,999
2024-09-20 09:33:20.091000,421.6887107545521,13
2024-09-20 09:33:20.120000,421.6702113037514,101
2024-09-20 09:33:20.120000,421.71799217365634,96
2024-09-20 09:33:20.155000,421.6792082808285,10
2024-09-20 09:33:20.233000,421.7454836034465,102
2024-09-20 09:33:20.279000,421.7729452891472,102
2024-09-20 09:33:20.311000,421.7587285475512,12
2024-09-20 09:33:20.326000,421.6753360202941,12
2024-09-20 09:33:20.327000,421.7229832613922,1003
2024-09-20 09:33:20.383000,421.7210857768425,998
2024-09-20 09:33:20.393000,421.7358783948114,996
2024-09-20 09:33:20.402000,421.72523225582944,7
2024-09-20 09:33:20.467000,421.7474412575911,96
2024-09-20 09:33:20.511000,421.681483867657,96
2024-09-20 09:33:20.553000,421.73296437237786,12
2024-09-20 09:33:20.617000,421.7793946587975,10
2024-09-20 09:33:20.751000,421.7218389285543,6
2024-09-20 09:33:20.770000,421.7698920444373,98
2024-09-20 09:33:20.828000,421.64900612739706,10
2024-09-20 09:33:20.873000,421.7052855283093,998
2024-09-20 09:33:21.368000,421.7750278023869,10
2024-09-20 09:33:21.495000,421.7755862231724,1004
2024-09-20 09:33:21.620000,421.7961307662756,12
2024-09-20 09:33:21.695000,421.7836212532935,13
2024-09-20 09:33:22.019000,421.74272018486425,105
2024-09-20 09:33:22.075000,421.7726033796984,96
2024-09-20 09:33:22.092000,421.7577719391451,995
2024-09-20 09:33:22.126000,421.7603978918598,5
2024-09-20 09:33:22.158000,421.723914947198,99
2024-09-20 09:33:22.210000,421.7619766930868,15
2024-09-20 09:33:22.231000,421.71974982687743,15
2024-09-20 09:33:22.239000,421.74540860365113,99
2024-09-20 09:33:22.279000,421.8066834123158,12
2024-09-20 09:33:22.328000,421.74525135055154,6
2024-09-20 09:33:22.385000,421.8023271442544,1000
2024-09-20 09:33:22.407000,421.77591458327606,1000
2024-09-20 09:33:22.430000,421.7866311306669,12
2024-09-20 09:33:22.431000,421.749351918464,996
2024-09-20 09:33:22.491000,421.7288489106954,1003
2024-09-20 09:33:22.553000,421.74695781970826,11
2024-09-20 09:33:22.590000,421.7561103601692,997
2024-09-20 09:33:22.638000,421.7467309418371,996
2024-09-20 09:33:22.649000,421.7739010124208,1002
2024-09-20 09:33:22.655000,421.7178993459349,95
2024-09-20 09:33:22.822000,421.7104486136188,104
2024-09-20 09:33:22.824000,421.7273209326092,12
2024-09-20 09:33:22.855000,421.76158733697895,5
2024-09-20 09:33:22.882000,421.7724829041045,1002
2024-09-20 09:33:22.897000,421.7389332797481,5
2024-09-20 09:33:22.927000,421.7122291536623,100
2024-09-20 09:33:22.930000,421.7597591431701,97
2024-09-20 09:33:22.955000,421.7705702604839,104
2024-09-20 09:33:23.243000,421.78929034285017,1000
2024-09-20 09:33:23.425000,421.7898607503677,8
2024-09-20 09:33:23.436000,421.78790223478177,999
2024-09-20 09:33:23.595000,421.7777067377919,1004
2024-09-20 09:33:23.673000,421.8065444408936,96
2024-09-20 09:33:23.690000,421.7597877382283,103
2024-09-20 09:33:23.787000,421.7694867898316,9
2024-09-20 09:33:23.796000,421.80423119949967,96
2024-09-20 09:33:23.819000,421.80094160289553,11
2024-09-20 09:33:24.084000,421.78444116678025,1003
2024-09-20 09:33:24.722000,421.7928287118433,10
2024-09-20 09:33:25.015000,421.7990646669064,99
2024-09-20 09:33:25.018000,421.8448912794401,8
2024-09-20 09:33:25.019000,421.8131968852888,999
2024-09-20 09:33:25.033000,421.9569242186601,105
2024-09-20 09:33:25.052000,421.8585651040421,9
2024-09-20 09:33:25.135000,421.8662128792684,15
2024-09-20 09:33:25.271000,421.9471229016642,10
2024-09-20 09:33:25.320000,421.9048953534296,95
2024-09-20 09:33:25.401000,421.9426527990872,7
2024-09-20 09:33:25.436000,421.9368927441395,9
2024-09-20 09:33:25.494000,421.9407844473904,103
2024-09-20 09:33:25.519000,421.8419184887113,96
2024-09-20 09:33:25.566000,421.9354252111891,995
2024-09-20 09:33:25.593000,421.9046741747828,101
2024-09-20 09:33:25.683000,421.8834209962625,14
2024-09-20 09:33:25.728000,421.8515248780084,95
2024-09-20 09:33:25.807000,421.79689282899176,13
2024-09-20 09:33:25.836000,421.9272043203599,995
2024-09-20 09:33:25.863000,421.9279614371644,996
2024-09-20 09:33:25.864000,421.8980832647218,99
2024-09-20 09:33:25.865000,421.8637942943162,11
2024-09-20 09:33:25.908000,421.816024771356,14
2024-09-20 09:33:25.973000,421.79000475843793,6
2024-09-20 09:33:26.249000,421.9515613403941,1001
2024-09-20 09:33:27.025000,421.9324637747496,1000
2024-09-20 09:33:27.092000,421.92306077399536,998
2024-09-20 09:33:27.177000,421.961724935418,14
2024-09-20 09:33:27.183000,422.0032811457417,96
2024-09-20 09:33:27.218000,421.98933963988986,9
2024-09-20 09:33:27.234000,421.92598753814207,6
2024-09-20 09:33:27.236000,421.9585564566945,96
2024-09-20 09:33:27.269000,421.95853575762055,105
2024-09-20 09:33:27.364000,421.9883865492753,8
2024-09-20 09:33:27.414000,421.99814324574254,95
2024-09-20 09:33:27.528000,421.92050261700615,999
2024-09-20 09:33:27.643000,422.0082372642106,14
2024-09-20 09:33:27.682000,422.0177587399536,96
2024-09-20 09:33:27.685000,421.9224226265069,96
2024-09-20 09:33:27.694000,421.9443658369394,98
2024-09-20 09:33:27.714000,421.9918392663458,998
2024-09-20 09:33:27.766000,421.9785854575709,95
2024-09-20 09:33:27.785000,421.98884336750393,99
2024-09-20 09:33:27.790000,421.9292166494788,10
2024-09-20 09:33:27.866000,421.9512322431788,95
2024-09-20 09:33:27.938000,421.9476827304918,1001
2024-09-20 09:33:28.062000,422.0091953014037,996
2024-09-20 09:33:28.347000,422.0182586052293,102
2024-09-20 09:33:28.550000,422.0166782372258,995
2024-09-20 09:33:29.002000,422.030369898856,9
2024-09-20 09:33:29.017000,422.0119958328117,98
2024-09-20 09:33:29.086000,422.0005301362069,1001
2024-09-20 09:33:29.123000,422.0314949558818,104
2024-09-20 09:33:29.195000,422.0130649605138,10
2024-09-20 09:33:29.245000,422.04420671094505,7
2024-09-20 09:33:29.474000,422.0356995916357,99
2024-09-20 09:33:29.497000,422.0281642680125,98
2024-09-20 09:33:29.513000,422.0242165592576,9
2024-09-20 09:33:29.521000,422.0418601692677,12
2024-09-20 09:33:29.541000,422.0442633072449,96
2024-09-20 09:33:29.547000,422.0343691977243,6
2024-09-20 09:33:29.552000,422.0252549050341,97
2024-09-20 09:33:29.631000,422.0302342038936,1003
2024-09-20 09:33:29.668000,422.0293541987353,101
2024-09-20 09:33:29.900000,422.0372246700811,15
2024-09-20 09:33:29.902000,422.0211372243486,96
2024-09-20 09:33:29.953000,422.0416903738912,1000
2024-09-20 09:33:29.973000,422.0301492702497,1000
2024-09-20 09:33:29.998000,422.0477054156298,6
2024-09-20 09:33:30.540000,422.0436790364154,1004
2024-09-20 09:33:32.203000,421.99036090360016,996
2024-09-20 09:33:32.245000,421.97994310912526,1004
2024-09-20 09:33:32.304000,421.9724690837239,1002
2024-09-20 09:33:32.318000,421.95243215151856,1001
2024-09-20 09:33:32.336000,421.9680023623369,995
2024-09-20 09:33:32.488000,422.03987645935945,996
2024-09-20 09:33:32.664000,421.9886627499832,999
2024-09-20 09:33:32.975000,422.022059765518,996
2024-09-20 09:33:33.307000,421.990150225033,95
2024-09-20 09:33:33.500000,421.97273806676407,997
2024-09-20 09:33:34.025000,421.9897495964727,11
2024-09-20 09:33:34.340000,421.9960791479519,8
2024-09-20 09:33:34.621000,421.9854868784559,997
2024-09-20 09:33:34.698000,422.0003572416622,5
2024-09-20 09:33:34.802000,421.9906944047986,1002
2024-09-20 09:33:35.009000,422.01737799763055,999
2024-09-20 09:33:35.089000,422.0189917008594,13
2024-09-20 09:33:35.166000,422.0188221023788,997
2024-09-20 09:33:35.179000,422.0103448944432,9
2024-09-20 09:33:35.220000,421.9896040097019,1003
2024-09-20 09:33:35.261000,422.0102080734823,997
2024-09-20 09:33:35.337000,422.0237720641833,12
2024-09-20 09:33:35.381000,422.0300844216962,14
2024-09-20 09:33:35.383000,421.9877015355351,100
2024-09-20 09:33:35.390000,422.008307933625,5
2024-09-20 09:33:35.392000,421.984122459612,100
2024-09-20 09:33:35.416000,421.9892923270913,999
2024-09-20 09:33:35.429000,422.01608860626015,998
2024-09-20 09:33:35.434000,421.9871542829628,997
2024-09-20 09:33:35.449000,422.0274281058138,102
2024-09-20 09:33:35.479000,421.9789491122246,1004
2024-09-20 09:33:35.491000,422.0156996738313,11
2024-09-20 09:33:35.547000,421.9792931299122,100
2024-09-20 09:33:35.552000,421.9808801126642,15
2024-09-20 09:33:35.554000,421.981530704894,98
2024-09-20 09:33:35.626000,421.9802190196801,995
2024-09-20 09:33:35.656000,422.0064785749906,96
2024-09-20 09:33:35.670000,422.00523427419097,999
2024-09-20 09:33:35.685000,422.0213399909625,100
2024-09-20 09:33:35.870000,422.0021238903721,1003
2024-09-20 09:33:35.885000,421.9870034100495,8
2024-09-20 09:33:35.919000,422.0035831227309,105
2024-09-20 09:33:35.945000,421.9676074022585,95
2024-09-20 09:33:35.975000,422.0035702280079,15
2024-09-20 09:33:36.064000,422.0823722133904,6
2024-09-20 09:33:36.147000,422.0727791245026,1002
2024-09-20 09:33:36.209000,422.0601773334349,8
2024-09-20 09:33:36.223000,422.0365424837745,96
2024-09-20 09:33:36.274000,422.0490520013639,99
2024-09-20 09:33:36.317000,422.0556575447776,100
2024-09-20 09:33:36.442000,422.0698553725904,10
2024-09-20 09:33:36.487000,422.0845468552593,1001
2024-09-20 09:33:36.503000,422.0646988942616,12
2024-09-20 09:33:36.526000,422.0562956615464,98
2024-09-20 09:33:36.620000,422.0442973743196,997
2024-09-20 09:33:36.847000,422.05357664080566,9
2024-09-20 09:33:37.004000,422.08397190556457,998
2024-09-20 09:33:37.056000,422.01254767334416,98
2024-09-20 09:33:37.106000,422.08864255411055,6
2024-09-20 09:33:37.230000,422.0279203082776,104
2024-09-20 09:33:37.305000,422.00255981485617,8
2024-09-20 09:33:37.317000,422.0737696945526,95
2024-09-20 09:33:37.417000,422.0548853295087,101
2024-09-20 09:33:37.443000,422.0434800202379,1000
2024-09-20 09:33:37.522000,422.0584773374209,1000
2024-09-20 09:33:37.566000,422.0597403453839,13
2024-09-20 09:33:37.578000,422.08054609527375,5
2024-09-20 09:33:37.616000,422.0853716340324,14
2024-09-20 09:33:37.626000,422.0171487303111,99
2024-09-20 09:33:37.659000,422.03026658823296,99
2024-09-20 09:33:37.697000,422.0750846183732,102
2024-09-20 09:33:37.731000,422.0262809744344,12
2024-09-20 09:33:37.746000,422.04877497836327,101
2024-09-20 09:33:37.756000,422.050990675321,99
2024-09-20 09:33:37.761000,422.0299027429044,13
2024-09-20 09:33:37.769000,422.0859357146004,7
2024-09-20 09:33:37.955000,422.0783129772202,11
2024-09-20 09:33:37.961000,422.0324739318071,1003
2024-09-20 09:33:37.969000,422.0214663354806,6
2024-09-20 09:33:37.989000,422.0231370083224,10
2024-09-20 09:33:38.014000,422.006617240039,1001
2024-09-20 09:33:38.023000,422.0528511401659,995
2024-09-20 09:33:38.068000,422.0256023981495,104
2024-09-20 09:33:38.132000,422.0058621338295,99
2024-09-20 09:33:38.185000,422.03383700056906,15
2024-09-20 09:33:38.211000,422.0458538895007,11
2024-09-20 09:33:38.247000,422.0350409936095,7
2024-09-20 09:33:38.269000,422.0284151633282,6
2024-09-20 09:33:38.318000,422.0000586658046,7
2024-09-20 09:33:38.379000,422.04256509422646,99
2024-09-20 09:33:38.387000,422.0614240158495,998
2024-09-20 09:33:38.398000,422.0133516803044,103
2024-09-20 09:33:38.465000,422.0137354981752,14
2024-09-20 09:33:38.480000,422.0854632577166,15
2024-09-20 09:33:38.578000,422.0335809414458,10
2024-09-20 09:33:38.624000,422.0698426759971,12
2024-09-20 09:33:38.626000,422.0418163144237,96
2024-09-20 09:33:38.670000,422.0471758888133,95
2024-09-20 09:33:38.680000,422.0102121851697,5
2024-09-20 09:33:38.681000,422.08490397685705,995
2024-09-20 09:33:38.685000,422.0614106742296,7
2024-09-20 09:33:38.737000,422.08147255582406,1003
2024-09-20 09:33:38.791000,422.0665878509078,7
2024-09-20 09:33:38.816000,422.0542580802335,98
2024-09-20 09:33:38.834000,422.0280035866328,1005
2024-09-20 09:33:38.837000,422.04555272182114,100
2024-09-20 09:33:38.949000,422.0790037109781,11
2024-09-20 09:33:38.960000,422.01340785709016,99
2024-09-20 09:33:38.983000,422.03003743899575,1005
2024-09-20 09:33:40.001000,422.04883562564567,96
2024-09-20 09:33:40.080000,422.0355017386841,8
2024-09-20 09:33:40.132000,422.0546308690383,11
2024-09-20 09:33:40.247000,422.0350930129364,12
2024-09-20 09:33:40.341000,422.0389089485109,105
2024-09-20 09:33:40.398000,422.0419287299696,5
2024-09-20 09:33:40.428000,422.045693835238,1000
2024-09-20 09:33:40.457000,422.0339094698544,9
2024-09-20 09:33:40.816000,422.0628836444589,13
2024-09-20 09:33:40.874000,422.0470606216124,12
2024-09-20 09:33:40.933000,422.04697893022274,995
2024-09-20 09:33:41.028000,421.97012721290224,14
2024-09-20 09:33:41.057000,421.9860463218275,1002
2024-09-20 09:33:41.087000,421.9979056753549,96
2024-09-20 09:33:41.146000,421.97482313213015,6
2024-09-20 09:33:41.148000,422.00908855402815,10
2024-09-20 09:33:41.222000,422.0235222864407,103
2024-09-20 09:33:41.305000,422.051891741336,996
2024-09-20 09:33:41.326000,422.0550068185196,1005
2024-09-20 09:33:41.414000,422.00790948594994,15
2024-09-20 09:33:41.415000,421.9596618276175,999
2024-09-20 09:33:41.435000,422.08363469733536,96
2024-09-20 09:33:41.488000,422.0937408092119,997
2024-09-20 09:33:41.493000,421.9572084541262,101
2024-09-20 09:33:41.497000,422.060631981157,103
2024-09-20 09:33:41.509000,421.97816681810747,5
2024-09-20 09:33:41.544000,422.0147623732521,11
2024-09-20 09:33:41.590000,422.013860879949,995
2024-09-20 09:33:41.732000,422.0356571326223,7
2024-09-20 09:33:41.970000,422.06830734737935,14
2024-09-20 09:33:42.122000,422.0733442694171,97
2024-09-20 09:33:42.178000,422.0933066811401,14
2024-09-20 09:33:42.192000,422.0740670384711,6
2024-09-20 09:33:42.201000,422.1032264106907,15
2024-09-20 09:33:42.288000,422.09307417455983,98
2024-09-20 09:33:42.389000,422.0782793189316,999
2024-09-20 09:33:42.437000,422.1013551988364,15
2024-09-20 09:33:42.571000,422.0918477412189,996
2024-09-20 09:33:42.604000,422.089652296506,1000
2024-09-20 09:33:42.639000,422.0750131659808,102
2024-09-20 09:33:42.670000,422.08727122437176,9
2024-09-20 09:33:42.685000,422.0967401831203,105
2024-09-20 09:33:42.692000,422.0710032320217,14
2024-09-20 09:33:42.796000,422.097182001471,11
2024-09-20 09:33:43.003000,422.123003752159,8
2024-09-20 09:33:43.184000,422.0912234483878,10
2024-09-20 09:33:43.208000,422.1479357756155,12
2024-09-20 09:33:43.263000,422.1610939667706,1003
2024-09-20 09:33:43.283000,422.1128525196772,10
2024-09-20 09:33:43.285000,422.1880755399688,10
2024-09-20 09:33:43.339000,422.083925691236,7
2024-09-20 09:33:43.349000,422.1134701636839,15
2024-09-20 09:33:43.354000,422.0806012837545,5
2024-09-20 09:33:43.384000,422.11312647946863,9
2024-09-20 09:33:43.392000,422.1191449172971,996
2024-09-20 09:33:43.407000,422.1290113905907,997
2024-09-20 09:33:43.558000,422.1231802832031,96
2024-09-20 09:33:43.581000,422.1448194326524,101
2024-09-20 09:33:43.776000,422.155782254608,1004
2024-09-20 09:33:43.807000,422.1300202329555,8
2024-09-20 09:33:43.930000,422.1094016822052,98
2024-09-20 09:33:43.944000,422.1093029088108,1005
2024-09-20 09:33:43.952000,422.1318131612037,7
2024-09-20 09:33:44.011000,422.2197069063611,15
2024-09-20 09:33:44.019000,422.2435804617721,995
2024-09-20 09:33:44.044000,422.2632621317051,10
2024-09-20 09:33:44.056000,422.1803305447948,104
2024-09-20 09:33:44.116000,422.1879966069936,103
2024-09-20 09:33:44.138000,422.1661038877107,95
2024-09-20 09:33:44.174000,422.172183247796,100
2024-09-20 09:33:44.182000,422.17019737569495,1001
2024-09-20 09:33:44.222000,422.1821143213733,105
2024-09-20 09:33:44.263000,422.2382260296375,1002
2024-09-20 09:33:44.287000,422.2666669899504,97
2024-09-20 09:33:44.294000,422.2602706801421,105
2024-09-20 09:33:44.295000,422.1700649769508,1001
2024-09-20 09:33:44.405000,422.1768645126873,6
2024-09-20 09:33:44.434000,422.23613422265583,97
2024-09-20 09:33:44.441000,422.1869829532628,1004
2024-09-20 09:33:44.602000,422.2044605947628,15
2024-09-20 09:33:44.607000,422.1976395395999,1003
2024-09-20 09:33:44.612000,422.1701251796182,105
2024-09-20 09:33:44.702000,422.1760396049304,105
2024-09-20 09:33:44.773000,422.1921436485209,998
2024-09-20 09:33:44.805000,422.17861843623103,9
2024-09-20 09:33:44.812000,422.206154047072,6
2024-09-20 09:33:44.836000,422.25040805617897,100
2024-09-20 09:33:44.865000,422.2488804207263,1000
2024-09-20 09:33:44.911000,422.2344459416168,12
2024-09-20 09:33:44.921000,422.1992444498629,6
2024-09-20 09:33:44.930000,422.18400474656914,97
2024-09-20 09:33:44.937000,422.20209588989337,95
2024-09-20 09:33:44.971000,422.1819273519091,13
2024-09-20 09:33:45.009000,422.2190586583208,14
2024-09-20 09:33:45.257000,422.2114697095265,102
2024-09-20 09:33:45.310000,422.213200600166,1004
2024-09-20 09:33:45.366000,422.2458900539529,8
2024-09-20 09:33:45.366000,422.2103875355267,13
2024-09-20 09:33:45.499000,422.2077862920317,105
2024-09-20 09:33:45.585000,422.2350458049032,100
2024-09-20 09:33:45.609000,422.2397555397248,995
2024-09-20 09:33:45.611000,422.24220628163096,1003
2024-09-20 09:33:45.669000,422.22279726038073,996
2024-09-20 09:33:45.707000,422.22679184186177,6
2024-09-20 09:33:45.719000,422.229502592471,1000
2024-09-20 09:33:45.738000,422.222435234238,100
2024-09-20 09:33:45.742000,422.2373282702321,1000
2024-09-20 09:33:45.800000,422.2288456589753,99
2024-09-20 09:33:45.914000,422.2212329597979,102
2024-09-20 09:33:45.915000,422.2498186503742,9
2024-09-20 09:33:45.963000,422.2488604900845,104
2024-09-20 09:33:46.052000,422.2769133233557,97
2024-09-20 09:33:46.295000,422.22501532467055,105
2024-09-20 09:33:46.357000,422.2407192663055,101
2024-09-20 09:33:46.388000,422.26564273920536,98
2024-09-20 09:33:46.430000,422.3081355049199,98
2024-09-20 09:33:46.437000,422.3333530629544,1002
2024-09-20 09:33:46.509000,422.2903692996589,12
2024-09-20 09:33:46.516000,422.3093859970567,15
2024-09-20 09:33:46.520000,422.3074092603985,15
2024-09-20 09:33:46.531000,422.2247951745282,98
2024-09-20 09:33:46.581000,422.28114745813474,9
2024-09-20 09:33:46.624000,422.2946383520956,1000
2024-09-20 09:33:46.716000,422.2789504597852,102
2024-09-20 09:33:46.781000,422.3086882470446,999
2024-09-20 09:33:46.836000,422.2970982262707,1004
2024-09-20 09:33:46.930000,422.2810370253548,12
2024-09-20 09:33:47.011000,422.28493381052607,96
2024-09-20 09:33:47.150000,422.2503771566679,103
2024-09-20 09:33:47.220000,422.2609681695085,96
2024-09-20 09:33:47.257000,422.2360552338944,95
2024-09-20 09:33:47.400000,422.2469414063669,100
2024-09-20 09:33:47.411000,422.2768979218997,101
2024-09-20 09:33:47.425000,422.229104427319,99
2024-09-20 09:33:47.451000,422.2503471389263,6
2024-09-20 09:33:47.467000,422.2466689268712,103
2024-09-20 09:33:47.619000,422.2627564281011,1000
2024-09-20 09:33:47.652000,422.25958161879777,14
2024-09-20 09:33:47.846000,422.2358822395786,11
2024-09-20 09:33:47.853000,422.2537963496338,104
2024-09-20 09:33:48.753000,422.2783104118631,1002
2024-09-20 09:33:48.932000,422.27844118279,13
2024-09-20 09:33:49.014000,422.33753017972896,95
2024-09-20 09:33:49.134000,422.3180252957857,103
2024-09-20 09:33:49.171000,422.32290770270777,103
2024-09-20 09:33:49.333000,422.2896237002452,995
2024-09-20 09:33:49.573000,422.32067117704736,98
2024-09-20 09:33:49.605000,422.3522218837216,5
2024-09-20 09:33:49.617000,422.2987329876317,995
2024-09-20 09:33:49.674000,422.3325406315748,100
2024-09-20 09:33:49.747000,422.3191473113999,1003
2024-09-20 09:33:49.873000,422.34089962849913,95
2024-09-20 09:33:49.874000,422.31249165231566,997
2024-09-20 09:33:49.906000,422.2915340810344,102
2024-09-20 09:33:49.923000,422.3213676672536,105
2024-09-20 09:33:50.004000,422.3571788958973,1001
2024-09-20 09:33:50.082000,422.3563529278664,14
2024-09-20 09:33:50.085000,422.3068118808157,7
2024-09-20 09:33:50.133000,422.3065667299314,1003
2024-09-20 09:33:50.184000,422.368347890219,7
2024-09-20 09:33:50.216000,422.3304610439509,997
2024-09-20 09:33:50.347000,422.3491680336043,105
2024-09-20 09:33:50.360000,422.370936796628,101
2024-09-20 09:33:50.426000,422.3701497980207,97
2024-09-20 09:33:50.504000,422.3086804429536,10
2024-09-20 09:33:50.553000,422.295577969708,100
2024-09-20 09:33:50.592000,422.3839291506787,100
2024-09-20 09:33:50.614000,422.3168095369978,14
2024-09-20 09:33:50.722000,422.317288552888,6
2024-09-20 09:33:50.925000,422.3711077717732,1000
2024-09-20 09:33:51.090000,422.3085314465906,97
2024-09-20 09:33:51.220000,422.3119461964593,11
2024-09-20 09:33:51.394000,422.3190200220495,105
2024-09-20 09:33:51.406000,422.3187101900979,97
2024-09-20 09:33:51.435000,422.3106594152426,995
2024-09-20 09:33:51.488000,422.3172140885984,1005
2024-09-20 09:33:51.509000,422.3289858782098,97
2024-09-20 09:33:51.571000,422.3116561276417,105
2024-09-20 09:33:51.778000,422.3441487978039,1005
2024-09-20 09:33:51.815000,422.3372609769306,8
2024-09-20 09:33:51.886000,422.33802379935474,12
2024-09-20 09:33:51.915000,422.3154066752687,7
2024-09-20 09:33:53.026000,422.25327013750086,96
2024-09-20 09:33:53.031000,422.2526498731745,1000
2024-09-20 09:33:53.058000,422.2521966107008,1001
2024-09-20 09:33:53.141000,422.27167652228735,13
2024-09-20 09:33:53.157000,422.2524982413531,11
2024-09-20 09:33:53.196000,422.2546437555327,998
2024-09-20 09:33:53.209000,422.25101073780087,104
2024-09-20 09:33:53.288000,422.2537609753935,1003
2024-09-20 09:33:53.305000,422.2354094724258,995
2024-09-20 09:33:53.306000,422.2590896619541,102
2024-09-20 09:33:53.315000,422.2764451813338,7
2024-09-20 09:33:53.336000,422.2478830928017,103
2024-09-20 09:33:53.352000,422.23954377105207,5
2024-09-20 09:33:53.366000,422.2612701933109,7
2024-09-20 09:33:53.424000,422.287970787831,1002
2024-09-20 09:33:53.448000,422.2873660966967,998
2024-09-20 09:33:53.462000,422.2742687358071,95
2024-09-20 09:33:53.483000,422.29680769901,1005
2024-09-20 09:33:53.504000,422.2823344728731,5
2024-09-20 09:33:53.559000,422.2690443227371,97
2024-09-20 09:33:53.626000,422.2506939683433,101
2024-09-20 09:33:53.646000,422.2522429760744,1004
2024-09-20 09:33:53.698000,422.2245128599248,99
2024-09-20 09:33:53.895000,422.2399354692377,10
2024-09-20 09:33:53.911000,422.2581315597032,11
2024-09-20 09:33:53.957000,422.25261078584987,14
2024-09-20 09:33:53.980000,422.2725470457227,95
2024-09-20 09:33:53.981000,422.2294511024586,9
2024-09-20 09:33:54.036000,422.16533959376585,101
2024-09-20 09:33:54.078000,422.1781007909364,1003
2024-09-20 09:33:54.087000,422.0820370218661,104
2024-09-20 09:33:54.124000,422.18910351803294,995
2024-09-20 09:33:54.133000,422.17880539503744,102
2024-09-20 09:33:54.176000,422.1822014505979,104
2024-09-20 09:33:54.180000,422.066255767536,1004
2024-09-20 09:33:54.200000,422.17060391088415,8
2024-09-20 09:33:54.226000,422.1429168708258,6
2024-09-20 09:33:54.280000,422.1158772234994,13
2024-09-20 09:33:54.339000,422.1622227428721,6
2024-09-20 09:33:54.365000,422.2099741412151,95
2024-09-20 09:33:54.398000,422.2206750163563,13
2024-09-20 09:33:54.399000,422.19870449999735,7
2024-09-20 09:33:54.451000,422.2237012792916,1001
2024-09-20 09:33:54.492000,422.18013476111526,99
2024-09-20 09:33:54.575000,422.1679012415525,12
2024-09-20 09:33:54.622000,422.1765443229256,1002
2024-09-20 09:33:54.631000,422.0997607385076,999
2024-09-20 09:33:54.696000,422.1773461660503,13
2024-09-20 09:33:54.784000,422.12656134200734,97
2024-09-20 09:33:54.826000,422.1670590231054,100
2024-09-20 09:33:54.832000,422.18876458286337,1003
2024-09-20 09:33:54.851000,422.1649816416164,15
2024-09-20 09:33:54.902000,422.121426592978,8
2024-09-20 09:33:54.965000,422.1988551342222,10
2024-09-20 09:33:54.985000,422.0851602309717,1004
2024-09-20 09:33:55.027000,422.0631450860783,996
2024-09-20 09:33:55.355000,422.01136706431504,103
2024-09-20 09:33:55.562000,422.0231582906284,995
2024-09-20 09:33:55.886000,422.0050974923724,95
2024-09-20 09:33:55.917000,421.9948326037265,96
2024-09-20 09:33:55.980000,422.015465313343,103
2024-09-20 09:33:56.019000,422.00909845557294,6
2024-09-20 09:33:56.054000,421.9990249590933,996
2024-09-20 09:33:56.175000,421.9457586954918,998
2024-09-20 09:33:56.185000,421.9884770619112,1002
2024-09-20 09:33:56.311000,421.9875072196113,97
2024-09-20 09:33:56.312000,421.9617169814421,14
2024-09-20 09:33:56.382000,421.9326144455696,9
2024-09-20 09:33:56.430000,421.9243107880668,102
2024-09-20 09:33:56.464000,421.9403341711672,95
2024-09-20 09:33:56.667000,421.9609284918428,1001
2024-09-20 09:33:56.682000,421.97568748484974,95
2024-09-20 09:33:56.688000,421.9707784696291,101
2024-09-20 09:33:56.742000,421.9353837321128,10
2024-09-20 09:33:56.783000,421.9269585600794,95
2024-09-20 09:33:56.790000,421.9955280111704,12
2024-09-20 09:33:56.822000,422.01139080016907,100
2024-09-20 09:33:56.934000,421.9433889434507,98
2024-09-20 09:33:56.938000,421.93629546373126,97
2024-09-20 09:33:56.969000,421.97055657680886,9
2024-09-20 09:33:57.795000,421.9315981943983,1004
2024-09-20 09:33:58.099000,421.9202414138563,1000
2024-09-20 09:33:58.122000,421.9333279115005,1002
2024-09-20 09:33:58.146000,421.9672393348806,15
2024-09-20 09:33:58.150000,421.9590661784549,1000
2024-09-20 09:33:58.232000,421.9462416081802,104
2024-09-20 09:33:58.255000,421.94942465549815,101
2024-09-20 09:33:58.285000,421.9345596723064,105
2024-09-20 09:33:58.359000,421.954105950078,995
2024-09-20 09:33:58.361000,421.9248232114597,105
2024-09-20 09:33:58.440000,421.93930091202265,996
2024-09-20 09:33:58.463000,421.9554433260515,8
2024-09-20 09:33:58.478000,421.9143295088471,8
2024-09-20 09:33:58.531000,421.9434002104545,100
2024-09-20 09:33:58.742000,421.9593156194008,1000
2024-09-20 09:33:58.797000,421.9467747485608,997
2024-09-20 09:33:58.821000,421.9513064702397,13
2024-09-20 09:33:58.897000,421.9017827086332,6
2024-09-20 09:33:58.944000,421.9339330646097,10
2024-09-20 09:33:59.062000,421.92053684528577,105
2024-09-20 09:33:59.156000,421.9181819490788,104
2024-09-20 09:33:59.256000,421.9058750377542,1005
2024-09-20 09:33:59.275000,421.8977272364318,96
2024-09-20 09:33:59.297000,421.8497031702069,101
2024-09-20 09:33:59.327000,421.8910171415386,1003
2024-09-20 09:33:59.524000,421.8713685894024,6
2024-09-20 09:33:59.645000,421.90021154200986,6
2024-09-20 09:33:59.665000,421.8981275718208,95
2024-09-20 09:33:59.722000,421.9043803046637,95
2024-09-20 09:33:59.735000,421.8626495854548,105
2024-09-20 09:33:59.827000,421.8028764346787,1001
2024-09-20 09:33:59.885000,421.8200569657741,12
2024-09-20 09:33:59.933000,421.8356682770136,1001
