Timestamp,Price,Size
2024-09-16 10:36:00.017000,416.68171653647744,1000
2024-09-16 10:36:00.087000,416.65966530827046,996
2024-09-16 10:36:00.090000,416.6750153814088,997
2024-09-16 10:36:00.161000,416.6816135027592,103
2024-09-16 10:36:00.260000,416.677050898369,999
2024-09-16 10:36:00.281000,416.6773553483084,996
2024-09-16 10:36:00.358000,416.6615093935898,99
2024-09-16 10:36:00.361000,416.6945967483668,101
2024-09-16 10:36:00.370000,416.6799488784838,99
2024-09-16 10:36:00.374000,416.6917811660541,14
2024-09-16 10:36:00.396000,416.7290713358152,1004
2024-09-16 10:36:00.404000,416.7013573880098,5
2024-09-16 10:36:00.504000,416.6628347125656,96
2024-09-16 10:36:00.539000,416.6833858062026,96
2024-09-16 10:36:00.636000,416.6718041562976,103
2024-09-16 10:36:00.735000,416.6484384772929,11
2024-09-16 10:36:00.775000,416.7025121796289,12
2024-09-16 10:36:00.823000,416.7097761672688,13
2024-09-16 10:36:00.849000,416.7120753663015,995
2024-09-16 10:36:00.901000,416.7166487445138,105
2024-09-16 10:36:00.946000,416.723659722384,99
2024-09-16 10:36:01.086000,416.7017124397333,102
2024-09-16 10:36:01.122000,416.6364737527843,1001
2024-09-16 10:36:01.161000,416.6945140038831,99
2024-09-16 10:36:01.310000,416.656926186422,105
2024-09-16 10:36:01.333000,416.6376512515411,100
2024-09-16 10:36:01.339000,416.6393198030145,995
2024-09-16 10:36:01.410000,416.6510622409888,102
2024-09-16 10:36:01.564000,416.67779143996114,1001
2024-09-16 10:36:01.566000,416.6940427447336,100
2024-09-16 10:36:01.746000,416.6937607544579,100
2024-09-16 10:36:01.789000,416.70317883613296,105
2024-09-16 10:36:01.840000,416.6884897782776,102
2024-09-16 10:36:01.879000,416.688180161159,1001
2024-09-16 10:36:01.883000,416.6343578801958,102
2024-09-16 10:36:01.921000,416.6339619549199,1002
2024-09-16 10:36:02.070000,416.59960583571217,1004
2024-09-16 10:36:02.072000,416.6095424344989,10
2024-09-16 10:36:02.176000,416.5765227836451,99
2024-09-16 10:36:02.182000,416.5911547894488,98
2024-09-16 10:36:02.195000,416.6249154455486,7
2024-09-16 10:36:02.219000,416.6070810813975,100
2024-09-16 10:36:02.330000,416.6092686716348,7
2024-09-16 10:36:02.359000,416.6000128813511,96
2024-09-16 10:36:02.446000,416.6213230953976,10
2024-09-16 10:36:02.474000,416.5913088044385,105
2024-09-16 10:36:02.707000,416.61818560161686,5
2024-09-16 10:36:02.727000,416.62696808287984,101
2024-09-16 10:36:02.740000,416.6159086327576,1000
2024-09-16 10:36:02.746000,416.6092424006008,104
2024-09-16 10:36:02.848000,416.5850257818751,14
2024-09-16 10:36:02.966000,416.6195318871304,100
2024-09-16 10:36:04.139000,416.66536887805233,8
2024-09-16 10:36:04.234000,416.6396987713087,7
2024-09-16 10:36:04.436000,416.6585916659858,100
2024-09-16 10:36:04.464000,416.6203298575566,998
2024-09-16 10:36:04.487000,416.6385722719157,1004
2024-09-16 10:36:05.050000,416.65116247962266,101
2024-09-16 10:36:05.131000,416.6121583105633,95
2024-09-16 10:36:05.178000,416.6042505665936,5
2024-09-16 10:36:05.284000,416.6631696069941,1001
2024-09-16 10:36:05.285000,416.600474758805,104
2024-09-16 10:36:05.319000,416.6187948036381,996
2024-09-16 10:36:05.327000,416.6350523966812,102
2024-09-16 10:36:05.477000,416.61110271519067,1001
2024-09-16 10:36:05.599000,416.5825457931009,101
2024-09-16 10:36:05.601000,416.6517827925516,95
2024-09-16 10:36:05.633000,416.60721991751774,1003
2024-09-16 10:36:05.697000,416.6326230235323,10
2024-09-16 10:36:05.768000,416.6453973435514,101
2024-09-16 10:36:06.199000,416.5790932073528,997
2024-09-16 10:36:06.444000,416.6074104999177,104
2024-09-16 10:36:06.593000,416.5953794978999,1004
2024-09-16 10:36:06.606000,416.58672178536153,996
2024-09-16 10:36:06.729000,416.5755465749008,6
2024-09-16 10:36:07.673000,416.5933319092319,13
2024-09-16 10:36:09.072000,416.56389767352425,101
2024-09-16 10:36:09.314000,416.6003157819858,10
2024-09-16 10:36:09.685000,416.55311082546194,7
2024-09-16 10:36:09.800000,416.5802799130561,98
2024-09-16 10:36:09.807000,416.5752644721141,13
2024-09-16 10:36:09.807000,416.56345835555817,12
2024-09-16 10:36:09.851000,416.5677991480081,99
2024-09-16 10:36:09.942000,416.5600082287127,95
2024-09-16 10:36:10.016000,416.5842361345502,11
2024-09-16 10:36:10.020000,416.59716995925214,103
2024-09-16 10:36:10.041000,416.5711635404648,995
2024-09-16 10:36:10.114000,416.59479479845896,102
2024-09-16 10:36:10.138000,416.5301135843551,15
2024-09-16 10:36:10.228000,416.54687206602273,12
2024-09-16 10:36:10.288000,416.590206909017,12
2024-09-16 10:36:10.330000,416.585551961804,14
2024-09-16 10:36:10.349000,416.5756649139665,1002
2024-09-16 10:36:10.370000,416.5770505793259,998
2024-09-16 10:36:10.461000,416.5811433359831,98
2024-09-16 10:36:10.486000,416.5431908960287,999
2024-09-16 10:36:10.503000,416.593142092807,104
2024-09-16 10:36:10.553000,416.5782957391767,1004
2024-09-16 10:36:10.617000,416.5159607614201,98
2024-09-16 10:36:10.618000,416.5783874550873,7
2024-09-16 10:36:10.678000,416.5902754164227,99
2024-09-16 10:36:10.775000,416.5405019383121,99
2024-09-16 10:36:10.813000,416.584417903911,11
2024-09-16 10:36:11.148000,416.5029343695848,95
2024-09-16 10:36:11.238000,416.5195659918588,98
2024-09-16 10:36:11.387000,416.5121867648506,1003
2024-09-16 10:36:11.746000,416.5202011357124,11
2024-09-16 10:36:12.268000,416.5282601478223,995
2024-09-16 10:36:13.048000,416.5546124605792,9
2024-09-16 10:36:13.103000,416.539645217149,102
2024-09-16 10:36:13.233000,416.6121277363428,96
2024-09-16 10:36:13.254000,416.56104510913184,101
2024-09-16 10:36:13.271000,416.544302861378,95
2024-09-16 10:36:13.286000,416.5318960074746,13
2024-09-16 10:36:13.297000,416.5534235262036,12
2024-09-16 10:36:13.303000,416.6083840348789,100
2024-09-16 10:36:13.311000,416.546719432799,1005
2024-09-16 10:36:13.341000,416.551182573504,13
2024-09-16 10:36:13.387000,416.5574844472983,104
2024-09-16 10:36:13.477000,416.5759320034359,103
2024-09-16 10:36:13.499000,416.576987866997,98
2024-09-16 10:36:13.550000,416.593349058808,996
2024-09-16 10:36:13.684000,416.62081468968233,9
2024-09-16 10:36:13.847000,416.580315977563,96
2024-09-16 10:36:13.856000,416.5897861023573,1001
2024-09-16 10:36:13.881000,416.5827653740544,95
2024-09-16 10:36:13.882000,416.5384719574298,15
2024-09-16 10:36:13.948000,416.5486917532994,1000
2024-09-16 10:36:13.963000,416.5671148583857,8
2024-09-16 10:36:14.002000,416.6235030501031,104
2024-09-16 10:36:14.218000,416.6578621344418,6
2024-09-16 10:36:14.246000,416.6211613951853,103
2024-09-16 10:36:14.263000,416.6213659851954,96
2024-09-16 10:36:14.300000,416.6346991389607,15
2024-09-16 10:36:14.318000,416.6314892506651,997
2024-09-16 10:36:14.365000,416.638518226119,9
2024-09-16 10:36:14.486000,416.6348788794406,10
2024-09-16 10:36:14.515000,416.6365123099606,104
2024-09-16 10:36:14.534000,416.6218198910016,1003
2024-09-16 10:36:14.547000,416.6642389905848,95
2024-09-16 10:36:14.788000,416.617293095547,103
2024-09-16 10:36:14.823000,416.67730125125655,10
2024-09-16 10:36:14.897000,416.6224505110928,14
2024-09-16 10:36:14.991000,416.6152513294346,10
2024-09-16 10:36:15.073000,416.7299177292752,1000
2024-09-16 10:36:15.103000,416.68193327932073,1002
2024-09-16 10:36:15.112000,416.6423928821216,997
2024-09-16 10:36:15.145000,416.686978428203,14
2024-09-16 10:36:15.224000,416.6564113001693,98
2024-09-16 10:36:15.229000,416.62705953963126,15
2024-09-16 10:36:15.282000,416.7432455113442,99
2024-09-16 10:36:15.295000,416.7092520254324,7
2024-09-16 10:36:15.328000,416.67263107560086,98
2024-09-16 10:36:15.375000,416.6596386159187,5
2024-09-16 10:36:15.393000,416.6825782833562,1004
2024-09-16 10:36:15.589000,416.65448908989896,8
2024-09-16 10:36:15.623000,416.67409317617467,11
2024-09-16 10:36:15.653000,416.68615209036034,999
2024-09-16 10:36:15.686000,416.6800431064405,14
2024-09-16 10:36:15.706000,416.6486128756666,8
2024-09-16 10:36:15.748000,416.6532478632983,14
2024-09-16 10:36:15.751000,416.661224931786,95
2024-09-16 10:36:15.820000,416.6434252515729,99
2024-09-16 10:36:15.839000,416.6672886413701,998
2024-09-16 10:36:15.925000,416.73787019103526,5
2024-09-16 10:36:15.933000,416.7183261321216,101
2024-09-16 10:36:15.947000,416.6597822081909,999
2024-09-16 10:36:15.948000,416.6525437261784,996
2024-09-16 10:36:16.702000,416.6934760510411,1002
2024-09-16 10:36:17.127000,416.715644851246,105
2024-09-16 10:36:17.650000,416.7011247115827,7
2024-09-16 10:36:17.665000,416.7052625995981,14
2024-09-16 10:36:17.670000,416.68166757308535,102
2024-09-16 10:36:17.696000,416.7043394071991,98
2024-09-16 10:36:17.827000,416.7233905308804,13
2024-09-16 10:36:17.837000,416.6954818622456,1001
2024-09-16 10:36:17.902000,416.70472715681206,996
2024-09-16 10:36:17.917000,416.7205239395575,12
2024-09-16 10:36:18.339000,416.7087798842277,1004
2024-09-16 10:36:19.049000,416.7183004570984,1000
2024-09-16 10:36:19.228000,416.70956129399787,103
2024-09-16 10:36:19.253000,416.7140856212839,1004
2024-09-16 10:36:19.343000,416.7210967116246,95
2024-09-16 10:36:19.393000,416.7331659436671,7
2024-09-16 10:36:19.412000,416.7285529323849,99
2024-09-16 10:36:19.462000,416.73209324347255,1002
2024-09-16 10:36:19.497000,416.72815535859417,7
2024-09-16 10:36:19.520000,416.7209197794317,103
2024-09-16 10:36:19.603000,416.7095728673239,14
2024-09-16 10:36:19.699000,416.6990140352302,12
2024-09-16 10:36:19.810000,416.7056359900315,97
2024-09-16 10:36:19.845000,416.7277297856437,98
2024-09-16 10:36:19.893000,416.7162770808399,1003
2024-09-16 10:36:19.926000,416.7300839941082,101
2024-09-16 10:36:20.050000,416.67055261329824,10
2024-09-16 10:36:20.095000,416.684945903169,96
2024-09-16 10:36:20.167000,416.67693036369366,104
2024-09-16 10:36:20.210000,416.69717869212616,999
2024-09-16 10:36:20.308000,416.6745347984989,97
2024-09-16 10:36:20.314000,416.6984689566348,999
2024-09-16 10:36:20.376000,416.67206371231975,105
2024-09-16 10:36:20.540000,416.682407196828,998
2024-09-16 10:36:20.690000,416.6991430966884,997
2024-09-16 10:36:20.782000,416.6702367876255,6
2024-09-16 10:36:20.788000,416.6539339021807,997
2024-09-16 10:36:20.915000,416.6603642545677,1000
2024-09-16 10:36:20.915000,416.6745064576691,14
2024-09-16 10:36:20.995000,416.6902466557063,98
2024-09-16 10:36:21.037000,416.64636295231134,6
2024-09-16 10:36:21.181000,416.64914121623065,99
2024-09-16 10:36:21.226000,416.6255518224385,101
2024-09-16 10:36:21.227000,416.6458906555097,100
2024-09-16 10:36:21.364000,416.6392997312237,10
2024-09-16 10:36:21.498000,416.6671866432829,99
2024-09-16 10:36:21.546000,416.6549515534791,13
2024-09-16 10:36:21.622000,416.6519250664688,995
2024-09-16 10:36:21.645000,416.6441072665586,104
2024-09-16 10:36:21.763000,416.6312518183287,105
2024-09-16 10:36:21.791000,416.6746949087631,995
2024-09-16 10:36:21.795000,416.66119195417895,998
2024-09-16 10:36:21.796000,416.6406556827493,1000
2024-09-16 10:36:21.836000,416.6536525215427,999
2024-09-16 10:36:21.879000,416.6302422244661,105
2024-09-16 10:36:21.963000,416.6073304096944,105
2024-09-16 10:36:21.966000,416.6493285040392,9
2024-09-16 10:36:21.973000,416.62156474302,5
2024-09-16 10:36:22.027000,416.6348062850095,999
2024-09-16 10:36:22.142000,416.6036023912293,14
2024-09-16 10:36:22.184000,416.618723358246,6
2024-09-16 10:36:22.234000,416.60288850412826,101
2024-09-16 10:36:22.249000,416.631131553117,14
2024-09-16 10:36:22.252000,416.587869666055,1001
2024-09-16 10:36:22.269000,416.6107427627373,998
2024-09-16 10:36:22.293000,416.5941744439497,995
2024-09-16 10:36:22.317000,416.5777646795029,1002
2024-09-16 10:36:22.337000,416.613479034001,997
2024-09-16 10:36:22.369000,416.605646368434,100
2024-09-16 10:36:22.401000,416.6254279719008,12
2024-09-16 10:36:22.531000,416.6182044289368,98
2024-09-16 10:36:22.661000,416.59980490005785,98
2024-09-16 10:36:22.682000,416.5924063630698,999
2024-09-16 10:36:22.687000,416.5988146643957,101
2024-09-16 10:36:22.710000,416.6345977054598,997
2024-09-16 10:36:22.743000,416.5896300160269,999
2024-09-16 10:36:22.763000,416.6218474321488,998
2024-09-16 10:36:22.776000,416.5986350701226,1000
2024-09-16 10:36:22.807000,416.6009935521839,1001
2024-09-16 10:36:22.825000,416.5919697489332,12
2024-09-16 10:36:22.832000,416.6273892419612,99
2024-09-16 10:36:22.835000,416.6135822187723,5
2024-09-16 10:36:22.912000,416.5933480962656,105
2024-09-16 10:36:22.925000,416.571049555368,101
2024-09-16 10:36:23.153000,416.5941816692444,1001
2024-09-16 10:36:23.188000,416.5848314092412,95
2024-09-16 10:36:23.197000,416.5748409529091,12
2024-09-16 10:36:23.626000,416.5919087050356,12
2024-09-16 10:36:23.945000,416.5891318348483,13
2024-09-16 10:36:24.137000,416.6302022573624,7
2024-09-16 10:36:24.151000,416.5979358252718,8
2024-09-16 10:36:24.173000,416.5711990273809,999
2024-09-16 10:36:24.186000,416.5882554802316,105
2024-09-16 10:36:24.209000,416.5736707224518,9
2024-09-16 10:36:24.219000,416.5834520591407,10
2024-09-16 10:36:24.349000,416.5973256128276,11
2024-09-16 10:36:24.460000,416.5780359796243,97
2024-09-16 10:36:24.576000,416.6137533886674,103
2024-09-16 10:36:24.609000,416.57669742739,1002
2024-09-16 10:36:24.625000,416.5948707593328,995
2024-09-16 10:36:24.680000,416.56524392123765,15
2024-09-16 10:36:24.707000,416.5526030786045,9
2024-09-16 10:36:24.732000,416.6001028161659,6
2024-09-16 10:36:24.789000,416.6299058165429,5
2024-09-16 10:36:24.822000,416.583254382747,99
2024-09-16 10:36:24.826000,416.5869399617186,997
2024-09-16 10:36:24.857000,416.6129031499499,1005
2024-09-16 10:36:24.938000,416.5991117440109,97
2024-09-16 10:36:24.961000,416.6255298063247,11
2024-09-16 10:36:24.976000,416.62620190727256,100
2024-09-16 10:36:25.087000,416.60983793524247,100
2024-09-16 10:36:25.119000,416.6022690883657,96
2024-09-16 10:36:25.246000,416.6034563047768,99
2024-09-16 10:36:25.303000,416.5960243825042,997
2024-09-16 10:36:25.375000,416.596139212224,11
2024-09-16 10:36:25.391000,416.6004819490625,1005
2024-09-16 10:36:25.435000,416.5931692087629,1000
2024-09-16 10:36:25.440000,416.6133736232296,101
2024-09-16 10:36:25.533000,416.5921566056132,104
2024-09-16 10:36:25.595000,416.59986000453375,12
2024-09-16 10:36:25.841000,416.6022145242421,5
2024-09-16 10:36:26.148000,416.6047705839266,1003
2024-09-16 10:36:26.270000,416.5769017674949,1001
2024-09-16 10:36:26.281000,416.6040827345239,1001
2024-09-16 10:36:26.384000,416.5857005301541,1000
2024-09-16 10:36:26.393000,416.5747688192092,97
2024-09-16 10:36:26.405000,416.6069318280199,997
2024-09-16 10:36:26.432000,416.5960984285537,998
2024-09-16 10:36:26.435000,416.561394734638,998
2024-09-16 10:36:26.473000,416.56193356394107,95
2024-09-16 10:36:26.475000,416.61355793268297,15
2024-09-16 10:36:26.482000,416.5863655602993,104
2024-09-16 10:36:26.507000,416.6077239145229,105
2024-09-16 10:36:26.508000,416.5742804725576,13
2024-09-16 10:36:26.548000,416.60735531436734,99
2024-09-16 10:36:26.558000,416.5731263574635,5
2024-09-16 10:36:26.597000,416.5847539329045,1001
2024-09-16 10:36:26.641000,416.59211434875823,7
2024-09-16 10:36:26.654000,416.6067984496928,6
2024-09-16 10:36:26.835000,416.61125205188495,105
2024-09-16 10:36:26.937000,416.6128213237063,15
2024-09-16 10:36:26.953000,416.6044201106856,11
2024-09-16 10:36:26.982000,416.6007850410855,11
2024-09-16 10:36:26.996000,416.6202919134221,12
2024-09-16 10:36:27.023000,416.54836152084,11
2024-09-16 10:36:27.125000,416.5693185728778,103
2024-09-16 10:36:27.175000,416.52751866812486,995
2024-09-16 10:36:27.248000,416.5288559474003,5
2024-09-16 10:36:27.331000,416.5484512972735,11
2024-09-16 10:36:27.369000,416.5154241878106,14
2024-09-16 10:36:27.381000,416.5578203928585,995
2024-09-16 10:36:27.490000,416.5467023584238,10
2024-09-16 10:36:27.512000,416.5246557860663,11
2024-09-16 10:36:27.659000,416.5412150830902,7
2024-09-16 10:36:27.703000,416.531300551484,105
2024-09-16 10:36:27.808000,416.5475053638269,99
2024-09-16 10:36:27.955000,416.54985095790255,1001
2024-09-16 10:36:27.985000,416.5415570858935,98
2024-09-16 10:36:28.024000,416.4650359851586,97
2024-09-16 10:36:28.437000,416.5041713911816,997
2024-09-16 10:36:28.445000,416.5280932942964,1005
2024-09-16 10:36:28.769000,416.5322450378561,15
2024-09-16 10:36:28.914000,416.4942692460302,103
2024-09-16 10:36:28.915000,416.5137494089552,96
2024-09-16 10:36:28.959000,416.5305571237877,102
2024-09-16 10:36:29,416.47258818080223,100
2024-09-16 10:36:29.057000,416.4865950820916,96
2024-09-16 10:36:29.579000,416.4922468481915,1003
2024-09-16 10:36:29.606000,416.4678296603792,105
2024-09-16 10:36:29.614000,416.4664127082092,5
2024-09-16 10:36:30.019000,416.4753876111228,104
2024-09-16 10:36:30.169000,416.5043646948714,6
2024-09-16 10:36:30.200000,416.5028277415303,104
2024-09-16 10:36:30.227000,416.4975478175893,100
2024-09-16 10:36:30.260000,416.3887531108027,1000
2024-09-16 10:36:30.274000,416.491121560658,9
2024-09-16 10:36:30.296000,416.5129161519916,1001
2024-09-16 10:36:30.375000,416.421103181692,103
2024-09-16 10:36:30.419000,416.4760349378735,998
2024-09-16 10:36:30.440000,416.4886352629317,14
2024-09-16 10:36:30.456000,416.46016072454177,9
2024-09-16 10:36:30.490000,416.396661122082,1002
2024-09-16 10:36:30.492000,416.4960601432866,104
2024-09-16 10:36:30.492000,416.41822277768745,1004
2024-09-16 10:36:30.501000,416.4876670713565,105
2024-09-16 10:36:30.522000,416.4409249455474,105
2024-09-16 10:36:30.553000,416.4314928859398,1005
2024-09-16 10:36:30.553000,416.465921788087,13
2024-09-16 10:36:30.579000,416.4603619237965,11
2024-09-16 10:36:30.714000,416.4906011508783,101
2024-09-16 10:36:30.735000,416.46261467661344,996
2024-09-16 10:36:30.770000,416.4712785867108,96
2024-09-16 10:36:30.889000,416.3989298596868,101
2024-09-16 10:36:30.913000,416.4623867895228,5
2024-09-16 10:36:30.913000,416.4415166514276,998
2024-09-16 10:36:30.978000,416.4488321936613,1004
2024-09-16 10:36:30.989000,416.451025420248,996
2024-09-16 10:36:31.063000,416.40851755832807,8
2024-09-16 10:36:31.119000,416.4023878740792,1003
2024-09-16 10:36:31.185000,416.429809789701,14
2024-09-16 10:36:31.188000,416.4006248713816,99
2024-09-16 10:36:31.228000,416.4380157909152,997
2024-09-16 10:36:31.229000,416.4126952307406,1000
2024-09-16 10:36:31.239000,416.3927227566814,995
2024-09-16 10:36:31.245000,416.4231044276327,104
2024-09-16 10:36:31.264000,416.424252244828,7
2024-09-16 10:36:31.326000,416.4151669391954,10
2024-09-16 10:36:31.330000,416.4246130902762,103
2024-09-16 10:36:31.362000,416.4242539832798,1002
2024-09-16 10:36:31.381000,416.4284214011933,997
2024-09-16 10:36:31.385000,416.4254358022808,100
2024-09-16 10:36:31.428000,416.4224113149947,995
2024-09-16 10:36:31.433000,416.4262779800673,15
2024-09-16 10:36:31.510000,416.4096374894091,10
2024-09-16 10:36:31.515000,416.4098564998856,99
2024-09-16 10:36:31.617000,416.41770775263177,997
2024-09-16 10:36:31.652000,416.4064210665774,1004
2024-09-16 10:36:31.659000,416.3925539336631,96
2024-09-16 10:36:31.850000,416.4113454357697,10
2024-09-16 10:36:31.937000,416.4371012959808,105
2024-09-16 10:36:31.961000,416.41024067980254,104
2024-09-16 10:36:31.978000,416.412653757435,105
2024-09-16 10:36:31.979000,416.4375853859081,997
2024-09-16 10:36:32.086000,416.3688391666517,8
2024-09-16 10:36:32.274000,416.3558759461505,1002
2024-09-16 10:36:32.286000,416.3777243641793,995
2024-09-16 10:36:32.321000,416.4015270872522,104
2024-09-16 10:36:32.324000,416.3583850869484,15
2024-09-16 10:36:32.368000,416.37093264098337,997
2024-09-16 10:36:32.415000,416.3618974591033,103
2024-09-16 10:36:32.768000,416.36672103495465,10
2024-09-16 10:36:32.821000,416.3809594115429,105
2024-09-16 10:36:33.003000,416.37919538690505,996
2024-09-16 10:36:33.902000,416.3817781694792,100
2024-09-16 10:36:34.005000,416.4015307836246,5
2024-09-16 10:36:34.020000,416.4278711750984,105
2024-09-16 10:36:34.031000,416.395649397071,100
2024-09-16 10:36:34.050000,416.4127556774305,995
2024-09-16 10:36:34.079000,416.414836709093,1000
2024-09-16 10:36:34.096000,416.411600424151,97
2024-09-16 10:36:34.352000,416.4026182093352,14
2024-09-16 10:36:34.353000,416.38971969381794,6
2024-09-16 10:36:34.408000,416.4184273896298,996
2024-09-16 10:36:34.526000,416.4146428481638,6
2024-09-16 10:36:34.539000,416.42205919780565,1005
2024-09-16 10:36:34.597000,416.42284101714137,1001
2024-09-16 10:36:34.628000,416.41520098235776,15
2024-09-16 10:36:34.679000,416.4395620432772,97
2024-09-16 10:36:34.766000,416.4033652688011,104
2024-09-16 10:36:34.793000,416.4389753389278,95
2024-09-16 10:36:34.866000,416.4084222530225,1005
2024-09-16 10:36:34.894000,416.3960691180393,104
2024-09-16 10:36:35.093000,416.3817192297967,15
2024-09-16 10:36:35.146000,416.4306607002685,101
2024-09-16 10:36:35.154000,416.32162244132536,14
2024-09-16 10:36:35.213000,416.3576956725187,1001
2024-09-16 10:36:35.301000,416.3375391128697,11
2024-09-16 10:36:35.366000,416.3765999212775,1004
2024-09-16 10:36:35.371000,416.32375701548847,96
2024-09-16 10:36:35.376000,416.3516973926344,96
2024-09-16 10:36:35.403000,416.34481831805925,98
2024-09-16 10:36:35.403000,416.40808646938495,96
2024-09-16 10:36:35.415000,416.3416863472784,11
2024-09-16 10:36:35.420000,416.3283433407197,99
2024-09-16 10:36:35.424000,416.3359231386664,998
2024-09-16 10:36:35.425000,416.37433271460543,102
2024-09-16 10:36:35.429000,416.3346753179311,101
2024-09-16 10:36:35.519000,416.36644994300514,103
2024-09-16 10:36:35.547000,416.3375264059464,101
2024-09-16 10:36:35.556000,416.3381314874434,10
2024-09-16 10:36:35.576000,416.3908881507465,1002
2024-09-16 10:36:35.611000,416.3574553536329,998
2024-09-16 10:36:35.779000,416.3760961219354,98
2024-09-16 10:36:35.813000,416.3464801309761,98
2024-09-16 10:36:35.831000,416.3925084787937,1004
2024-09-16 10:36:35.856000,416.3703330959711,98
2024-09-16 10:36:35.863000,416.3356682536165,997
2024-09-16 10:36:35.892000,416.3799589214136,101
2024-09-16 10:36:35.893000,416.34429056899125,5
2024-09-16 10:36:35.977000,416.3930222092175,1003
2024-09-16 10:36:35.981000,416.3314861698235,105
2024-09-16 10:36:36.027000,416.3061023109091,1002
2024-09-16 10:36:36.111000,416.31561808944303,1000
2024-09-16 10:36:36.116000,416.30076766463424,1000
2024-09-16 10:36:36.203000,416.2572074148343,104
2024-09-16 10:36:36.216000,416.2507506640057,1001
2024-09-16 10:36:36.380000,416.297526165133,13
2024-09-16 10:36:36.399000,416.3064584678369,102
2024-09-16 10:36:36.405000,416.32590948409273,9
2024-09-16 10:36:36.431000,416.2997411492845,15
2024-09-16 10:36:36.463000,416.2788351465899,15
2024-09-16 10:36:36.631000,416.2929605266649,8
2024-09-16 10:36:36.675000,416.31710997407725,105
2024-09-16 10:36:36.736000,416.2713521027224,100
2024-09-16 10:36:36.764000,416.278970976412,1005
2024-09-16 10:36:36.806000,416.2422433160554,998
2024-09-16 10:36:36.994000,416.2806490601111,98
2024-09-16 10:36:37.047000,416.216529238038,1000
2024-09-16 10:36:37.185000,416.2350076198116,14
2024-09-16 10:36:37.249000,416.2450201394845,100
2024-09-16 10:36:37.608000,416.2374087434801,13
2024-09-16 10:36:37.719000,416.2406250080457,1005
2024-09-16 10:36:37.931000,416.24299733763297,1005
2024-09-16 10:36:38.057000,416.2686383974161,104
2024-09-16 10:36:38.195000,416.2829036058729,1005
2024-09-16 10:36:38.215000,416.2962941625619,104
2024-09-16 10:36:38.304000,416.2377436959724,95
2024-09-16 10:36:38.306000,416.24463085487656,97
2024-09-16 10:36:38.483000,416.2364695243732,15
2024-09-16 10:36:38.534000,416.2986025518292,5
2024-09-16 10:36:38.552000,416.2130343619315,997
2024-09-16 10:36:38.597000,416.30557128690816,103
2024-09-16 10:36:38.627000,416.26426777431845,97
2024-09-16 10:36:38.655000,416.28116936040703,996
2024-09-16 10:36:38.675000,416.2237785521229,14
2024-09-16 10:36:38.737000,416.2760215265171,1004
2024-09-16 10:36:38.854000,416.2902047407504,7
2024-09-16 10:36:38.883000,416.2552632671736,105
2024-09-16 10:36:38.976000,416.3062859853112,98
2024-09-16 10:36:38.988000,416.2593787021932,6
2024-09-16 10:36:38.988000,416.2742685684672,1000
2024-09-16 10:36:39.062000,416.26037411955537,999
2024-09-16 10:36:39.085000,416.2621618523649,12
2024-09-16 10:36:39.149000,416.3021135997514,103
2024-09-16 10:36:39.157000,416.3192801133037,6
2024-09-16 10:36:39.177000,416.2686518540794,1004
2024-09-16 10:36:39.224000,416.27956438974655,10
2024-09-16 10:36:39.277000,416.2647976719319,7
2024-09-16 10:36:39.390000,416.2525649854359,1000
2024-09-16 10:36:39.407000,416.26032422038,100
2024-09-16 10:36:39.413000,416.2735101859949,101
2024-09-16 10:36:39.441000,416.23622555249847,104
2024-09-16 10:36:39.456000,416.22445746352753,7
2024-09-16 10:36:39.538000,416.3235011918097,998
2024-09-16 10:36:39.575000,416.3211585171501,103
2024-09-16 10:36:39.709000,416.2819485844264,101
2024-09-16 10:36:39.805000,416.3122285131464,998
2024-09-16 10:36:39.844000,416.2554108109276,1003
2024-09-16 10:36:39.858000,416.270558698766,1004
2024-09-16 10:36:40.019000,416.2002810087038,8
2024-09-16 10:36:40.036000,416.22013021051066,998
2024-09-16 10:36:40.105000,416.2172237916967,7
2024-09-16 10:36:40.139000,416.224928889746,5
2024-09-16 10:36:40.159000,416.204857458026,8
2024-09-16 10:36:40.163000,416.2241071176183,12
2024-09-16 10:36:40.208000,416.234619976303,101
2024-09-16 10:36:40.388000,416.2179030860008,96
2024-09-16 10:36:40.409000,416.25464959464114,5
2024-09-16 10:36:40.470000,416.1977959014623,1000
2024-09-16 10:36:40.472000,416.21162817585633,11
2024-09-16 10:36:40.511000,416.2203796407247,15
2024-09-16 10:36:40.572000,416.21065519604497,1005
2024-09-16 10:36:40.647000,416.206608664454,14
2024-09-16 10:36:40.649000,416.19275040346906,101
2024-09-16 10:36:40.661000,416.2358731004916,105
2024-09-16 10:36:40.665000,416.1947707528871,14
2024-09-16 10:36:40.685000,416.2094213835508,1000
2024-09-16 10:36:40.714000,416.2085847393317,15
2024-09-16 10:36:40.873000,416.2101261081109,103
2024-09-16 10:36:40.905000,416.1957168581532,1005
2024-09-16 10:36:40.930000,416.2248915477572,104
2024-09-16 10:36:40.988000,416.2455359262422,8
2024-09-16 10:36:40.991000,416.2570336938279,97
2024-09-16 10:36:41.007000,416.1683437371594,96
2024-09-16 10:36:41.052000,416.1586515436075,10
2024-09-16 10:36:41.080000,416.1580996937839,97
2024-09-16 10:36:41.121000,416.1497603365938,998
2024-09-16 10:36:41.126000,416.1586658077878,995
2024-09-16 10:36:41.179000,416.1913862133617,101
2024-09-16 10:36:41.190000,416.1570984081218,103
2024-09-16 10:36:41.239000,416.1795305654136,13
2024-09-16 10:36:41.263000,416.1783078224951,98
2024-09-16 10:36:41.275000,416.172676311578,104
2024-09-16 10:36:41.292000,416.1917101560237,14
2024-09-16 10:36:41.295000,416.16300300552297,13
2024-09-16 10:36:41.371000,416.1925709430637,1002
2024-09-16 10:36:41.416000,416.1849232953836,1001
2024-09-16 10:36:41.418000,416.1393685899697,105
2024-09-16 10:36:41.470000,416.1713946779028,11
2024-09-16 10:36:41.472000,416.1830345209862,1001
2024-09-16 10:36:41.558000,416.1598223873444,96
2024-09-16 10:36:41.612000,416.1682311118981,98
2024-09-16 10:36:41.643000,416.16087713204223,999
2024-09-16 10:36:41.667000,416.17254185675273,11
2024-09-16 10:36:41.704000,416.1787862531695,6
2024-09-16 10:36:41.715000,416.1603738521247,9
2024-09-16 10:36:41.829000,416.1695337216901,7
2024-09-16 10:36:41.860000,416.17548886703287,5
2024-09-16 10:36:41.969000,416.1640235283189,1003
2024-09-16 10:36:41.998000,416.1951550838904,100
2024-09-16 10:36:41.998000,416.1269560900554,13
2024-09-16 10:36:42.306000,416.1191224259691,96
2024-09-16 10:36:42.495000,416.14085753125306,998
2024-09-16 10:36:42.866000,416.1477576451181,995
2024-09-16 10:36:43.121000,416.1213245857833,10
2024-09-16 10:36:43.237000,416.10942533242064,9
2024-09-16 10:36:43.240000,416.1421333742775,9
2024-09-16 10:36:43.321000,416.1420539414,1005
2024-09-16 10:36:43.352000,416.1040377466954,995
2024-09-16 10:36:43.381000,416.140935348965,15
2024-09-16 10:36:43.440000,416.1070012069381,99
2024-09-16 10:36:43.578000,416.1481301814683,104
2024-09-16 10:36:43.750000,416.13335126189605,103
2024-09-16 10:36:43.763000,416.10166303955776,1001
2024-09-16 10:36:43.774000,416.0981903158189,1005
2024-09-16 10:36:43.790000,416.1114660005482,1000
2024-09-16 10:36:43.847000,416.1301339571991,101
2024-09-16 10:36:44.061000,416.1326895754605,10
2024-09-16 10:36:44.073000,416.1537930014334,105
2024-09-16 10:36:44.090000,416.1425382429235,1004
2024-09-16 10:36:44.093000,416.15500505066063,1002
2024-09-16 10:36:44.094000,416.1215458730736,99
2024-09-16 10:36:44.268000,416.1633722348224,5
2024-09-16 10:36:44.364000,416.14578122092473,101
2024-09-16 10:36:44.402000,416.1287716635655,6
2024-09-16 10:36:44.556000,416.15796389076127,12
2024-09-16 10:36:44.556000,416.13537730603554,1001
2024-09-16 10:36:44.641000,416.1483180276331,95
2024-09-16 10:36:44.659000,416.163334533893,1000
2024-09-16 10:36:44.667000,416.13187232495005,11
2024-09-16 10:36:44.741000,416.155732162811,1002
2024-09-16 10:36:44.849000,416.13753433434425,8
2024-09-16 10:36:44.925000,416.1454299326962,99
2024-09-16 10:36:44.939000,416.1132198822182,7
2024-09-16 10:36:44.979000,416.1433221210304,5
2024-09-16 10:36:45.002000,416.094255005774,14
2024-09-16 10:36:45.159000,416.1581506319755,1001
2024-09-16 10:36:45.160000,416.1029883749287,997
2024-09-16 10:36:45.250000,416.0979847257436,12
2024-09-16 10:36:45.317000,416.1601397395286,102
2024-09-16 10:36:45.379000,416.0972708364337,13
2024-09-16 10:36:45.428000,416.16835687053793,999
2024-09-16 10:36:45.435000,416.1686456715479,100
2024-09-16 10:36:45.510000,416.15958800735626,11
2024-09-16 10:36:45.566000,416.1081780222625,13
2024-09-16 10:36:45.615000,416.10266049714,5
2024-09-16 10:36:45.656000,416.1164746211956,1003
2024-09-16 10:36:45.766000,416.1554358287424,1004
2024-09-16 10:36:45.779000,416.1643886877963,1003
2024-09-16 10:36:45.823000,416.1193324356334,6
2024-09-16 10:36:45.855000,416.1354814377263,8
2024-09-16 10:36:45.947000,416.1534647135737,101
2024-09-16 10:36:45.972000,416.1749842940749,97
2024-09-16 10:36:45.997000,416.09676524122926,8
2024-09-16 10:36:46.008000,416.15135810050265,6
2024-09-16 10:36:46.009000,416.12243747969455,1003
2024-09-16 10:36:46.086000,416.1104285311134,103
2024-09-16 10:36:46.235000,416.10888839249367,1002
2024-09-16 10:36:46.267000,416.13501865209327,1001
2024-09-16 10:36:46.294000,416.1330789476343,11
2024-09-16 10:36:46.332000,416.1364249292976,1002
2024-09-16 10:36:46.438000,416.118244054121,5
2024-09-16 10:36:46.466000,416.1223949368218,101
2024-09-16 10:36:46.543000,416.102820948797,96
2024-09-16 10:36:46.657000,416.0983707712202,13
2024-09-16 10:36:46.750000,416.1604654223348,12
2024-09-16 10:36:46.799000,416.11387150459,6
2024-09-16 10:36:46.844000,416.1551629090587,1001
2024-09-16 10:36:47.005000,416.1440940552257,1004
2024-09-16 10:36:47.025000,416.18680814433617,99
2024-09-16 10:36:47.049000,416.1972669961579,95
2024-09-16 10:36:47.105000,416.1293245503074,103
2024-09-16 10:36:47.135000,416.1595695857535,101
2024-09-16 10:36:47.200000,416.1657797921656,998
2024-09-16 10:36:47.276000,416.2066630691635,1005
2024-09-16 10:36:47.290000,416.18736549620064,13
2024-09-16 10:36:47.383000,416.18507915442666,1004
2024-09-16 10:36:47.427000,416.1316605329947,1000
2024-09-16 10:36:47.467000,416.1354619442576,1002
2024-09-16 10:36:47.489000,416.19015313836405,105
2024-09-16 10:36:47.519000,416.1792497674951,100
2024-09-16 10:36:47.567000,416.1835828856579,103
2024-09-16 10:36:47.569000,416.14213871243743,101
2024-09-16 10:36:47.660000,416.18212421436857,15
2024-09-16 10:36:47.697000,416.1625967326564,15
2024-09-16 10:36:47.762000,416.1875683918392,995
2024-09-16 10:36:47.773000,416.19151699859054,98
2024-09-16 10:36:47.951000,416.14721238291605,95
2024-09-16 10:36:47.955000,416.1646398225122,5
2024-09-16 10:36:47.979000,416.1312507807172,999
2024-09-16 10:36:48.409000,416.2018099377802,99
2024-09-16 10:36:48.630000,416.1900681017335,13
2024-09-16 10:36:48.644000,416.2163102608246,101
2024-09-16 10:36:48.702000,416.183588779804,12
2024-09-16 10:36:48.823000,416.2124337160402,97
2024-09-16 10:36:48.922000,416.2107943530237,1002
2024-09-16 10:36:48.977000,416.18912421490046,104
2024-09-16 10:36:49.020000,416.159111610318,6
2024-09-16 10:36:49.042000,416.13295589958494,996
2024-09-16 10:36:49.054000,416.1351621928304,99
2024-09-16 10:36:49.103000,416.1343120136533,1005
2024-09-16 10:36:49.147000,416.1428463919007,13
2024-09-16 10:36:49.149000,416.1576220491263,1000
2024-09-16 10:36:49.180000,416.1426748013324,96
2024-09-16 10:36:49.180000,416.17647350294976,104
2024-09-16 10:36:49.207000,416.1331080536261,1004
2024-09-16 10:36:49.443000,416.1767773302289,1005
2024-09-16 10:36:49.544000,416.1304933977636,1005
2024-09-16 10:36:49.561000,416.1434718370351,15
2024-09-16 10:36:49.564000,416.1624001764721,105
2024-09-16 10:36:49.685000,416.1053354975704,1005
2024-09-16 10:36:49.731000,416.11680765150135,5
2024-09-16 10:36:49.835000,416.13587277110656,95
2024-09-16 10:36:49.897000,416.1169161680465,15
2024-09-16 10:36:49.932000,416.1588408384424,8
2024-09-16 10:36:49.948000,416.1456946425108,101
2024-09-16 10:36:50.003000,416.1667157540711,102
2024-09-16 10:36:50.142000,416.1831408330017,1002
2024-09-16 10:36:50.260000,416.1892797553247,10
2024-09-16 10:36:50.300000,416.20237360042063,98
2024-09-16 10:36:50.343000,416.1820259149236,102
2024-09-16 10:36:50.366000,416.21445578247153,1003
2024-09-16 10:36:50.418000,416.206669124364,102
2024-09-16 10:36:50.608000,416.18419252324594,8
2024-09-16 10:36:50.722000,416.1955186967674,998
2024-09-16 10:36:50.740000,416.1506605944167,6
2024-09-16 10:36:50.764000,416.1789357988604,10
2024-09-16 10:36:50.866000,416.1573940318472,104
2024-09-16 10:36:50.969000,416.1623412597362,98
2024-09-16 10:36:50.989000,416.2143175220599,99
2024-09-16 10:36:51.049000,416.2012879741235,11
2024-09-16 10:36:51.068000,416.12925479333,1000
2024-09-16 10:36:51.071000,416.1471153108631,96
2024-09-16 10:36:51.076000,416.1529592278577,1005
2024-09-16 10:36:51.080000,416.1534058872516,99
2024-09-16 10:36:51.095000,416.1592290797095,6
2024-09-16 10:36:51.122000,416.1910331843388,6
2024-09-16 10:36:51.172000,416.14739326697486,1002
2024-09-16 10:36:51.243000,416.13217011563336,105
2024-09-16 10:36:51.267000,416.1804155767857,5
2024-09-16 10:36:51.302000,416.14737886889407,5
2024-09-16 10:36:51.421000,416.1920694867544,997
2024-09-16 10:36:51.463000,416.1498894824534,104
2024-09-16 10:36:51.496000,416.2047557803997,105
2024-09-16 10:36:51.503000,416.1936563956596,998
2024-09-16 10:36:51.546000,416.20931658711504,996
2024-09-16 10:36:51.550000,416.198912979856,101
2024-09-16 10:36:51.601000,416.1627712336489,101
2024-09-16 10:36:51.881000,416.1892182169364,102
2024-09-16 10:36:51.940000,416.2015676500544,95
2024-09-16 10:36:51.984000,416.1964910618279,997
2024-09-16 10:36:52.076000,416.1542650389511,1003
2024-09-16 10:36:52.089000,416.1508795703423,102
2024-09-16 10:36:52.101000,416.1487025432798,5
2024-09-16 10:36:52.211000,416.1765638866397,7
2024-09-16 10:36:52.233000,416.177293333852,96
2024-09-16 10:36:52.293000,416.1647127028853,999
2024-09-16 10:36:52.339000,416.1610929432288,95
2024-09-16 10:36:52.368000,416.1742526521738,997
2024-09-16 10:36:52.388000,416.2003556544891,95
2024-09-16 10:36:52.398000,416.1644367331608,1001
2024-09-16 10:36:52.413000,416.1931613064236,1005
2024-09-16 10:36:52.607000,416.182082690236,96
2024-09-16 10:36:52.684000,416.1888755511681,996
2024-09-16 10:36:52.805000,416.1882972384374,1002
2024-09-16 10:36:52.828000,416.2004770102129,105
2024-09-16 10:36:52.844000,416.1815603117509,15
2024-09-16 10:36:52.866000,416.1865735851653,12
2024-09-16 10:36:53.018000,416.14405778248886,1002
2024-09-16 10:36:53.020000,416.1222239900866,101
2024-09-16 10:36:53.085000,416.1802108804164,6
2024-09-16 10:36:53.093000,416.151486013736,104
2024-09-16 10:36:53.095000,416.1287620208712,1005
2024-09-16 10:36:53.115000,416.1346006758802,10
2024-09-16 10:36:53.258000,416.147711815663,6
2024-09-16 10:36:53.259000,416.1800138258038,998
2024-09-16 10:36:53.382000,416.14845585453696,12
2024-09-16 10:36:53.385000,416.1550420051135,15
2024-09-16 10:36:53.395000,416.14195815986,100
2024-09-16 10:36:53.584000,416.1795085486337,1004
2024-09-16 10:36:53.592000,416.1519080701583,97
2024-09-16 10:36:53.635000,416.17337164534126,14
2024-09-16 10:36:53.643000,416.140767067349,8
2024-09-16 10:36:53.647000,416.1774641586332,996
2024-09-16 10:36:53.695000,416.1233814721176,1004
2024-09-16 10:36:53.703000,416.1350244910581,96
2024-09-16 10:36:53.703000,416.1582864118554,7
2024-09-16 10:36:53.710000,416.1356065530474,8
2024-09-16 10:36:53.711000,416.1344426243965,1001
2024-09-16 10:36:53.724000,416.1198789565359,12
2024-09-16 10:36:53.815000,416.14467299279,98
2024-09-16 10:36:53.875000,416.1580886292457,99
2024-09-16 10:36:53.894000,416.14501047733137,1001
2024-09-16 10:36:53.904000,416.1481759949296,101
2024-09-16 10:36:54.085000,416.1415270730906,6
2024-09-16 10:36:54.106000,416.1483310092163,997
2024-09-16 10:36:54.193000,416.1447065875018,1002
2024-09-16 10:36:54.299000,416.1060469266243,999
2024-09-16 10:36:54.329000,416.11145820419085,9
2024-09-16 10:36:54.445000,416.1482037623303,5
2024-09-16 10:36:54.448000,416.1537015271329,998
2024-09-16 10:36:54.486000,416.14177675770514,100
2024-09-16 10:36:54.584000,416.1529837927896,996
2024-09-16 10:36:54.718000,416.1161283092816,995
2024-09-16 10:36:54.891000,416.12558675043454,103
2024-09-16 10:36:54.954000,416.1372685868711,1001
2024-09-16 10:36:54.975000,416.1066539693163,998
2024-09-16 10:36:55.029000,416.08214030949824,1003
2024-09-16 10:36:55.041000,416.1038908412699,103
2024-09-16 10:36:55.115000,416.1073512987904,99
2024-09-16 10:36:55.139000,416.1167928949205,101
2024-09-16 10:36:55.168000,416.04380871297786,101
2024-09-16 10:36:55.247000,416.09343902662937,995
2024-09-16 10:36:55.282000,416.0807314862519,97
2024-09-16 10:36:55.313000,416.06648776171,9
2024-09-16 10:36:55.364000,416.0673006640288,101
2024-09-16 10:36:55.400000,416.0636728556616,998
2024-09-16 10:36:55.468000,416.0980461898854,105
2024-09-16 10:36:55.475000,416.0752439709325,102
2024-09-16 10:36:55.588000,416.0634098337664,998
2024-09-16 10:36:55.606000,416.06239062895065,1001
2024-09-16 10:36:55.662000,416.1028053330493,5
2024-09-16 10:36:55.666000,416.05826213810593,101
2024-09-16 10:36:55.692000,416.0823915780771,104
2024-09-16 10:36:55.823000,416.0973735632636,1004
2024-09-16 10:36:55.876000,416.0583122018217,1002
2024-09-16 10:36:55.882000,416.0688841829793,15
2024-09-16 10:36:55.904000,416.1116226306248,998
2024-09-16 10:36:55.975000,416.1040967390716,12
2024-09-16 10:36:55.983000,416.0384392087525,8
2024-09-16 10:36:56.003000,416.1298793306173,996
2024-09-16 10:36:56.023000,416.1128326058299,99
2024-09-16 10:36:56.040000,416.1216187937183,1005
2024-09-16 10:36:56.123000,416.1157631368901,10
2024-09-16 10:36:56.167000,416.0470677061081,98
2024-09-16 10:36:56.202000,416.1061386891154,99
2024-09-16 10:36:56.205000,416.1120026102057,15
2024-09-16 10:36:56.262000,416.08169891312303,14
2024-09-16 10:36:56.292000,416.13509730801854,102
2024-09-16 10:36:56.298000,416.12932543446266,14
2024-09-16 10:36:56.304000,416.078353605321,15
2024-09-16 10:36:56.317000,416.05451036698696,12
2024-09-16 10:36:56.342000,416.1095570146376,997
2024-09-16 10:36:56.393000,416.1285981869305,15
2024-09-16 10:36:56.448000,416.12238212953,8
2024-09-16 10:36:56.460000,416.1127926026485,98
2024-09-16 10:36:56.482000,416.10854145689103,103
2024-09-16 10:36:56.493000,416.0598190973682,1005
2024-09-16 10:36:56.496000,416.1050032651619,997
2024-09-16 10:36:56.527000,416.0576443491413,96
2024-09-16 10:36:56.549000,416.1211386404892,104
2024-09-16 10:36:56.617000,416.0645411812473,1005
2024-09-16 10:36:56.700000,416.11786619233686,101
2024-09-16 10:36:56.753000,416.0602339025979,1000
2024-09-16 10:36:56.854000,416.12048116199713,1005
2024-09-16 10:36:56.888000,416.1253203738128,9
2024-09-16 10:36:56.914000,416.1249949201926,99
2024-09-16 10:36:56.974000,416.0500901600385,999
2024-09-16 10:36:57.048000,416.12027225385725,1002
2024-09-16 10:36:57.095000,416.1103543112784,105
2024-09-16 10:36:57.101000,416.09330719079566,96
2024-09-16 10:36:57.341000,416.09086552804,1001
2024-09-16 10:36:57.361000,416.111370837412,99
2024-09-16 10:36:57.887000,416.1182827815041,5
2024-09-16 10:36:57.960000,416.1165104084467,105
2024-09-16 10:36:57.991000,416.12817743170194,96
2024-09-16 10:36:58.099000,416.15685775813296,10
2024-09-16 10:36:58.102000,416.1377094247383,98
2024-09-16 10:36:58.358000,416.1245360089324,1004
2024-09-16 10:36:58.532000,416.1678367499694,102
2024-09-16 10:36:58.686000,416.1647221938039,95
2024-09-16 10:36:58.687000,416.12738379143,99
2024-09-16 10:36:58.908000,416.16337266173554,6
2024-09-16 10:36:59.121000,416.1694168074744,1004
2024-09-16 10:36:59.229000,416.1475661029066,998
2024-09-16 10:36:59.260000,416.1417441483587,99
2024-09-16 10:36:59.283000,416.1418250688513,999
2024-09-16 10:36:59.283000,416.1388506964232,999
2024-09-16 10:36:59.328000,416.14035976452,14
2024-09-16 10:36:59.329000,416.1466126956228,1002
2024-09-16 10:36:59.335000,416.1695704483763,102
2024-09-16 10:36:59.344000,416.1608772983855,9
2024-09-16 10:36:59.408000,416.1291639876512,9
2024-09-16 10:36:59.451000,416.15937219948495,101
2024-09-16 10:36:59.457000,416.1390431686264,104
2024-09-16 10:36:59.606000,416.1380853957909,96
2024-09-16 10:36:59.648000,416.1559594129233,11
2024-09-16 10:36:59.672000,416.1685995734861,95
2024-09-16 10:36:59.719000,416.1640201367785,8
2024-09-16 10:36:59.815000,416.179441542005,1002
2024-09-16 10:36:59.845000,416.1412687185452,998
2024-09-16 10:36:59.876000,416.1366807199793,103
2024-09-16 10:36:59.883000,416.1454042935995,9
2024-09-16 10:36:59.887000,416.1658696025344,9
2024-09-16 10:36:59.969000,416.1203815321929,105
2024-09-16 10:36:59.969000,416.150382015482,1003
