Timestamp,Price,Size
2024-09-19 15:07:00.137000,420.6031249580764,1001
2024-09-19 15:07:00.224000,420.63773511465536,1005
2024-09-19 15:07:00.289000,420.6131266522318,102
2024-09-19 15:07:00.289000,420.6019262200611,5
2024-09-19 15:07:00.423000,420.618861860277,5
2024-09-19 15:07:00.582000,420.62462365136486,1004
2024-09-19 15:07:00.605000,420.6125787453115,6
2024-09-19 15:07:00.903000,420.6271307803234,14
2024-09-19 15:07:00.951000,420.60695176729473,102
2024-09-19 15:07:01.015000,420.6493509881123,1001
2024-09-19 15:07:01.018000,420.64827831894735,996
2024-09-19 15:07:01.026000,420.6408443576818,13
2024-09-19 15:07:01.178000,420.5314146521269,5
2024-09-19 15:07:01.199000,420.640309012404,997
2024-09-19 15:07:01.230000,420.65373109473927,105
2024-09-19 15:07:01.310000,420.6557266298268,1004
2024-09-19 15:07:01.313000,420.5595449904923,5
2024-09-19 15:07:01.321000,420.6651238001732,995
2024-09-19 15:07:01.349000,420.6610716605149,1003
2024-09-19 15:07:01.418000,420.6015985373024,997
2024-09-19 15:07:01.424000,420.6810628231353,1002
2024-09-19 15:07:01.538000,420.56258024816685,999
2024-09-19 15:07:01.583000,420.66288580032926,9
2024-09-19 15:07:01.687000,420.6751014422085,96
2024-09-19 15:07:01.716000,420.6595989199389,1004
2024-09-19 15:07:01.735000,420.6619252269938,97
2024-09-19 15:07:01.791000,420.622880281856,996
2024-09-19 15:07:01.804000,420.6574638244492,1002
2024-09-19 15:07:01.807000,420.62985961555086,96
2024-09-19 15:07:01.992000,420.55522815104456,7
2024-09-19 15:07:01.993000,420.5948299326401,99
2024-09-19 15:07:02.033000,420.56378576293184,14
2024-09-19 15:07:02.047000,420.5469045767473,10
2024-09-19 15:07:02.081000,420.5157442358263,98
2024-09-19 15:07:02.192000,420.5637648507085,996
2024-09-19 15:07:02.388000,420.5439586128861,1003
2024-09-19 15:07:02.649000,420.51824241772783,13
2024-09-19 15:07:02.665000,420.5056519295197,1001
2024-09-19 15:07:02.718000,420.5484298620472,101
2024-09-19 15:07:02.746000,420.5045565298523,15
2024-09-19 15:07:02.753000,420.5374945808897,999
2024-09-19 15:07:02.856000,420.54497635294695,997
2024-09-19 15:07:02.926000,420.56969883911086,98
2024-09-19 15:07:02.960000,420.54714184154375,8
2024-09-19 15:07:02.965000,420.5035954757616,14
2024-09-19 15:07:03.356000,420.5007331987322,995
2024-09-19 15:07:03.440000,420.4952506599456,15
2024-09-19 15:07:03.517000,420.4949855434877,7
2024-09-19 15:07:03.679000,420.520336852618,11
2024-09-19 15:07:03.956000,420.5187728120702,6
2024-09-19 15:07:04.496000,420.4911786884495,95
2024-09-19 15:07:04.791000,420.4988123423648,100
2024-09-19 15:07:05.006000,420.45929728164646,103
2024-09-19 15:07:05.036000,420.4668744517981,1005
2024-09-19 15:07:05.149000,420.4980786234658,14
2024-09-19 15:07:05.179000,420.4761410880704,6
2024-09-19 15:07:05.248000,420.4712711325912,1002
2024-09-19 15:07:05.352000,420.47394941475454,1005
2024-09-19 15:07:05.393000,420.4642795352214,10
2024-09-19 15:07:05.513000,420.4782049484718,997
2024-09-19 15:07:05.514000,420.4622212115759,5
2024-09-19 15:07:05.567000,420.4575526684836,996
2024-09-19 15:07:05.603000,420.4976853978571,999
2024-09-19 15:07:05.633000,420.4759225565643,13
2024-09-19 15:07:05.681000,420.4548331040673,15
2024-09-19 15:07:05.693000,420.4744110311452,98
2024-09-19 15:07:05.721000,420.4799217189294,15
2024-09-19 15:07:05.737000,420.4796423273463,1003
2024-09-19 15:07:05.916000,420.47223686478327,12
2024-09-19 15:07:05.964000,420.4584247667418,997
2024-09-19 15:07:06.054000,420.4767709029898,11
2024-09-19 15:07:06.061000,420.4582231016322,1002
2024-09-19 15:07:06.127000,420.49809345571606,97
2024-09-19 15:07:06.364000,420.52149609791815,1002
2024-09-19 15:07:06.389000,420.5042927454096,98
2024-09-19 15:07:06.404000,420.4939002320336,104
2024-09-19 15:07:06.472000,420.450084152876,101
2024-09-19 15:07:06.508000,420.4911721317753,12
2024-09-19 15:07:06.517000,420.5098085844924,11
2024-09-19 15:07:06.523000,420.46373967437165,100
2024-09-19 15:07:06.638000,420.50359320197634,101
2024-09-19 15:07:06.729000,420.5062340846741,1001
2024-09-19 15:07:06.796000,420.5088916854351,999
2024-09-19 15:07:06.846000,420.4589306218658,997
2024-09-19 15:07:07.116000,420.4962861705378,1005
2024-09-19 15:07:07.249000,420.51411693414593,10
2024-09-19 15:07:07.824000,420.5081049539564,6
2024-09-19 15:07:07.942000,420.4947180523575,100
2024-09-19 15:07:08.070000,420.5247870036516,995
2024-09-19 15:07:08.257000,420.5381097994304,1004
2024-09-19 15:07:08.599000,420.5484467442626,1004
2024-09-19 15:07:08.911000,420.5614806882148,104
2024-09-19 15:07:08.937000,420.534093386692,100
2024-09-19 15:07:09.013000,420.53136996362616,1002
2024-09-19 15:07:09.088000,420.57549168605766,11
2024-09-19 15:07:09.096000,420.5283041123603,102
2024-09-19 15:07:09.180000,420.5911400965336,14
2024-09-19 15:07:09.181000,420.5340295971474,97
2024-09-19 15:07:09.247000,420.519013438522,105
2024-09-19 15:07:09.252000,420.548928439333,1002
2024-09-19 15:07:09.329000,420.50674609614646,15
2024-09-19 15:07:09.400000,420.5315424950585,1003
2024-09-19 15:07:09.430000,420.5579799853549,11
2024-09-19 15:07:09.450000,420.5621072781221,100
2024-09-19 15:07:09.513000,420.5314471884242,7
2024-09-19 15:07:09.620000,420.5474393128825,104
2024-09-19 15:07:09.700000,420.5187744696807,100
2024-09-19 15:07:09.720000,420.512970488906,95
2024-09-19 15:07:09.750000,420.5541538189763,105
2024-09-19 15:07:09.795000,420.535028035634,998
2024-09-19 15:07:09.798000,420.55825468707167,13
2024-09-19 15:07:09.911000,420.5118453298833,15
2024-09-19 15:07:09.932000,420.5271959342506,11
2024-09-19 15:07:09.938000,420.5308121349313,995
2024-09-19 15:07:09.940000,420.52279654115415,97
2024-09-19 15:07:09.965000,420.57620522548274,1004
2024-09-19 15:07:10.011000,420.5559447376172,996
2024-09-19 15:07:10.037000,420.50941644839287,1004
2024-09-19 15:07:10.132000,420.5199737637029,95
2024-09-19 15:07:10.144000,420.5115309563653,8
2024-09-19 15:07:10.196000,420.527317435866,15
2024-09-19 15:07:10.220000,420.5331844135334,1000
2024-09-19 15:07:10.247000,420.5581100027195,98
2024-09-19 15:07:10.273000,420.51417830398793,995
2024-09-19 15:07:10.286000,420.5249812781255,1001
2024-09-19 15:07:10.318000,420.520631276311,5
2024-09-19 15:07:10.320000,420.5399259708982,10
2024-09-19 15:07:10.355000,420.5521168527717,15
2024-09-19 15:07:10.360000,420.55703466616495,12
2024-09-19 15:07:10.420000,420.5308569278786,997
2024-09-19 15:07:10.535000,420.5203685075841,95
2024-09-19 15:07:10.556000,420.5465297642224,99
2024-09-19 15:07:10.654000,420.547216484127,1003
2024-09-19 15:07:10.669000,420.5256633021577,105
2024-09-19 15:07:10.680000,420.552230093784,1004
2024-09-19 15:07:10.729000,420.5380469273739,1003
2024-09-19 15:07:10.780000,420.54433347764143,6
2024-09-19 15:07:10.938000,420.553664848006,97
2024-09-19 15:07:10.978000,420.5381805435576,995
2024-09-19 15:07:11.030000,420.5320164543965,97
2024-09-19 15:07:11.039000,420.4935566201617,999
2024-09-19 15:07:11.090000,420.5429179619522,1001
2024-09-19 15:07:11.101000,420.56054105851285,6
2024-09-19 15:07:11.102000,420.52682608300256,1002
2024-09-19 15:07:11.105000,420.5567499632234,1004
2024-09-19 15:07:11.111000,420.54966806715385,96
2024-09-19 15:07:11.237000,420.5341303218231,95
2024-09-19 15:07:11.292000,420.559329666558,1003
2024-09-19 15:07:11.295000,420.5505494227382,9
2024-09-19 15:07:11.298000,420.540060996913,100
2024-09-19 15:07:11.333000,420.484608715136,13
2024-09-19 15:07:11.395000,418.7454409760439,11
2024-09-19 15:07:11.398000,420.53833097333126,1004
2024-09-19 15:07:11.412000,420.5351149868504,98
2024-09-19 15:07:11.412000,420.5515231521419,5
2024-09-19 15:07:11.456000,420.5426495425425,996
2024-09-19 15:07:11.473000,420.5298779944874,102
2024-09-19 15:07:11.499000,420.5308104616016,98
2024-09-19 15:07:11.697000,420.5389333100764,102
2024-09-19 15:07:11.701000,420.4908491994775,1005
2024-09-19 15:07:11.784000,420.5570023663909,6
2024-09-19 15:07:12.152000,420.5728823025609,7
2024-09-19 15:07:12.208000,420.55015949308734,11
2024-09-19 15:07:12.361000,420.5742227348115,998
2024-09-19 15:07:12.363000,420.50363356724426,103
2024-09-19 15:07:12.369000,420.5463858257438,6
2024-09-19 15:07:12.409000,420.5740067988992,15
2024-09-19 15:07:12.745000,420.5270139549045,98
2024-09-19 15:07:12.909000,420.5354641804503,102
2024-09-19 15:07:12.932000,420.5729472178749,104
2024-09-19 15:07:12.997000,420.5645626190772,1005
2024-09-19 15:07:14.049000,420.58851480337046,10
2024-09-19 15:07:14.078000,420.569351797362,105
2024-09-19 15:07:14.109000,420.56974224353536,15
2024-09-19 15:07:14.258000,420.55373339609054,7
2024-09-19 15:07:14.276000,420.54673712742414,995
2024-09-19 15:07:14.324000,420.5664723490997,5
2024-09-19 15:07:14.430000,420.58888510229855,1001
2024-09-19 15:07:14.439000,420.6155789784659,1001
2024-09-19 15:07:14.494000,420.5558183931723,102
2024-09-19 15:07:14.519000,420.5824559702336,10
2024-09-19 15:07:14.526000,420.54552338520216,998
2024-09-19 15:07:14.529000,420.5928888091951,1003
2024-09-19 15:07:14.552000,420.5782907803381,102
2024-09-19 15:07:14.577000,420.601036668779,9
2024-09-19 15:07:14.694000,420.59920439131525,998
2024-09-19 15:07:14.709000,420.5768061800632,12
2024-09-19 15:07:14.736000,420.5720006646236,11
2024-09-19 15:07:14.856000,420.5937240683873,95
2024-09-19 15:07:14.949000,420.5765946202302,95
2024-09-19 15:07:14.961000,420.6016127400727,998
2024-09-19 15:07:14.982000,420.5345791754648,6
2024-09-19 15:07:15.019000,420.57459787880566,996
2024-09-19 15:07:15.130000,420.61161641603695,5
2024-09-19 15:07:15.301000,420.559529901572,11
2024-09-19 15:07:15.350000,420.5657022158844,1004
2024-09-19 15:07:15.672000,420.5467845406346,1002
2024-09-19 15:07:15.684000,420.55873994705706,9
2024-09-19 15:07:15.691000,420.5729330685124,98
2024-09-19 15:07:15.860000,420.54543413071445,103
2024-09-19 15:07:15.974000,420.5979091725987,8
2024-09-19 15:07:16.270000,420.5608326328471,13
2024-09-19 15:07:16.364000,420.57442635180297,14
2024-09-19 15:07:17.074000,420.6000325840167,99
2024-09-19 15:07:17.178000,420.5873482174861,1004
2024-09-19 15:07:17.195000,420.6090083135935,11
2024-09-19 15:07:17.282000,420.5530565377075,7
2024-09-19 15:07:17.366000,420.6046259139849,997
2024-09-19 15:07:17.375000,420.5911924165641,1005
2024-09-19 15:07:17.436000,420.5513869723754,1001
2024-09-19 15:07:17.462000,420.5631780549032,5
2024-09-19 15:07:17.517000,420.5950661002415,1005
2024-09-19 15:07:17.548000,420.586812638252,1002
2024-09-19 15:07:17.560000,420.6004641991512,1001
2024-09-19 15:07:17.576000,420.5954648158336,996
2024-09-19 15:07:17.607000,420.5420067950128,1005
2024-09-19 15:07:17.718000,420.56282602468,13
2024-09-19 15:07:17.785000,420.6089034440205,1005
2024-09-19 15:07:17.839000,420.5457745342548,1003
2024-09-19 15:07:17.845000,420.5631823741496,105
2024-09-19 15:07:17.871000,420.60420098740144,1001
2024-09-19 15:07:17.921000,420.5349445907119,102
2024-09-19 15:07:17.925000,420.5816828994164,1004
2024-09-19 15:07:18.002000,420.50385276013566,105
2024-09-19 15:07:18.108000,420.4965324231865,98
2024-09-19 15:07:18.337000,420.5151296615875,96
2024-09-19 15:07:18.342000,420.50398401188863,99
2024-09-19 15:07:19.020000,420.4836824865744,97
2024-09-19 15:07:19.029000,420.497119971324,100
2024-09-19 15:07:19.034000,420.50078277990633,13
2024-09-19 15:07:19.054000,420.5115380585187,1002
2024-09-19 15:07:19.058000,420.51091157335225,996
2024-09-19 15:07:19.201000,420.469214346458,5
2024-09-19 15:07:19.282000,420.4644331337362,12
2024-09-19 15:07:19.288000,420.4554095417361,1001
2024-09-19 15:07:19.374000,420.4848357731529,1000
2024-09-19 15:07:19.418000,420.4762068595937,1001
2024-09-19 15:07:19.435000,420.4966004866534,15
2024-09-19 15:07:19.498000,420.5035149386,996
2024-09-19 15:07:19.599000,420.50902050545295,1003
2024-09-19 15:07:19.664000,420.4861167374622,7
2024-09-19 15:07:19.676000,420.4808755791884,102
2024-09-19 15:07:19.764000,420.46954264956094,1002
2024-09-19 15:07:19.876000,420.4857613437963,10
2024-09-19 15:07:19.876000,420.45721174509737,5
2024-09-19 15:07:19.958000,420.51172991005706,5
2024-09-19 15:07:19.961000,420.485295443605,7
2024-09-19 15:07:19.966000,420.5242849282212,100
2024-09-19 15:07:19.971000,420.49027383009474,998
2024-09-19 15:07:19.992000,420.4738134095371,97
2024-09-19 15:07:20.014000,420.5163169760437,95
2024-09-19 15:07:20.123000,420.5041648827891,95
2024-09-19 15:07:20.128000,420.4996539657177,1002
2024-09-19 15:07:20.189000,420.49529150871285,104
2024-09-19 15:07:20.217000,420.4918008361764,998
2024-09-19 15:07:20.317000,420.497836059236,1000
2024-09-19 15:07:20.320000,420.4931892463253,8
2024-09-19 15:07:20.471000,420.5096710228877,6
2024-09-19 15:07:20.517000,420.5199353419037,996
2024-09-19 15:07:20.546000,420.51958435854976,9
2024-09-19 15:07:20.759000,420.5036874207078,95
2024-09-19 15:07:20.764000,420.5027098245131,15
2024-09-19 15:07:20.769000,420.4949620069678,998
2024-09-19 15:07:20.819000,420.4939441858108,996
2024-09-19 15:07:21.450000,420.5057223188229,105
2024-09-19 15:07:21.911000,420.514889384109,8
2024-09-19 15:07:21.980000,420.4968823607329,5
2024-09-19 15:07:22.069000,420.5012254875954,5
2024-09-19 15:07:22.090000,420.5487149356212,98
2024-09-19 15:07:22.204000,420.495432134184,1002
2024-09-19 15:07:22.220000,420.5279305290874,998
2024-09-19 15:07:22.231000,420.5286205364566,96
2024-09-19 15:07:22.324000,420.517445840289,1000
2024-09-19 15:07:22.415000,420.4935929144648,1003
2024-09-19 15:07:22.495000,420.53610344669295,1002
2024-09-19 15:07:22.659000,420.4863952593187,15
2024-09-19 15:07:22.664000,420.5179229141049,103
2024-09-19 15:07:22.704000,420.5048570311759,101
2024-09-19 15:07:22.728000,420.5498397972991,103
2024-09-19 15:07:22.739000,420.4700728210309,15
2024-09-19 15:07:22.769000,420.50642972382434,101
2024-09-19 15:07:22.771000,420.4762514020496,100
2024-09-19 15:07:22.786000,420.54109292313694,15
2024-09-19 15:07:22.853000,420.56208153056167,99
2024-09-19 15:07:22.890000,420.4819186902094,7
2024-09-19 15:07:23.142000,420.5224543528102,999
2024-09-19 15:07:23.153000,420.4862003522607,9
2024-09-19 15:07:23.215000,420.4892942142442,999
2024-09-19 15:07:23.296000,420.4911121763221,102
2024-09-19 15:07:23.353000,420.4800759493125,101
2024-09-19 15:07:23.359000,420.49641602537946,103
2024-09-19 15:07:23.418000,420.4753021259227,14
2024-09-19 15:07:23.437000,420.500184973688,1001
2024-09-19 15:07:23.485000,420.4926254146257,97
2024-09-19 15:07:23.496000,420.4964657693757,97
2024-09-19 15:07:23.535000,420.48464583815854,105
2024-09-19 15:07:23.720000,420.49205856475766,1002
2024-09-19 15:07:23.908000,420.4883071787975,1003
2024-09-19 15:07:23.940000,420.4643620223782,97
2024-09-19 15:07:23.945000,420.4769559674179,100
2024-09-19 15:07:23.969000,420.4870504901738,10
2024-09-19 15:07:24.063000,420.4833015891169,14
2024-09-19 15:07:24.098000,418.82379782347056,7
2024-09-19 15:07:24.114000,420.4823036352807,13
2024-09-19 15:07:24.115000,420.469657852571,15
2024-09-19 15:07:24.140000,420.50207103459263,10
2024-09-19 15:07:24.177000,420.4920197089364,96
2024-09-19 15:07:24.190000,420.4712598078835,10
2024-09-19 15:07:24.230000,420.4684112690633,14
2024-09-19 15:07:24.235000,420.5102684035034,13
2024-09-19 15:07:24.401000,420.4829784760698,9
2024-09-19 15:07:24.407000,420.5361463230112,96
2024-09-19 15:07:24.438000,420.4794992153571,100
2024-09-19 15:07:24.534000,420.51573796007966,102
2024-09-19 15:07:24.544000,420.4835808066687,1002
2024-09-19 15:07:24.674000,420.5063381037581,13
2024-09-19 15:07:24.688000,420.4829492864497,105
2024-09-19 15:07:24.701000,420.5373557131162,100
2024-09-19 15:07:24.782000,420.47317144558815,9
2024-09-19 15:07:24.800000,420.4940913456899,1005
2024-09-19 15:07:24.865000,420.5016200735266,6
2024-09-19 15:07:24.894000,420.5097591521607,102
2024-09-19 15:07:24.975000,420.482754936199,12
2024-09-19 15:07:25.020000,420.46833150071046,1002
2024-09-19 15:07:25.041000,420.4823536440215,99
2024-09-19 15:07:25.050000,420.48117988545454,13
2024-09-19 15:07:25.071000,420.4878677295691,101
2024-09-19 15:07:25.177000,420.4859053423653,103
2024-09-19 15:07:25.234000,420.46815074997465,10
2024-09-19 15:07:25.282000,420.4686757688112,996
2024-09-19 15:07:25.285000,420.4788369178896,1002
2024-09-19 15:07:25.285000,420.4728697289735,8
2024-09-19 15:07:25.421000,420.47732657915583,1003
2024-09-19 15:07:25.461000,420.4967529186178,998
2024-09-19 15:07:25.507000,420.46713430335126,103
2024-09-19 15:07:25.523000,420.467050196802,99
2024-09-19 15:07:25.568000,420.4864977569949,1004
2024-09-19 15:07:25.570000,420.4966863344316,8
2024-09-19 15:07:25.601000,420.4759607035607,98
2024-09-19 15:07:25.602000,420.4927883448223,14
2024-09-19 15:07:25.673000,418.8133758707919,13
2024-09-19 15:07:25.683000,420.4798034332104,105
2024-09-19 15:07:25.701000,420.47038582014056,7
2024-09-19 15:07:25.713000,420.4724469118072,11
2024-09-19 15:07:25.733000,420.4926019334994,101
2024-09-19 15:07:25.757000,420.46738234484,6
2024-09-19 15:07:25.861000,420.4928272892166,995
2024-09-19 15:07:25.869000,420.46694273539424,996
2024-09-19 15:07:25.869000,420.4801043764557,998
2024-09-19 15:07:25.927000,420.472686193786,12
2024-09-19 15:07:25.931000,420.4767122346428,105
2024-09-19 15:07:25.946000,420.4623227097418,13
2024-09-19 15:07:26.143000,420.5749305058408,1003
2024-09-19 15:07:26.296000,420.5566539095921,99
2024-09-19 15:07:26.305000,420.5187881675986,14
2024-09-19 15:07:26.561000,420.5361645750007,14
2024-09-19 15:07:26.601000,420.51166989897627,1005
2024-09-19 15:07:26.698000,420.50147594035474,995
2024-09-19 15:07:26.703000,420.5144453722171,9
2024-09-19 15:07:27.080000,420.57985085969386,15
2024-09-19 15:07:27.137000,420.5942443613922,1002
2024-09-19 15:07:27.828000,420.605229244025,12
2024-09-19 15:07:27.985000,420.6047180524741,999
2024-09-19 15:07:28.002000,420.5801397268451,96
2024-09-19 15:07:28.050000,420.6041497581131,102
2024-09-19 15:07:28.065000,420.6143993879337,11
2024-09-19 15:07:28.196000,420.63025546964815,105
2024-09-19 15:07:28.209000,420.5732387514136,1001
2024-09-19 15:07:28.296000,418.8855683010215,997
2024-09-19 15:07:28.312000,420.574324936397,103
2024-09-19 15:07:28.321000,420.5958700364261,96
2024-09-19 15:07:28.437000,420.6098427970604,1001
2024-09-19 15:07:28.498000,420.6016127983189,15
2024-09-19 15:07:28.531000,420.6072862786886,9
2024-09-19 15:07:28.559000,420.58914586837824,95
2024-09-19 15:07:28.579000,420.5862666351388,1003
2024-09-19 15:07:28.588000,420.60592104295387,12
2024-09-19 15:07:28.681000,420.6069205313244,103
2024-09-19 15:07:28.691000,420.5990507087844,12
2024-09-19 15:07:28.776000,420.59041232331447,14
2024-09-19 15:07:28.776000,420.5985424282997,9
2024-09-19 15:07:28.793000,420.61359787129305,6
2024-09-19 15:07:28.798000,420.6007359556045,95
2024-09-19 15:07:28.875000,420.60505135528086,103
2024-09-19 15:07:28.903000,420.6014705530164,8
2024-09-19 15:07:28.979000,420.6125623723672,10
2024-09-19 15:07:29.068000,420.6113595243057,8
2024-09-19 15:07:29.256000,420.6033383384794,997
2024-09-19 15:07:29.700000,420.6104066051454,1003
2024-09-19 15:07:30.006000,420.5892149560928,999
2024-09-19 15:07:30.016000,420.5225015959056,1002
2024-09-19 15:07:30.135000,420.5207967315231,1002
2024-09-19 15:07:30.153000,420.5474111431088,102
2024-09-19 15:07:30.159000,420.49979981837015,999
2024-09-19 15:07:30.162000,420.5843572344621,12
2024-09-19 15:07:30.308000,420.5185567537353,998
2024-09-19 15:07:30.366000,420.5384058658133,997
2024-09-19 15:07:30.426000,420.5689697973243,104
2024-09-19 15:07:30.480000,420.6008623959916,104
2024-09-19 15:07:30.513000,420.59059691833625,1001
2024-09-19 15:07:30.525000,420.5921793373967,998
2024-09-19 15:07:30.540000,420.5767458502189,104
2024-09-19 15:07:30.616000,420.52919870941344,102
2024-09-19 15:07:30.629000,420.5446546840749,96
2024-09-19 15:07:30.649000,420.54888514283255,999
2024-09-19 15:07:30.774000,420.5091232347865,1000
2024-09-19 15:07:30.802000,420.53814968967816,997
2024-09-19 15:07:30.818000,420.58569604358615,996
2024-09-19 15:07:30.826000,420.5253322162571,100
2024-09-19 15:07:30.977000,420.5961144530295,104
2024-09-19 15:07:30.989000,420.5894387090346,95
2024-09-19 15:07:31.106000,420.4962455925071,8
2024-09-19 15:07:31.125000,420.5179110426376,99
2024-09-19 15:07:31.128000,420.5555376920312,1001
2024-09-19 15:07:31.161000,420.52793836176505,1003
2024-09-19 15:07:31.197000,420.54131925504754,101
2024-09-19 15:07:31.211000,420.5050328777676,1004
2024-09-19 15:07:31.310000,420.5453751163737,999
2024-09-19 15:07:31.367000,420.5107021415372,1004
2024-09-19 15:07:31.367000,420.5235187050582,104
2024-09-19 15:07:31.499000,420.5059571108919,996
2024-09-19 15:07:31.500000,420.50404423495655,12
2024-09-19 15:07:31.531000,420.5495268288367,12
2024-09-19 15:07:31.639000,420.54555334920514,9
2024-09-19 15:07:31.753000,420.5612927196366,15
2024-09-19 15:07:31.762000,420.5196123491388,1004
2024-09-19 15:07:31.857000,420.5399005694816,103
2024-09-19 15:07:31.869000,420.5483218399205,1000
2024-09-19 15:07:31.997000,420.4927409584519,7
2024-09-19 15:07:32.110000,420.5361936619879,15
2024-09-19 15:07:32.149000,420.5562928981887,997
2024-09-19 15:07:32.187000,420.5597138242518,1005
2024-09-19 15:07:32.194000,420.5661781992296,10
2024-09-19 15:07:32.234000,420.5354135307399,12
2024-09-19 15:07:32.270000,420.53416329229697,11
2024-09-19 15:07:32.276000,420.5405052782003,105
2024-09-19 15:07:32.348000,420.5714371680778,1004
2024-09-19 15:07:32.399000,420.5256152835493,999
2024-09-19 15:07:32.436000,420.53506501919776,98
2024-09-19 15:07:32.464000,420.5275832392648,11
2024-09-19 15:07:32.512000,420.5513713469196,996
2024-09-19 15:07:32.598000,420.5652811909583,999
2024-09-19 15:07:32.613000,420.54836217049046,6
2024-09-19 15:07:32.653000,420.5534047355113,1005
2024-09-19 15:07:32.681000,420.5707852560437,1001
2024-09-19 15:07:32.703000,420.5848700441961,95
2024-09-19 15:07:32.800000,420.54995657115927,101
2024-09-19 15:07:32.807000,420.57727423313946,6
2024-09-19 15:07:32.936000,420.5338307984856,99
2024-09-19 15:07:33.023000,420.51945122725226,995
2024-09-19 15:07:33.032000,420.4974176499188,5
2024-09-19 15:07:33.054000,420.5146888363759,95
2024-09-19 15:07:33.067000,420.5325214725228,10
2024-09-19 15:07:33.069000,420.49931481753015,1001
2024-09-19 15:07:33.105000,420.5710160837372,14
2024-09-19 15:07:33.190000,420.4946429718611,8
2024-09-19 15:07:33.237000,420.55040335371376,97
2024-09-19 15:07:33.238000,420.5118495007408,14
2024-09-19 15:07:33.308000,420.5131222846693,1004
2024-09-19 15:07:33.441000,420.5166410298999,1004
2024-09-19 15:07:33.590000,420.4914358138888,102
2024-09-19 15:07:33.618000,420.5191952042313,101
2024-09-19 15:07:33.823000,420.5154131522094,1004
2024-09-19 15:07:33.852000,420.5781904386078,9
2024-09-19 15:07:33.869000,420.482145943123,10
2024-09-19 15:07:33.871000,420.5030425444448,5
2024-09-19 15:07:33.876000,420.5768581135064,1002
2024-09-19 15:07:33.939000,420.4854412655168,998
2024-09-19 15:07:34.305000,420.50697978811473,97
2024-09-19 15:07:34.320000,420.47415820309817,15
2024-09-19 15:07:34.340000,420.5104062184469,98
2024-09-19 15:07:34.348000,420.5043807607768,1002
2024-09-19 15:07:34.461000,420.4684079107109,104
2024-09-19 15:07:34.786000,420.50763562406,1000
2024-09-19 15:07:34.860000,420.51141846238806,1003
2024-09-19 15:07:34.928000,420.4891558807734,103
2024-09-19 15:07:35.097000,420.53283052947,100
2024-09-19 15:07:35.374000,420.52585551522486,5
2024-09-19 15:07:35.696000,420.51526491722376,996
2024-09-19 15:07:35.712000,420.5091372212678,10
2024-09-19 15:07:35.722000,420.5278027682406,997
2024-09-19 15:07:35.724000,420.5053602043873,95
2024-09-19 15:07:35.741000,420.5195636550733,995
2024-09-19 15:07:35.827000,420.5340530302592,1004
2024-09-19 15:07:35.891000,420.51693720685176,103
2024-09-19 15:07:35.940000,420.5187219024959,997
2024-09-19 15:07:35.941000,420.52391865264,95
2024-09-19 15:07:36.048000,420.4739320943088,96
2024-09-19 15:07:36.129000,420.4775986365033,102
2024-09-19 15:07:36.150000,420.5292269858113,999
2024-09-19 15:07:36.158000,420.487685495434,99
2024-09-19 15:07:36.197000,420.4734492981492,14
2024-09-19 15:07:36.226000,420.4970054078326,1003
2024-09-19 15:07:36.380000,420.5076754186084,103
2024-09-19 15:07:36.393000,420.4663074780488,12
2024-09-19 15:07:36.412000,420.5011399397304,996
2024-09-19 15:07:36.427000,420.5277294459842,996
2024-09-19 15:07:36.501000,420.50201481945857,1004
2024-09-19 15:07:36.602000,420.5264274167189,105
2024-09-19 15:07:36.641000,420.5184261277802,1000
2024-09-19 15:07:36.706000,420.4828058279932,998
2024-09-19 15:07:36.719000,420.4935751959257,10
2024-09-19 15:07:36.807000,420.501421542523,1001
2024-09-19 15:07:36.826000,420.5228564955005,105
2024-09-19 15:07:37.012000,420.3927686601151,997
2024-09-19 15:07:37.035000,420.4269700547948,98
2024-09-19 15:07:37.189000,420.4243518349877,97
2024-09-19 15:07:37.229000,420.4241691608124,13
2024-09-19 15:07:37.414000,420.4317724690446,102
2024-09-19 15:07:37.432000,420.43813759668274,1002
2024-09-19 15:07:37.490000,420.439905358689,12
2024-09-19 15:07:37.631000,420.45520450724325,1004
2024-09-19 15:07:37.637000,420.4604660550626,1004
2024-09-19 15:07:37.691000,420.4706453689324,100
2024-09-19 15:07:37.706000,420.4173934068699,97
2024-09-19 15:07:37.807000,420.4765472912789,5
2024-09-19 15:07:37.810000,420.4654700012158,99
2024-09-19 15:07:37.833000,420.4655942262062,104
2024-09-19 15:07:37.861000,420.44033262879685,10
2024-09-19 15:07:38.022000,420.4027005214413,101
2024-09-19 15:07:38.037000,420.3997180120419,14
2024-09-19 15:07:38.163000,420.38510245015937,11
2024-09-19 15:07:38.174000,420.3946753343234,105
2024-09-19 15:07:38.365000,420.3893884633548,1003
2024-09-19 15:07:38.411000,420.3705527224963,1000
2024-09-19 15:07:38.703000,420.385356341344,12
2024-09-19 15:07:39.003000,420.44713775576383,103
2024-09-19 15:07:39.023000,420.49870297977344,96
2024-09-19 15:07:39.030000,420.4451730657656,998
2024-09-19 15:07:39.052000,420.4775261083545,997
2024-09-19 15:07:39.114000,420.4922123044252,14
2024-09-19 15:07:39.156000,420.4409636233388,1002
2024-09-19 15:07:39.219000,420.417949540024,1001
2024-09-19 15:07:39.229000,420.50981743824815,998
2024-09-19 15:07:39.236000,420.4419558855947,1003
2024-09-19 15:07:39.247000,420.4360941952132,101
2024-09-19 15:07:39.322000,420.4487284775967,995
2024-09-19 15:07:39.341000,420.4239705594961,99
2024-09-19 15:07:39.356000,420.46907388598055,997
2024-09-19 15:07:39.375000,420.496958602804,9
2024-09-19 15:07:39.447000,420.4394505201401,8
2024-09-19 15:07:39.460000,420.4338447059349,13
2024-09-19 15:07:39.496000,420.4351128137057,96
2024-09-19 15:07:39.533000,420.46790185736575,97
2024-09-19 15:07:39.561000,420.4507050505246,10
2024-09-19 15:07:39.728000,420.4685873472335,104
2024-09-19 15:07:39.760000,420.5104729156446,1004
2024-09-19 15:07:39.779000,420.4579022190164,1002
2024-09-19 15:07:39.810000,420.43346522969824,102
2024-09-19 15:07:39.843000,420.4357728411584,995
2024-09-19 15:07:39.881000,420.4935082766996,998
2024-09-19 15:07:39.912000,420.4371812291863,11
2024-09-19 15:07:39.922000,420.4928741722629,11
2024-09-19 15:07:39.968000,420.4572883752808,998
2024-09-19 15:07:39.968000,420.45349726280295,101
2024-09-19 15:07:40.004000,420.4683703306732,95
2024-09-19 15:07:40.005000,420.4847548037629,5
2024-09-19 15:07:40.129000,420.4765012444312,5
2024-09-19 15:07:40.133000,420.4636924242204,998
2024-09-19 15:07:40.454000,420.484291453025,5
2024-09-19 15:07:40.460000,420.4612326252437,105
2024-09-19 15:07:40.483000,420.45477885848095,9
2024-09-19 15:07:40.501000,420.4808647413298,5
2024-09-19 15:07:40.539000,420.48335929523466,6
2024-09-19 15:07:40.545000,420.4924830179414,1000
2024-09-19 15:07:40.553000,420.50117186832045,101
2024-09-19 15:07:40.567000,420.51384244576735,11
2024-09-19 15:07:40.649000,420.49138726839607,6
2024-09-19 15:07:40.661000,420.5020774106829,1005
2024-09-19 15:07:40.665000,418.90711880056256,7
2024-09-19 15:07:40.671000,420.4642664946186,13
2024-09-19 15:07:40.758000,420.4984539972044,1001
2024-09-19 15:07:40.803000,420.4873573122556,98
2024-09-19 15:07:40.818000,420.4687883401207,1000
2024-09-19 15:07:40.833000,420.49017595893326,6
2024-09-19 15:07:40.834000,420.48631978771886,6
2024-09-19 15:07:40.870000,420.4994112889612,104
2024-09-19 15:07:40.916000,420.4723694008037,5
2024-09-19 15:07:40.931000,420.5042128271986,1001
2024-09-19 15:07:40.973000,420.4737577568093,1002
2024-09-19 15:07:40.996000,420.5109433610333,6
2024-09-19 15:07:41.015000,420.4766195002616,1004
2024-09-19 15:07:41.024000,420.5748739353591,100
2024-09-19 15:07:41.028000,420.5638911080338,97
2024-09-19 15:07:41.195000,420.4637386050942,5
2024-09-19 15:07:41.321000,420.5459013518657,103
2024-09-19 15:07:41.323000,420.53756408370174,6
2024-09-19 15:07:41.439000,420.5744510870497,1004
2024-09-19 15:07:41.536000,420.5335675779595,12
2024-09-19 15:07:41.572000,420.5965382267769,6
2024-09-19 15:07:41.647000,420.5932358484608,1002
2024-09-19 15:07:41.678000,420.5803243478196,10
2024-09-19 15:07:41.744000,420.52741457149614,11
2024-09-19 15:07:41.749000,420.5266207113024,102
2024-09-19 15:07:41.766000,420.5805567178074,1002
2024-09-19 15:07:41.830000,420.5874346622831,10
2024-09-19 15:07:41.849000,420.5066444932015,1005
2024-09-19 15:07:41.917000,420.4876755985003,100
2024-09-19 15:07:42.366000,420.6071531880394,8
2024-09-19 15:07:42.444000,420.5952301149818,13
2024-09-19 15:07:42.499000,420.5779299082951,995
2024-09-19 15:07:42.522000,420.5845037212341,1002
2024-09-19 15:07:42.632000,420.5849440343918,1001
2024-09-19 15:07:42.632000,420.5733393239637,105
2024-09-19 15:07:42.634000,420.591031126522,102
2024-09-19 15:07:42.644000,420.595200168214,100
2024-09-19 15:07:42.771000,420.584714708529,104
2024-09-19 15:07:42.967000,420.58334774489407,1002
2024-09-19 15:07:43.023000,420.4449763388234,101
2024-09-19 15:07:43.101000,420.5443356943288,997
2024-09-19 15:07:43.141000,420.5813392589219,5
2024-09-19 15:07:43.142000,420.5807658074693,95
2024-09-19 15:07:43.222000,420.45641970750233,100
2024-09-19 15:07:43.229000,420.577811288529,997
2024-09-19 15:07:43.236000,420.57071909653854,5
2024-09-19 15:07:43.256000,420.4820256300529,13
2024-09-19 15:07:43.303000,420.4909927184932,1004
2024-09-19 15:07:43.352000,420.51277690846297,100
2024-09-19 15:07:43.380000,420.5070985094032,99
2024-09-19 15:07:43.526000,420.5050523024164,1004
2024-09-19 15:07:43.627000,420.4924103748956,999
2024-09-19 15:07:43.664000,420.5744670612363,10
2024-09-19 15:07:43.683000,420.5252782824661,13
2024-09-19 15:07:43.757000,420.4747894145999,10
2024-09-19 15:07:43.782000,420.5887328884976,5
2024-09-19 15:07:43.837000,420.4871686545849,104
2024-09-19 15:07:43.837000,420.58816361815536,1001
2024-09-19 15:07:43.999000,420.4640559266182,1003
2024-09-19 15:07:44.073000,420.4126145428214,100
2024-09-19 15:07:44.186000,420.4619969643399,96
2024-09-19 15:07:44.214000,420.4529506367709,97
2024-09-19 15:07:44.411000,420.4437024592208,15
2024-09-19 15:07:44.416000,420.407524371656,103
2024-09-19 15:07:44.463000,420.4497063437552,995
2024-09-19 15:07:44.527000,420.442438684698,9
2024-09-19 15:07:44.696000,420.4267625256025,96
2024-09-19 15:07:44.755000,420.45404532763945,11
2024-09-19 15:07:44.810000,420.4428004139128,98
2024-09-19 15:07:44.832000,420.4221042336836,95
2024-09-19 15:07:44.943000,420.4140464243693,103
2024-09-19 15:07:45.036000,420.4863678286465,996
2024-09-19 15:07:45.092000,420.4688445820905,5
2024-09-19 15:07:45.126000,420.4444647793351,998
2024-09-19 15:07:45.349000,420.4873826707054,96
2024-09-19 15:07:45.369000,420.4529186188676,1001
2024-09-19 15:07:45.516000,420.46179414124754,101
2024-09-19 15:07:45.544000,420.4575174918879,1004
2024-09-19 15:07:45.604000,420.4618696547633,98
2024-09-19 15:07:45.623000,420.46489923613706,102
2024-09-19 15:07:45.663000,420.4861908715577,999
2024-09-19 15:07:45.688000,420.5000806299759,105
2024-09-19 15:07:45.691000,420.4801017858858,103
2024-09-19 15:07:45.717000,420.44437938719614,104
2024-09-19 15:07:45.759000,420.4809865338454,99
2024-09-19 15:07:45.826000,420.4563582439807,97
2024-09-19 15:07:45.925000,420.47414713956266,99
2024-09-19 15:07:45.975000,420.4678633206559,1000
2024-09-19 15:07:46.088000,420.491051282838,996
2024-09-19 15:07:46.108000,420.4944318321458,8
2024-09-19 15:07:46.176000,420.5311490761172,98
2024-09-19 15:07:46.225000,420.489419831177,95
2024-09-19 15:07:46.232000,420.5247313747713,1005
2024-09-19 15:07:46.247000,420.5077292942844,104
2024-09-19 15:07:46.363000,420.5018454784564,9
2024-09-19 15:07:46.426000,420.5383878417469,999
2024-09-19 15:07:46.458000,420.53534195978034,10
2024-09-19 15:07:46.506000,420.5312776787979,97
2024-09-19 15:07:46.525000,420.4781606856615,105
2024-09-19 15:07:46.705000,420.5240303614398,997
2024-09-19 15:07:46.744000,420.48948010688144,8
2024-09-19 15:07:46.780000,420.4674667431701,102
2024-09-19 15:07:46.785000,420.5048095105983,102
2024-09-19 15:07:46.789000,420.5243364931844,999
2024-09-19 15:07:46.799000,420.4938738380548,99
2024-09-19 15:07:46.812000,420.5183036964493,100
2024-09-19 15:07:46.876000,420.5266778199504,1001
2024-09-19 15:07:46.879000,420.5262885444516,98
2024-09-19 15:07:46.891000,420.48747654287496,101
2024-09-19 15:07:46.929000,420.4620534086041,9
2024-09-19 15:07:47.118000,420.5532630625057,100
2024-09-19 15:07:47.357000,420.5446721358656,102
2024-09-19 15:07:47.419000,420.5708125863364,8
2024-09-19 15:07:47.879000,420.5590089139051,11
2024-09-19 15:07:48.005000,420.5157732320743,15
2024-09-19 15:07:48.011000,420.55586700253696,13
2024-09-19 15:07:48.051000,420.5492397230104,1005
2024-09-19 15:07:48.063000,420.53567254809593,999
2024-09-19 15:07:48.110000,420.52880899724175,99
2024-09-19 15:07:48.164000,420.5309658432474,7
2024-09-19 15:07:48.199000,420.531296678489,13
2024-09-19 15:07:48.270000,420.50915238300126,996
2024-09-19 15:07:48.294000,420.5439256495509,13
2024-09-19 15:07:48.296000,420.5215621061427,102
2024-09-19 15:07:48.299000,420.50439774791977,104
2024-09-19 15:07:48.314000,420.5293068523069,10
2024-09-19 15:07:48.383000,420.5352103800077,101
2024-09-19 15:07:48.391000,420.51228013854296,1005
2024-09-19 15:07:48.449000,420.522021278096,96
2024-09-19 15:07:48.453000,420.5643975103388,98
2024-09-19 15:07:48.511000,420.5531418558687,14
2024-09-19 15:07:48.580000,420.5456595437138,6
2024-09-19 15:07:48.608000,420.5220280603908,1003
2024-09-19 15:07:48.628000,420.52571057694496,10
2024-09-19 15:07:48.660000,420.5562908473203,100
2024-09-19 15:07:48.741000,420.48945200922736,997
2024-09-19 15:07:48.833000,420.5269684130577,15
2024-09-19 15:07:48.886000,420.5199642782784,9
2024-09-19 15:07:48.895000,420.52823475646665,1001
2024-09-19 15:07:48.908000,420.53636961477577,8
2024-09-19 15:07:48.938000,420.5379800383283,1005
2024-09-19 15:07:49.131000,420.4356254917855,1004
2024-09-19 15:07:49.144000,420.45828927200864,1004
2024-09-19 15:07:49.249000,420.428382478935,12
2024-09-19 15:07:49.252000,420.4251273577492,1000
2024-09-19 15:07:49.289000,420.43731546216094,11
2024-09-19 15:07:49.342000,420.47566215877777,1001
2024-09-19 15:07:49.361000,420.4552023052398,11
2024-09-19 15:07:49.413000,420.4044055270908,14
2024-09-19 15:07:49.481000,420.471917321117,997
2024-09-19 15:07:49.574000,420.4254997811803,101
2024-09-19 15:07:49.578000,420.4548306117337,96
2024-09-19 15:07:49.697000,420.45151337325495,102
2024-09-19 15:07:49.749000,420.3945294766268,97
2024-09-19 15:07:49.750000,420.4355620787368,95
2024-09-19 15:07:49.806000,420.4143264830727,1001
2024-09-19 15:07:49.852000,420.4397516336846,100
2024-09-19 15:07:49.869000,420.42202979580617,5
2024-09-19 15:07:49.890000,420.4301502052795,995
2024-09-19 15:07:49.923000,420.4387129373844,1005
2024-09-19 15:07:49.943000,420.41567804089567,101
2024-09-19 15:07:50.227000,420.4095894099663,13
2024-09-19 15:07:50.331000,420.43601705124223,996
2024-09-19 15:07:50.356000,420.3621574462161,13
2024-09-19 15:07:50.539000,420.33618508325344,1005
2024-09-19 15:07:50.555000,420.3282956622823,13
2024-09-19 15:07:50.654000,420.42621576401854,14
2024-09-19 15:07:50.695000,420.40839576769656,998
2024-09-19 15:07:50.709000,420.36315973155536,102
2024-09-19 15:07:50.735000,420.38599982739294,1001
2024-09-19 15:07:50.755000,420.3468211951304,8
2024-09-19 15:07:50.829000,420.3739846471237,1000
2024-09-19 15:07:51.055000,420.3010562358266,95
2024-09-19 15:07:51.231000,420.2802427636892,105
2024-09-19 15:07:51.254000,420.2812056402711,15
2024-09-19 15:07:51.459000,420.3000804340329,103
2024-09-19 15:07:51.472000,420.2700952526239,997
2024-09-19 15:07:51.526000,420.2810239647173,102
2024-09-19 15:07:51.551000,420.3233146872455,1000
2024-09-19 15:07:51.662000,420.2820805621564,997
2024-09-19 15:07:51.667000,420.2779485831655,7
2024-09-19 15:07:51.671000,420.275784716819,14
2024-09-19 15:07:51.706000,420.2700641148076,1003
2024-09-19 15:07:51.740000,420.301467380255,6
2024-09-19 15:07:51.830000,420.3260688051156,101
2024-09-19 15:07:51.840000,420.2797285583872,15
2024-09-19 15:07:51.983000,420.2650692503789,105
2024-09-19 15:07:52.192000,420.2628924806971,995
2024-09-19 15:07:52.263000,420.2892568007672,96
2024-09-19 15:07:52.287000,420.23274443434406,1004
2024-09-19 15:07:52.294000,418.8128345658196,96
2024-09-19 15:07:52.363000,420.245321628722,1001
2024-09-19 15:07:52.370000,420.3236831181505,97
2024-09-19 15:07:52.394000,420.3323889033366,9
2024-09-19 15:07:52.455000,420.2990329921499,1002
2024-09-19 15:07:52.492000,420.28719639150495,97
2024-09-19 15:07:52.631000,420.2820317810664,1002
2024-09-19 15:07:52.667000,418.77984273472913,998
2024-09-19 15:07:52.797000,420.31345243724274,103
2024-09-19 15:07:52.807000,420.2480182469635,1001
2024-09-19 15:07:52.865000,420.34081448482056,996
2024-09-19 15:07:52.917000,420.2542848117826,6
2024-09-19 15:07:52.986000,420.2696981843888,98
2024-09-19 15:07:53.108000,420.38831404790506,1000
2024-09-19 15:07:53.331000,420.3553913962806,12
2024-09-19 15:07:53.371000,420.3648581996508,8
2024-09-19 15:07:53.492000,420.3618913886186,1003
2024-09-19 15:07:53.514000,420.3507945039214,102
2024-09-19 15:07:53.605000,420.391082755898,1000
2024-09-19 15:07:53.656000,420.38597459726174,101
2024-09-19 15:07:53.682000,420.3943871124723,12
2024-09-19 15:07:53.705000,420.396860687023,1002
2024-09-19 15:07:53.720000,420.3913223746591,5
2024-09-19 15:07:53.866000,420.3706058137323,5
2024-09-19 15:07:53.918000,420.39128475462303,13
2024-09-19 15:07:53.929000,420.3498078670296,8
2024-09-19 15:07:54.270000,420.4306496998436,997
2024-09-19 15:07:54.498000,420.4342380058991,1003
2024-09-19 15:07:54.785000,420.41127861725664,10
2024-09-19 15:07:54.884000,420.42233553645326,1003
2024-09-19 15:07:54.902000,420.4125258448798,12
2024-09-19 15:07:54.983000,420.42966490033103,1002
2024-09-19 15:07:55.074000,420.5304905113465,103
2024-09-19 15:07:55.077000,420.4229170187713,997
2024-09-19 15:07:55.113000,420.5237101608255,101
2024-09-19 15:07:55.126000,420.5323416391704,6
2024-09-19 15:07:55.131000,420.5110671384462,96
2024-09-19 15:07:55.140000,420.4612049265696,11
2024-09-19 15:07:55.175000,420.5191504520056,996
2024-09-19 15:07:55.263000,420.4547784238573,12
2024-09-19 15:07:55.263000,420.41775227317777,15
2024-09-19 15:07:55.354000,420.54647614867736,1002
2024-09-19 15:07:55.598000,420.4981730628232,11
2024-09-19 15:07:55.645000,420.4420747112578,7
2024-09-19 15:07:55.672000,420.479951217294,12
2024-09-19 15:07:55.754000,420.4402671488389,12
2024-09-19 15:07:55.755000,420.5361704308562,996
2024-09-19 15:07:55.865000,420.4405295255876,95
2024-09-19 15:07:55.883000,420.47302307103627,5
2024-09-19 15:07:55.884000,420.4910523598634,5
2024-09-19 15:07:55.939000,420.4615967275648,999
2024-09-19 15:07:56.055000,420.56350173994485,98
2024-09-19 15:07:56.082000,420.55831894381953,9
2024-09-19 15:07:56.099000,420.556684191782,101
2024-09-19 15:07:56.166000,420.5872012845804,98
2024-09-19 15:07:56.221000,420.57120957626046,95
2024-09-19 15:07:56.307000,420.5971970106691,105
2024-09-19 15:07:56.379000,420.556447460564,7
2024-09-19 15:07:56.432000,420.6090990069764,99
2024-09-19 15:07:56.578000,420.59635927776736,97
2024-09-19 15:07:56.588000,420.588935223366,14
2024-09-19 15:07:56.657000,420.5570801545613,5
2024-09-19 15:07:56.691000,420.5642093178642,12
2024-09-19 15:07:56.692000,420.5768827448509,12
2024-09-19 15:07:56.696000,420.5531434423588,1002
2024-09-19 15:07:56.765000,420.586216438392,105
2024-09-19 15:07:56.919000,420.6117608009944,997
2024-09-19 15:07:56.928000,420.61488003520174,999
2024-09-19 15:07:56.992000,420.5839942207056,1003
2024-09-19 15:07:57.151000,420.5609638515673,15
2024-09-19 15:07:57.155000,420.5639271842219,97
2024-09-19 15:07:57.281000,420.5845220481232,101
2024-09-19 15:07:57.328000,420.5691472940365,996
2024-09-19 15:07:57.344000,420.5743492644564,99
2024-09-19 15:07:57.652000,420.5614777953698,997
2024-09-19 15:07:57.687000,420.5790825359395,95
2024-09-19 15:07:57.917000,420.55144035197424,15
2024-09-19 15:07:58.762000,420.5896104508215,999
2024-09-19 15:07:58.920000,420.5853869900206,13
2024-09-19 15:07:59.138000,420.5841427116516,96
2024-09-19 15:07:59.158000,420.5293765318789,96
2024-09-19 15:07:59.226000,420.5780001711631,1002
2024-09-19 15:07:59.332000,420.5401046727641,996
2024-09-19 15:07:59.351000,420.522293088272,995
2024-09-19 15:07:59.417000,420.598754254572,6
2024-09-19 15:07:59.613000,420.5330777493325,997
2024-09-19 15:07:59.648000,420.55737775984807,997
2024-09-19 15:07:59.703000,420.5510872779045,96
2024-09-19 15:07:59.721000,420.5248093123516,100
2024-09-19 15:07:59.761000,420.56839449072,105
2024-09-19 15:07:59.870000,420.5797176712535,1000
2024-09-19 15:07:59.926000,420.5815682602193,13
