Timestamp,Price,Size
2024-09-16 12:55:01.044000,416.31557238084827,1002
2024-09-16 12:55:01.101000,416.30141740653306,1003
2024-09-16 12:55:01.125000,416.25255330431054,103
2024-09-16 12:55:01.177000,416.262481367252,1002
2024-09-16 12:55:01.250000,416.31991139751625,104
2024-09-16 12:55:01.326000,416.33649688883577,1000
2024-09-16 12:55:01.477000,416.31384685902464,1000
2024-09-16 12:55:01.488000,416.33336133448296,1005
2024-09-16 12:55:01.489000,416.3118531074422,9
2024-09-16 12:55:01.547000,416.2509470082525,1001
2024-09-16 12:55:01.567000,416.3184682365549,10
2024-09-16 12:55:01.589000,416.3157117506477,10
2024-09-16 12:55:01.608000,416.3307922006639,998
2024-09-16 12:55:01.620000,416.3202487611533,97
2024-09-16 12:55:01.693000,416.2481526957638,95
2024-09-16 12:55:01.697000,416.2935701501548,11
2024-09-16 12:55:01.703000,416.29801294687513,10
2024-09-16 12:55:01.729000,416.26649473886334,12
2024-09-16 12:55:01.765000,416.32578717803375,7
2024-09-16 12:55:01.787000,416.3185165828685,997
2024-09-16 12:55:01.828000,416.25462946471936,999
2024-09-16 12:55:01.900000,416.2581479531902,995
2024-09-16 12:55:01.907000,416.3117496867361,98
2024-09-16 12:55:01.914000,416.3301038802063,999
2024-09-16 12:55:01.973000,416.3200341719273,1002
2024-09-16 12:55:02.017000,416.2626993057144,100
2024-09-16 12:55:02.028000,416.27692447441433,996
2024-09-16 12:55:02.064000,416.27626111274327,102
2024-09-16 12:55:02.082000,416.25146018851535,95
2024-09-16 12:55:02.159000,416.2406052743007,5
2024-09-16 12:55:02.181000,416.2724048482165,100
2024-09-16 12:55:02.300000,416.2373967566359,12
2024-09-16 12:55:02.303000,416.2638058770943,13
2024-09-16 12:55:02.341000,416.2530329432861,8
2024-09-16 12:55:02.383000,416.2453524037744,101
2024-09-16 12:55:02.451000,416.2605586755229,10
2024-09-16 12:55:02.495000,416.2492142246028,103
2024-09-16 12:55:02.500000,416.2638570438721,14
2024-09-16 12:55:02.552000,416.2571552377991,1001
2024-09-16 12:55:02.559000,416.2533476402037,11
2024-09-16 12:55:02.561000,416.2554075644958,12
2024-09-16 12:55:02.601000,416.249536375934,97
2024-09-16 12:55:02.655000,416.23922841926367,996
2024-09-16 12:55:02.657000,416.2431836014544,101
2024-09-16 12:55:02.688000,416.25760024863945,103
2024-09-16 12:55:02.704000,416.2496685582557,96
2024-09-16 12:55:02.789000,416.2594342121806,96
2024-09-16 12:55:02.796000,416.25391922795495,997
2024-09-16 12:55:02.857000,416.23863434502175,1005
2024-09-16 12:55:02.864000,416.2555341236189,15
2024-09-16 12:55:02.908000,416.2541884001403,97
2024-09-16 12:55:03.007000,416.28981936459576,103
2024-09-16 12:55:03.021000,416.2593252846713,97
2024-09-16 12:55:03.030000,416.2474238361896,101
2024-09-16 12:55:03.048000,416.2517043741415,12
2024-09-16 12:55:03.054000,416.24894707288007,11
2024-09-16 12:55:03.082000,416.2470751831496,96
2024-09-16 12:55:03.101000,416.2925675295425,6
2024-09-16 12:55:03.163000,416.2937158019185,997
2024-09-16 12:55:03.250000,416.3021910037973,1000
2024-09-16 12:55:03.253000,416.30965073804987,999
2024-09-16 12:55:03.293000,416.3187232436777,1004
2024-09-16 12:55:03.306000,416.2523283715784,15
2024-09-16 12:55:03.368000,416.247084731107,14
2024-09-16 12:55:03.396000,416.316523367732,997
2024-09-16 12:55:03.413000,416.24977149142046,1005
2024-09-16 12:55:03.423000,416.3263954640064,10
2024-09-16 12:55:03.521000,416.2875922228422,7
2024-09-16 12:55:03.538000,416.27127263708985,97
2024-09-16 12:55:03.543000,416.242212905022,95
2024-09-16 12:55:03.563000,416.3216808223856,98
2024-09-16 12:55:03.654000,416.280848603091,105
2024-09-16 12:55:03.713000,416.2885884932194,1004
2024-09-16 12:55:03.726000,416.32720759688,1001
2024-09-16 12:55:03.739000,416.2775848514751,12
2024-09-16 12:55:03.799000,416.3024149593319,996
2024-09-16 12:55:03.940000,416.3226612045165,1004
2024-09-16 12:55:04.068000,416.3269857292771,9
2024-09-16 12:55:04.265000,416.3050518280838,104
2024-09-16 12:55:04.274000,416.31563517001473,9
2024-09-16 12:55:04.396000,416.3058118240636,99
2024-09-16 12:55:04.450000,416.29011682882094,101
2024-09-16 12:55:04.540000,416.3037478500746,1001
2024-09-16 12:55:05.291000,416.32231669472,1001
2024-09-16 12:55:05.304000,416.3030999926738,7
2024-09-16 12:55:05.374000,416.3060499102994,96
2024-09-16 12:55:05.408000,416.3101520174832,101
2024-09-16 12:55:05.511000,416.3059767477568,10
2024-09-16 12:55:05.531000,416.3075643461802,15
2024-09-16 12:55:05.578000,416.3498781494589,99
2024-09-16 12:55:05.729000,416.3428809972195,98
2024-09-16 12:55:05.913000,416.3179919498912,105
2024-09-16 12:55:05.967000,416.3005731633716,5
2024-09-16 12:55:05.998000,416.3173405040636,100
2024-09-16 12:55:06.037000,416.3657579326333,9
2024-09-16 12:55:06.170000,416.36893078669686,11
2024-09-16 12:55:06.333000,416.346468827633,998
2024-09-16 12:55:06.417000,416.3562772227376,8
2024-09-16 12:55:06.727000,416.3634520158318,15
2024-09-16 12:55:06.954000,416.351115030489,99
2024-09-16 12:55:07.050000,416.4015340873569,1005
2024-09-16 12:55:07.060000,416.4158654694836,13
2024-09-16 12:55:07.088000,416.4380092276647,102
2024-09-16 12:55:07.097000,416.45083141732295,95
2024-09-16 12:55:07.099000,416.47182335299215,14
2024-09-16 12:55:07.132000,416.3943738002573,99
2024-09-16 12:55:07.207000,416.4413713143622,13
2024-09-16 12:55:07.288000,416.4266226014688,997
2024-09-16 12:55:07.333000,416.4425006329998,101
2024-09-16 12:55:07.337000,416.4621028424282,8
2024-09-16 12:55:07.344000,416.4180130543365,10
2024-09-16 12:55:07.374000,416.422145824122,1001
2024-09-16 12:55:07.395000,416.4203964879402,101
2024-09-16 12:55:07.466000,416.4340081529834,97
2024-09-16 12:55:07.473000,416.4044286912545,7
2024-09-16 12:55:07.493000,416.4015457459898,102
2024-09-16 12:55:07.513000,416.3897754237931,11
2024-09-16 12:55:07.516000,416.4586018460564,13
2024-09-16 12:55:07.575000,416.4029508069763,104
2024-09-16 12:55:07.648000,416.40760376607744,12
2024-09-16 12:55:07.767000,416.4131168120946,105
2024-09-16 12:55:07.767000,416.4387435745324,1001
2024-09-16 12:55:07.768000,416.41009218716187,14
2024-09-16 12:55:07.886000,416.4581593539418,996
2024-09-16 12:55:07.935000,416.3875699542527,6
2024-09-16 12:55:08.005000,416.4136524259157,995
2024-09-16 12:55:08.026000,416.4350286953804,95
2024-09-16 12:55:08.201000,416.4599958927361,100
2024-09-16 12:55:08.223000,416.4128356516463,10
2024-09-16 12:55:08.275000,416.44140459255664,6
2024-09-16 12:55:08.277000,416.4347449936992,8
2024-09-16 12:55:08.331000,416.4376649285849,1003
2024-09-16 12:55:08.355000,416.4367096359064,105
2024-09-16 12:55:08.384000,416.4278720520205,13
2024-09-16 12:55:08.405000,416.4150982226374,7
2024-09-16 12:55:08.449000,416.4228837811388,1004
2024-09-16 12:55:08.521000,416.4285782336793,999
2024-09-16 12:55:08.521000,416.4121438718071,102
2024-09-16 12:55:08.522000,416.41243589274967,1003
2024-09-16 12:55:08.555000,416.42876277109,6
2024-09-16 12:55:08.629000,416.4463995305133,105
2024-09-16 12:55:08.684000,416.4194823109101,97
2024-09-16 12:55:08.693000,416.4240047982322,95
2024-09-16 12:55:08.859000,416.44230444233983,12
2024-09-16 12:55:08.881000,416.42665687854463,995
2024-09-16 12:55:08.955000,416.4465485173948,97
2024-09-16 12:55:08.964000,416.39619879889904,14
2024-09-16 12:55:09.194000,416.4304906472637,105
2024-09-16 12:55:09.607000,416.43347124741575,8
2024-09-16 12:55:09.618000,416.4303246316646,9
2024-09-16 12:55:09.656000,416.4285846613559,13
2024-09-16 12:55:09.763000,416.4278620645731,103
2024-09-16 12:55:09.773000,416.43637574334286,9
2024-09-16 12:55:10.279000,416.416401948016,99
2024-09-16 12:55:10.309000,416.4211438472768,103
2024-09-16 12:55:10.546000,416.42091968671497,6
2024-09-16 12:55:10.589000,416.403819373827,1005
2024-09-16 12:55:10.723000,416.3991591717957,1002
2024-09-16 12:55:10.754000,416.4195156544298,102
2024-09-16 12:55:10.859000,416.43027337614296,6
2024-09-16 12:55:10.984000,416.4210321404319,12
2024-09-16 12:55:10.991000,416.3967316290168,97
2024-09-16 12:55:11.002000,416.437894525268,998
2024-09-16 12:55:11.035000,416.43099283015175,5
2024-09-16 12:55:11.046000,416.4170778573736,1003
2024-09-16 12:55:11.112000,416.424318347432,105
2024-09-16 12:55:11.118000,416.4318356578379,101
2024-09-16 12:55:11.124000,416.4418029994871,15
2024-09-16 12:55:11.125000,416.4265197197847,1005
2024-09-16 12:55:11.155000,416.4389409010855,1005
2024-09-16 12:55:11.189000,416.41592735963513,102
2024-09-16 12:55:11.232000,416.4286516445195,100
2024-09-16 12:55:11.312000,416.4229280811657,1005
2024-09-16 12:55:11.353000,416.4369224367637,9
2024-09-16 12:55:11.473000,416.4247592690479,14
2024-09-16 12:55:11.516000,416.4209598239878,995
2024-09-16 12:55:11.534000,416.4093139870165,13
2024-09-16 12:55:11.573000,416.4387626182366,998
2024-09-16 12:55:11.599000,416.4186429520004,96
2024-09-16 12:55:11.625000,416.43511524819104,100
2024-09-16 12:55:11.656000,416.4256778016455,996
2024-09-16 12:55:11.680000,416.44237583180086,104
2024-09-16 12:55:11.724000,416.4450443789279,5
2024-09-16 12:55:11.833000,416.4171339934571,13
2024-09-16 12:55:11.837000,416.4286189633202,10
2024-09-16 12:55:11.862000,416.4029703418025,999
2024-09-16 12:55:11.878000,416.39741933186406,9
2024-09-16 12:55:11.936000,416.4307103298566,9
2024-09-16 12:55:11.968000,416.432088070913,11
2024-09-16 12:55:11.981000,416.38704359955824,1001
2024-09-16 12:55:12.025000,416.372100872568,97
2024-09-16 12:55:12.132000,416.37979200128274,996
2024-09-16 12:55:12.193000,416.42190607425607,997
2024-09-16 12:55:12.317000,416.4085432356941,100
2024-09-16 12:55:12.340000,416.37346011044417,105
2024-09-16 12:55:12.340000,416.4333543358376,13
2024-09-16 12:55:12.345000,416.4031402441693,1000
2024-09-16 12:55:12.399000,416.4163850096796,103
2024-09-16 12:55:12.428000,416.39056820166473,1003
2024-09-16 12:55:12.461000,416.3706677995437,7
2024-09-16 12:55:12.482000,416.3845608883553,1005
2024-09-16 12:55:12.519000,416.3936342337419,95
2024-09-16 12:55:12.634000,416.4294844829329,1001
2024-09-16 12:55:12.782000,416.3780323793629,99
2024-09-16 12:55:12.883000,416.3737171893607,14
2024-09-16 12:55:13.002000,416.3820004017896,103
2024-09-16 12:55:13.022000,416.3701073628635,1003
2024-09-16 12:55:13.055000,416.37747612492353,103
2024-09-16 12:55:13.098000,416.3491276277298,96
2024-09-16 12:55:13.219000,416.3287350991242,6
2024-09-16 12:55:13.219000,416.33356022444826,97
2024-09-16 12:55:13.321000,416.3502539260274,999
2024-09-16 12:55:13.326000,416.3344960808038,100
2024-09-16 12:55:13.328000,416.33623411631294,995
2024-09-16 12:55:13.391000,416.3526676759144,96
2024-09-16 12:55:13.459000,416.3432715430194,1005
2024-09-16 12:55:13.484000,416.35565328857706,6
2024-09-16 12:55:13.533000,416.3275502905312,995
2024-09-16 12:55:13.588000,416.3296046152391,104
2024-09-16 12:55:13.613000,416.4166752031923,998
2024-09-16 12:55:13.629000,416.3371845592621,7
2024-09-16 12:55:13.661000,416.4066496669744,8
2024-09-16 12:55:13.665000,416.3318510186738,15
2024-09-16 12:55:13.688000,416.3834850177997,98
2024-09-16 12:55:13.753000,416.3104316491712,1000
2024-09-16 12:55:13.802000,416.3260407329537,104
2024-09-16 12:55:13.921000,416.3245874487269,102
2024-09-16 12:55:13.931000,416.3201629994833,997
2024-09-16 12:55:13.948000,416.3186188390336,102
2024-09-16 12:55:13.977000,416.3465284880714,96
2024-09-16 12:55:14.035000,416.3991624643523,99
2024-09-16 12:55:14.198000,416.39187182836537,96
2024-09-16 12:55:14.213000,416.4212278303914,98
2024-09-16 12:55:14.741000,416.3742740645955,7
2024-09-16 12:55:14.793000,416.4059232738005,105
2024-09-16 12:55:14.812000,416.3861156614218,8
2024-09-16 12:55:14.891000,416.3959120592498,9
2024-09-16 12:55:15.006000,416.41467301249486,1000
2024-09-16 12:55:15.081000,416.4248324649038,9
2024-09-16 12:55:15.248000,416.4160401259445,97
2024-09-16 12:55:15.419000,416.43810553754025,97
2024-09-16 12:55:15.446000,416.4376685315065,997
2024-09-16 12:55:15.473000,416.4342660929335,15
2024-09-16 12:55:15.619000,416.4119003912054,995
2024-09-16 12:55:15.951000,416.4346741765914,12
2024-09-16 12:55:16.057000,416.3918442226864,102
2024-09-16 12:55:16.162000,416.41435221581855,99
2024-09-16 12:55:16.264000,416.4162047558918,97
2024-09-16 12:55:16.281000,416.4077795348374,1003
2024-09-16 12:55:16.417000,416.401207527547,103
2024-09-16 12:55:16.555000,416.4110927219888,12
2024-09-16 12:55:16.685000,416.4035495226224,997
2024-09-16 12:55:16.807000,416.4180995549307,1001
2024-09-16 12:55:17.940000,416.4017815496927,96
2024-09-16 12:55:18.009000,416.4265493011405,996
2024-09-16 12:55:18.045000,416.4244267438035,96
2024-09-16 12:55:18.112000,416.4454532628806,996
2024-09-16 12:55:18.299000,416.4142247357802,8
2024-09-16 12:55:18.302000,416.4204959187646,996
2024-09-16 12:55:18.496000,416.4260843227332,12
2024-09-16 12:55:18.587000,416.4408530239645,999
2024-09-16 12:55:18.695000,416.4216384982398,98
2024-09-16 12:55:18.769000,416.4299152783393,102
2024-09-16 12:55:18.780000,416.4061390756904,998
2024-09-16 12:55:18.932000,416.4037731534864,1000
2024-09-16 12:55:19.270000,416.4451205393648,9
2024-09-16 12:55:19.272000,416.4436518332277,998
2024-09-16 12:55:19.314000,416.44780322297714,1005
2024-09-16 12:55:19.393000,416.4569195044494,95
2024-09-16 12:55:19.574000,416.44592984302807,1002
2024-09-16 12:55:19.623000,416.4377040096393,1000
2024-09-16 12:55:19.694000,416.4665208279426,999
2024-09-16 12:55:19.709000,416.4184160655775,6
2024-09-16 12:55:19.742000,416.4388579524076,10
2024-09-16 12:55:19.866000,416.4351113346131,96
2024-09-16 12:55:19.869000,416.4295717191854,97
2024-09-16 12:55:20.097000,416.4110171158463,98
2024-09-16 12:55:20.118000,416.4440807965551,1003
2024-09-16 12:55:20.143000,416.4310911002127,10
2024-09-16 12:55:20.174000,416.46097803000094,5
2024-09-16 12:55:20.176000,416.4291992027916,7
2024-09-16 12:55:20.213000,416.4308002234015,1004
2024-09-16 12:55:20.233000,416.393742678057,103
2024-09-16 12:55:20.276000,416.396823596351,996
2024-09-16 12:55:20.299000,416.4194938696587,99
2024-09-16 12:55:20.330000,416.440361715754,10
2024-09-16 12:55:20.346000,416.44659367118726,8
2024-09-16 12:55:20.434000,416.4446968657105,5
2024-09-16 12:55:20.502000,416.4342047276156,6
2024-09-16 12:55:20.619000,416.4237296698021,996
2024-09-16 12:55:20.660000,416.4015917113821,999
2024-09-16 12:55:20.679000,416.4283158759314,1000
2024-09-16 12:55:20.728000,416.4669255854128,995
2024-09-16 12:55:20.772000,416.4291105246974,101
2024-09-16 12:55:20.785000,416.4159956627266,12
2024-09-16 12:55:20.838000,416.3945303671765,6
2024-09-16 12:55:20.866000,416.4569948213577,95
2024-09-16 12:55:20.924000,416.441406539534,13
2024-09-16 12:55:21.035000,416.41808322083983,10
2024-09-16 12:55:21.107000,416.46733100456623,104
2024-09-16 12:55:21.159000,416.4274513433947,97
2024-09-16 12:55:21.213000,416.4316600166584,11
2024-09-16 12:55:21.278000,416.4484236934032,999
2024-09-16 12:55:21.339000,416.42957216495023,8
2024-09-16 12:55:21.417000,416.4404375255778,8
2024-09-16 12:55:21.487000,416.4926357995024,996
2024-09-16 12:55:21.506000,416.4756589500052,996
2024-09-16 12:55:21.514000,416.45873082362783,15
2024-09-16 12:55:21.561000,416.3958990344721,997
2024-09-16 12:55:21.596000,416.419265379696,1005
2024-09-16 12:55:21.626000,416.41899114544754,100
2024-09-16 12:55:21.762000,416.4488030426391,7
2024-09-16 12:55:21.791000,416.3865886895538,103
2024-09-16 12:55:21.857000,416.449031908373,997
2024-09-16 12:55:21.868000,416.475009464772,14
2024-09-16 12:55:21.885000,416.4131987065172,96
2024-09-16 12:55:21.945000,416.4347650931314,103
2024-09-16 12:55:21.947000,416.46454214110446,96
2024-09-16 12:55:21.970000,416.479385249617,1002
2024-09-16 12:55:21.999000,416.4386913023888,13
2024-09-16 12:55:22.025000,416.44578589302137,998
2024-09-16 12:55:22.264000,416.4279029130026,6
2024-09-16 12:55:22.430000,416.45582174990113,14
2024-09-16 12:55:23.015000,416.4890411351764,999
2024-09-16 12:55:23.015000,416.4901599238358,1001
2024-09-16 12:55:23.027000,416.48248396670544,102
2024-09-16 12:55:23.070000,416.4728728397984,96
2024-09-16 12:55:23.211000,416.46865665685385,10
2024-09-16 12:55:23.260000,416.50291913266176,6
2024-09-16 12:55:23.286000,416.4672104105815,1003
2024-09-16 12:55:23.349000,416.4809297113546,996
2024-09-16 12:55:23.430000,416.5065677022665,14
2024-09-16 12:55:23.494000,416.4911532271945,13
2024-09-16 12:55:23.533000,416.4902842973685,997
2024-09-16 12:55:23.673000,416.5030628062826,9
2024-09-16 12:55:23.694000,416.4712122156941,98
2024-09-16 12:55:23.697000,416.47549695174223,7
2024-09-16 12:55:23.731000,416.4806025705412,8
2024-09-16 12:55:23.755000,416.49513303729816,105
2024-09-16 12:55:23.776000,416.4889773798716,15
2024-09-16 12:55:23.782000,416.46479102982886,95
2024-09-16 12:55:23.819000,416.4997810786417,12
2024-09-16 12:55:23.845000,416.5150569459946,14
2024-09-16 12:55:23.854000,416.4646994143172,998
2024-09-16 12:55:23.855000,416.4990713105339,995
2024-09-16 12:55:23.928000,416.4755727819984,5
2024-09-16 12:55:24.067000,416.4596312804652,1002
2024-09-16 12:55:24.112000,416.53210206327566,95
2024-09-16 12:55:24.204000,416.5533379411528,1005
2024-09-16 12:55:24.261000,416.5762075811928,95
2024-09-16 12:55:24.268000,416.5019100901296,995
2024-09-16 12:55:24.327000,416.5423234291762,13
2024-09-16 12:55:24.340000,416.54718542477127,11
2024-09-16 12:55:24.357000,416.5424766574167,1003
2024-09-16 12:55:24.357000,416.5293759773682,13
2024-09-16 12:55:24.378000,416.5199439332391,995
2024-09-16 12:55:24.389000,416.5741601997303,95
2024-09-16 12:55:24.577000,416.5450262412243,997
2024-09-16 12:55:24.631000,416.48965755655416,1004
2024-09-16 12:55:24.654000,416.5918711147042,96
2024-09-16 12:55:24.661000,416.5802229177578,999
2024-09-16 12:55:24.700000,416.553508743122,97
2024-09-16 12:55:24.760000,416.5698532276475,99
2024-09-16 12:55:24.765000,416.5405529065654,1001
2024-09-16 12:55:24.769000,416.4819889468185,1000
2024-09-16 12:55:24.779000,416.5262992234208,1003
2024-09-16 12:55:24.935000,416.5518088964404,104
2024-09-16 12:55:24.971000,416.4660359995268,1001
2024-09-16 12:55:24.993000,416.5455538798634,995
2024-09-16 12:55:25.073000,416.5962171556321,99
2024-09-16 12:55:25.260000,416.64587492107904,103
2024-09-16 12:55:25.266000,416.6197242810324,999
2024-09-16 12:55:25.271000,416.6113658050396,12
2024-09-16 12:55:25.455000,416.5791986488066,96
2024-09-16 12:55:25.484000,416.56790839431335,13
2024-09-16 12:55:25.532000,416.5598273224657,12
2024-09-16 12:55:25.595000,416.66403465120527,95
2024-09-16 12:55:25.807000,416.5981126314677,996
2024-09-16 12:55:25.825000,416.64578572924137,101
2024-09-16 12:55:25.984000,416.5499102648328,9
2024-09-16 12:55:26.003000,416.7976988251611,8
2024-09-16 12:55:26.018000,416.7522999494652,100
2024-09-16 12:55:26.025000,416.7471886475139,998
2024-09-16 12:55:26.064000,416.7438335059607,100
2024-09-16 12:55:26.190000,416.7884819989521,1002
2024-09-16 12:55:26.372000,416.770367318131,1002
2024-09-16 12:55:26.422000,416.75791666397055,102
2024-09-16 12:55:26.470000,416.68323281844806,999
2024-09-16 12:55:26.552000,416.79447257677424,97
2024-09-16 12:55:26.669000,416.7347515780228,997
2024-09-16 12:55:26.674000,416.79525380216114,9
2024-09-16 12:55:26.696000,416.7515266556415,103
2024-09-16 12:55:26.821000,416.7590198434144,1000
2024-09-16 12:55:26.883000,416.704236264044,102
2024-09-16 12:55:26.915000,416.7861300606787,995
2024-09-16 12:55:26.924000,416.750810953692,995
2024-09-16 12:55:27.067000,416.8077030376173,1005
2024-09-16 12:55:28.036000,416.8134445971879,9
2024-09-16 12:55:28.056000,416.7887624502723,1000
2024-09-16 12:55:28.202000,416.7765743293786,999
2024-09-16 12:55:28.294000,416.7767108117632,104
2024-09-16 12:55:28.301000,416.7951699363643,100
2024-09-16 12:55:28.393000,416.8189852265166,13
2024-09-16 12:55:28.499000,416.78981729830303,996
2024-09-16 12:55:28.557000,416.7989559449349,1000
2024-09-16 12:55:28.630000,416.8067724402589,95
2024-09-16 12:55:28.670000,416.8083934860052,13
2024-09-16 12:55:28.672000,416.7941754997439,5
2024-09-16 12:55:28.929000,416.7887954548047,1000
2024-09-16 12:55:29.001000,416.7405918696311,1002
2024-09-16 12:55:29.025000,416.75559684364265,9
2024-09-16 12:55:29.070000,416.7436649381309,100
2024-09-16 12:55:29.075000,416.75829227719424,95
2024-09-16 12:55:29.082000,416.7457128032041,11
2024-09-16 12:55:29.106000,416.7855391143046,1000
2024-09-16 12:55:29.227000,416.7750705481324,102
2024-09-16 12:55:29.269000,416.7648375087566,11
2024-09-16 12:55:29.287000,416.7536679321031,996
2024-09-16 12:55:29.327000,416.7668588334923,7
2024-09-16 12:55:29.328000,416.7644387505344,105
2024-09-16 12:55:29.387000,416.750657590229,999
2024-09-16 12:55:29.470000,416.7492245782914,1004
2024-09-16 12:55:29.483000,416.7822080257505,1004
2024-09-16 12:55:29.530000,416.7900877086968,101
2024-09-16 12:55:29.553000,416.76536853933663,997
2024-09-16 12:55:29.618000,416.7848600594712,1001
2024-09-16 12:55:29.723000,416.7341927400165,12
2024-09-16 12:55:29.746000,416.75903206250194,995
2024-09-16 12:55:29.750000,416.7521789459407,10
2024-09-16 12:55:29.858000,416.7388900413965,13
2024-09-16 12:55:29.872000,416.7909153320856,12
2024-09-16 12:55:29.910000,416.7654463044898,105
2024-09-16 12:55:29.921000,416.7433980095863,1005
2024-09-16 12:55:29.929000,416.7356641466298,100
2024-09-16 12:55:29.933000,416.7689232565703,1004
2024-09-16 12:55:29.949000,416.74405222539474,999
2024-09-16 12:55:29.957000,416.7793906483689,10
2024-09-16 12:55:29.998000,416.7303665271796,102
2024-09-16 12:55:30.122000,416.7641957539832,101
2024-09-16 12:55:30.125000,416.7303863057722,100
2024-09-16 12:55:30.210000,416.7032625482299,100
2024-09-16 12:55:30.282000,416.6838912051175,13
2024-09-16 12:55:30.292000,416.7203052985387,7
2024-09-16 12:55:30.303000,416.7284637604443,96
2024-09-16 12:55:30.341000,416.7564121692373,11
2024-09-16 12:55:30.350000,416.698773432186,999
2024-09-16 12:55:30.351000,416.70844320637406,998
2024-09-16 12:55:30.353000,416.7664585709326,1000
2024-09-16 12:55:30.380000,416.72009630171885,1004
2024-09-16 12:55:30.414000,416.7601688219639,1002
2024-09-16 12:55:30.446000,416.7132815211047,100
2024-09-16 12:55:30.466000,416.6912252207699,11
2024-09-16 12:55:30.490000,416.7140251180251,8
2024-09-16 12:55:30.545000,416.71126250087167,98
2024-09-16 12:55:30.587000,416.689478749778,999
2024-09-16 12:55:30.607000,416.6908256294818,13
2024-09-16 12:55:30.656000,416.7640745118737,995
2024-09-16 12:55:30.720000,416.6811010320952,103
2024-09-16 12:55:30.756000,416.696501296206,10
2024-09-16 12:55:30.769000,416.7729796232043,1001
2024-09-16 12:55:30.820000,416.7483848647757,1004
2024-09-16 12:55:30.835000,416.7621970878823,12
2024-09-16 12:55:30.945000,416.7133599996101,1004
2024-09-16 12:55:30.964000,416.7239352804395,1002
2024-09-16 12:55:30.976000,416.6747278947626,13
2024-09-16 12:55:31.038000,416.6134771314034,96
2024-09-16 12:55:31.073000,416.7019629519924,15
2024-09-16 12:55:31.079000,416.67415988642,13
2024-09-16 12:55:31.213000,416.6325122104324,100
2024-09-16 12:55:31.227000,416.6255355046101,102
2024-09-16 12:55:31.247000,416.7034623599337,101
2024-09-16 12:55:31.328000,416.6097136736298,10
2024-09-16 12:55:31.331000,416.6148054707582,6
2024-09-16 12:55:31.357000,416.61940409674,95
2024-09-16 12:55:31.519000,416.6110295808349,14
2024-09-16 12:55:31.547000,416.7195312321398,100
2024-09-16 12:55:31.557000,416.6736968171653,95
2024-09-16 12:55:31.587000,416.6158149136497,14
2024-09-16 12:55:31.591000,416.72612281317294,7
2024-09-16 12:55:31.602000,416.6514191399672,1002
2024-09-16 12:55:31.809000,416.648560650081,6
2024-09-16 12:55:31.965000,416.62497687949866,1001
2024-09-16 12:55:32.047000,416.6625641236,1001
2024-09-16 12:55:32.095000,416.6792289789646,104
2024-09-16 12:55:32.201000,416.6085220929558,1004
2024-09-16 12:55:32.207000,416.6820349860539,103
2024-09-16 12:55:32.216000,416.6757715962156,11
2024-09-16 12:55:32.253000,416.5962772003517,1003
2024-09-16 12:55:32.282000,416.6126012049001,95
2024-09-16 12:55:32.284000,416.643657359392,15
2024-09-16 12:55:32.304000,416.62250125929705,100
2024-09-16 12:55:32.332000,416.6006983557049,12
2024-09-16 12:55:32.338000,416.6199531966089,99
2024-09-16 12:55:32.346000,416.5950563723801,995
2024-09-16 12:55:32.454000,416.60029326379663,13
2024-09-16 12:55:32.571000,416.66052107699664,97
2024-09-16 12:55:32.639000,416.64316690944025,11
2024-09-16 12:55:32.665000,416.6024156492888,15
2024-09-16 12:55:32.665000,416.6461926880641,1004
2024-09-16 12:55:32.701000,416.6776389841161,5
2024-09-16 12:55:32.760000,416.6943530936605,8
2024-09-16 12:55:32.779000,416.6794896731853,1002
2024-09-16 12:55:32.796000,416.6148697440504,1000
2024-09-16 12:55:32.798000,416.6525351305413,999
2024-09-16 12:55:32.811000,416.602853570622,12
2024-09-16 12:55:32.829000,416.6980285811801,10
2024-09-16 12:55:32.905000,416.5961981413244,103
2024-09-16 12:55:32.959000,416.6259185571224,8
2024-09-16 12:55:32.998000,416.6585304691094,104
2024-09-16 12:55:33.083000,416.7370312276585,9
2024-09-16 12:55:33.102000,416.7240508923616,996
2024-09-16 12:55:33.142000,416.7047017418782,8
2024-09-16 12:55:33.151000,416.722244395343,1003
2024-09-16 12:55:33.232000,416.6923154723005,1003
2024-09-16 12:55:33.304000,416.692552162449,12
2024-09-16 12:55:33.304000,416.6888061127218,1003
2024-09-16 12:55:33.314000,416.68687937586094,1002
2024-09-16 12:55:33.327000,416.7055471486025,104
2024-09-16 12:55:33.349000,416.6703470316285,1000
2024-09-16 12:55:33.358000,416.6833281007014,6
2024-09-16 12:55:33.373000,416.68104071047145,100
2024-09-16 12:55:33.566000,416.6756501698725,97
2024-09-16 12:55:33.585000,416.674636391577,1003
2024-09-16 12:55:33.617000,416.7066318970459,999
2024-09-16 12:55:33.710000,416.7172238256678,1002
2024-09-16 12:55:33.782000,416.6935902241746,5
2024-09-16 12:55:33.785000,416.7062586648634,101
2024-09-16 12:55:33.825000,416.6818144702941,999
2024-09-16 12:55:33.841000,416.7183055297164,8
2024-09-16 12:55:33.849000,416.7306928233731,13
2024-09-16 12:55:33.877000,416.70237930314255,1002
2024-09-16 12:55:33.928000,416.7081171899166,96
2024-09-16 12:55:33.972000,416.7118773894296,13
2024-09-16 12:55:33.976000,416.70609007841006,998
2024-09-16 12:55:33.990000,416.70582086448337,7
2024-09-16 12:55:34.025000,416.7236066800162,1002
2024-09-16 12:55:34.094000,416.7349570772034,13
2024-09-16 12:55:34.148000,416.72934663067895,99
2024-09-16 12:55:34.155000,416.7269562362356,101
2024-09-16 12:55:34.168000,416.7404329223617,13
2024-09-16 12:55:34.193000,416.7613032148042,999
2024-09-16 12:55:34.198000,416.7207624086079,102
2024-09-16 12:55:34.226000,416.7454443141529,12
2024-09-16 12:55:34.348000,416.7267777709627,5
2024-09-16 12:55:34.391000,416.7260412313989,98
2024-09-16 12:55:34.397000,416.722187962486,1001
2024-09-16 12:55:34.458000,416.6977159691823,8
2024-09-16 12:55:34.473000,416.73347934366086,13
2024-09-16 12:55:34.505000,416.7361489022922,1003
2024-09-16 12:55:34.534000,416.77723270417056,105
2024-09-16 12:55:34.572000,416.7005439134289,1002
2024-09-16 12:55:34.596000,416.7353934524335,10
2024-09-16 12:55:34.658000,416.73201628626697,97
2024-09-16 12:55:34.713000,416.72801527042935,1000
2024-09-16 12:55:34.804000,416.7662433576766,12
2024-09-16 12:55:34.851000,416.7537828050195,8
2024-09-16 12:55:34.857000,416.7483411070917,1004
2024-09-16 12:55:34.876000,416.7395179749093,13
2024-09-16 12:55:34.893000,416.73984395597824,101
2024-09-16 12:55:34.975000,416.7530787484541,11
2024-09-16 12:55:34.979000,416.7479030157206,102
2024-09-16 12:55:35.055000,416.8028896011576,996
2024-09-16 12:55:35.110000,416.7599944330807,96
2024-09-16 12:55:35.189000,416.792457691421,12
2024-09-16 12:55:35.193000,416.7889797846508,97
2024-09-16 12:55:35.270000,416.7480612045184,14
2024-09-16 12:55:35.365000,416.7411241188104,1002
2024-09-16 12:55:35.461000,416.8122364542343,996
2024-09-16 12:55:35.540000,416.729990434477,6
2024-09-16 12:55:35.564000,416.7849650024688,100
2024-09-16 12:55:35.586000,416.7197621016836,99
2024-09-16 12:55:35.609000,416.7446466212336,997
2024-09-16 12:55:35.611000,416.7349486408417,95
2024-09-16 12:55:35.629000,416.7334653833795,1002
2024-09-16 12:55:35.896000,416.7343319105353,98
2024-09-16 12:55:36.042000,416.7466923139431,9
2024-09-16 12:55:36.172000,416.79189214617577,105
2024-09-16 12:55:36.215000,416.8125052756366,998
2024-09-16 12:55:36.219000,416.8516013938029,96
2024-09-16 12:55:36.248000,416.7665408338164,12
2024-09-16 12:55:36.375000,416.8518570166984,101
2024-09-16 12:55:36.375000,416.8333424557294,103
2024-09-16 12:55:36.385000,416.74973986265536,103
2024-09-16 12:55:36.415000,416.7543870878994,10
2024-09-16 12:55:36.425000,416.7435950568085,999
2024-09-16 12:55:36.461000,416.82930434431313,5
2024-09-16 12:55:36.483000,416.8423356238304,99
2024-09-16 12:55:36.521000,416.8011174511155,999
2024-09-16 12:55:36.548000,416.8215834272916,1002
2024-09-16 12:55:36.560000,416.8112391822804,996
2024-09-16 12:55:36.561000,416.8115936979989,105
2024-09-16 12:55:36.562000,416.772631426668,5
2024-09-16 12:55:36.591000,416.78883583910505,997
2024-09-16 12:55:36.678000,416.773797199759,101
2024-09-16 12:55:36.685000,416.7940023838,997
2024-09-16 12:55:36.758000,416.8279455372791,98
2024-09-16 12:55:36.766000,416.7279285179575,1005
2024-09-16 12:55:36.776000,416.82903857650064,99
2024-09-16 12:55:36.824000,416.7604797119885,999
2024-09-16 12:55:36.895000,416.84927498987247,15
2024-09-16 12:55:36.934000,416.8132703477145,99
2024-09-16 12:55:36.936000,416.8605015460232,997
2024-09-16 12:55:36.978000,416.7476633159613,995
2024-09-16 12:55:36.998000,416.8164460950917,8
2024-09-16 12:55:37.263000,416.8637367091542,95
2024-09-16 12:55:37.385000,416.80921985124616,99
2024-09-16 12:55:37.450000,416.8821984548613,996
2024-09-16 12:55:37.524000,416.8387382043726,95
2024-09-16 12:55:37.535000,416.8139415861161,1001
2024-09-16 12:55:37.577000,416.8449881004669,13
2024-09-16 12:55:37.625000,416.8925105156548,1003
2024-09-16 12:55:38.016000,416.8687988384485,998
2024-09-16 12:55:38.124000,416.8809779329636,1005
2024-09-16 12:55:38.213000,416.8599554610028,100
2024-09-16 12:55:38.225000,416.8781954586518,9
2024-09-16 12:55:38.234000,416.8542642899871,96
2024-09-16 12:55:38.377000,416.9084386805249,13
2024-09-16 12:55:38.397000,416.89364223384007,96
2024-09-16 12:55:38.440000,416.8795673433167,998
2024-09-16 12:55:38.562000,416.8811298219901,99
2024-09-16 12:55:38.584000,416.864409491762,5
2024-09-16 12:55:38.642000,416.8827486979937,998
2024-09-16 12:55:38.681000,416.8753012925215,11
2024-09-16 12:55:38.805000,416.8566167164954,999
2024-09-16 12:55:38.887000,416.9035887802059,999
2024-09-16 12:55:40.061000,416.83783603689113,996
2024-09-16 12:55:40.106000,416.8390773154159,14
2024-09-16 12:55:40.112000,416.8364439763973,103
2024-09-16 12:55:40.122000,416.8737828294664,12
2024-09-16 12:55:40.162000,416.8700040086771,12
2024-09-16 12:55:40.168000,416.8970259222585,13
2024-09-16 12:55:40.214000,416.83530138725376,10
2024-09-16 12:55:40.219000,416.8940420493367,997
2024-09-16 12:55:40.336000,416.8354888991004,104
2024-09-16 12:55:40.370000,416.82785964407685,1000
2024-09-16 12:55:40.422000,416.868293974698,100
2024-09-16 12:55:40.627000,416.863287937577,99
2024-09-16 12:55:40.669000,416.89385481930566,999
2024-09-16 12:55:40.701000,416.8560287331936,998
2024-09-16 12:55:40.790000,416.8520715558869,104
2024-09-16 12:55:40.869000,416.86990768002,1000
2024-09-16 12:55:40.914000,416.871794505709,995
2024-09-16 12:55:40.958000,416.8647823677741,6
2024-09-16 12:55:41.118000,416.85558685741125,105
2024-09-16 12:55:41.233000,416.8425790788072,101
2024-09-16 12:55:41.247000,416.839578396749,8
2024-09-16 12:55:41.248000,416.8505790415949,1001
2024-09-16 12:55:41.265000,416.8481493246418,103
2024-09-16 12:55:41.451000,416.8409735498956,1002
2024-09-16 12:55:41.682000,416.8162641802542,100
2024-09-16 12:55:41.874000,416.8326032430047,997
2024-09-16 12:55:42.043000,416.826408271209,15
2024-09-16 12:55:42.367000,416.79936675509606,98
2024-09-16 12:55:42.370000,416.79092958581646,102
2024-09-16 12:55:42.488000,416.8031172110979,95
2024-09-16 12:55:42.647000,416.8288860335924,6
2024-09-16 12:55:42.700000,416.8070442087136,96
2024-09-16 12:55:42.765000,416.80766301428014,99
2024-09-16 12:55:42.838000,416.8075495342059,1002
2024-09-16 12:55:42.903000,416.8121227498136,5
2024-09-16 12:55:42.984000,416.80431447022886,8
2024-09-16 12:55:42.990000,416.810943774586,999
2024-09-16 12:55:43.311000,416.8509553091747,9
2024-09-16 12:55:43.877000,416.8788773115383,101
2024-09-16 12:55:43.955000,416.82694465986384,100
2024-09-16 12:55:44.103000,416.8648990076495,995
2024-09-16 12:55:44.344000,416.88297981199776,999
2024-09-16 12:55:44.352000,416.8704514466572,12
2024-09-16 12:55:44.532000,416.87846762568273,1002
2024-09-16 12:55:44.795000,416.88928052907096,7
2024-09-16 12:55:44.865000,416.8746205618772,1004
2024-09-16 12:55:44.901000,416.8718872858904,14
2024-09-16 12:55:45.031000,416.8347325063708,12
2024-09-16 12:55:45.068000,416.8529950418026,996
2024-09-16 12:55:45.121000,416.8630842400276,995
2024-09-16 12:55:45.157000,416.8404008476631,1005
2024-09-16 12:55:45.205000,416.8520242371631,1002
2024-09-16 12:55:45.234000,416.87938541523545,996
2024-09-16 12:55:45.303000,416.87604469961,6
2024-09-16 12:55:45.304000,416.875667835881,101
2024-09-16 12:55:45.327000,416.8553905616818,998
2024-09-16 12:55:45.391000,416.85794582130455,996
2024-09-16 12:55:45.457000,416.8655000600062,1000
2024-09-16 12:55:45.459000,416.866063916497,999
2024-09-16 12:55:45.502000,416.8656224926328,7
2024-09-16 12:55:45.564000,416.8625444576652,8
2024-09-16 12:55:45.741000,416.8853750571589,995
2024-09-16 12:55:45.860000,416.8566138237416,997
2024-09-16 12:55:45.924000,416.8592734107619,103
2024-09-16 12:55:45.930000,416.8706005437123,1002
2024-09-16 12:55:45.940000,416.8595201455954,6
2024-09-16 12:55:45.988000,416.8540237711138,102
2024-09-16 12:55:46.077000,416.8901516413555,11
2024-09-16 12:55:46.107000,416.90085133409895,13
2024-09-16 12:55:46.124000,416.8785448020949,998
2024-09-16 12:55:46.366000,416.8861641243421,12
2024-09-16 12:55:46.727000,416.8691911011734,102
2024-09-16 12:55:46.800000,416.87840333250034,100
2024-09-16 12:55:46.967000,416.88638687762113,1000
2024-09-16 12:55:47.013000,416.9089732998619,103
2024-09-16 12:55:47.053000,416.8901596408356,14
2024-09-16 12:55:47.071000,416.8960110606477,1002
2024-09-16 12:55:47.104000,416.89225594421794,6
2024-09-16 12:55:47.282000,416.9052223319395,9
2024-09-16 12:55:47.294000,416.8907513731689,5
2024-09-16 12:55:47.311000,416.9233994368096,105
2024-09-16 12:55:47.315000,416.9089868494637,100
2024-09-16 12:55:47.315000,416.9165754623396,95
2024-09-16 12:55:47.388000,416.89008412086537,95
2024-09-16 12:55:47.440000,416.8913885219507,95
2024-09-16 12:55:47.448000,416.91589936877153,96
2024-09-16 12:55:47.667000,416.9265393220924,1005
2024-09-16 12:55:47.807000,416.9128827255493,1005
2024-09-16 12:55:47.904000,416.902043479907,95
2024-09-16 12:55:48.100000,416.899529697947,97
2024-09-16 12:55:48.111000,416.8938412081213,105
2024-09-16 12:55:48.198000,416.9015782791994,7
2024-09-16 12:55:48.210000,416.8881426358421,102
2024-09-16 12:55:48.345000,416.886374952122,6
2024-09-16 12:55:48.518000,416.8855264985429,1001
2024-09-16 12:55:48.547000,416.8967199026004,998
2024-09-16 12:55:48.566000,416.8924328258587,99
2024-09-16 12:55:48.686000,416.8943203707978,1003
2024-09-16 12:55:48.826000,416.8849261238529,996
2024-09-16 12:55:48.861000,416.90077891693215,9
2024-09-16 12:55:48.952000,416.900956104466,96
2024-09-16 12:55:48.970000,416.8861179211143,1002
2024-09-16 12:55:49.099000,416.899722751755,102
2024-09-16 12:55:49.112000,416.868876863308,10
2024-09-16 12:55:49.123000,416.84228471374007,7
2024-09-16 12:55:49.168000,416.8833593622688,997
2024-09-16 12:55:49.168000,416.8923165793615,1002
2024-09-16 12:55:49.193000,416.8585024767053,95
2024-09-16 12:55:49.298000,416.8779926782174,1004
2024-09-16 12:55:49.343000,416.8871762803042,15
2024-09-16 12:55:49.343000,416.8486031523368,100
2024-09-16 12:55:49.356000,416.8842637506114,15
2024-09-16 12:55:49.383000,416.8549815839143,13
2024-09-16 12:55:49.384000,416.8762333471032,7
2024-09-16 12:55:49.468000,416.87264522678686,995
2024-09-16 12:55:49.472000,416.86731172352313,103
2024-09-16 12:55:49.520000,416.8471796769977,9
2024-09-16 12:55:49.521000,416.8724229793877,102
2024-09-16 12:55:49.535000,416.88581099337847,103
2024-09-16 12:55:49.545000,416.8746609657032,105
2024-09-16 12:55:49.636000,416.8897635139107,99
2024-09-16 12:55:49.644000,416.8673496148897,13
2024-09-16 12:55:49.662000,416.8753194319865,998
2024-09-16 12:55:49.686000,416.8797531986506,11
2024-09-16 12:55:49.739000,416.8686688634752,97
2024-09-16 12:55:49.819000,416.865336081039,13
2024-09-16 12:55:49.852000,416.8590102673759,1005
2024-09-16 12:55:49.861000,416.8380209339708,15
2024-09-16 12:55:50.001000,416.8382684773271,1000
2024-09-16 12:55:50.040000,416.8142682618722,96
2024-09-16 12:55:50.096000,416.8548624035263,103
2024-09-16 12:55:50.121000,416.8230450358278,97
2024-09-16 12:55:50.144000,416.8699770834834,95
2024-09-16 12:55:50.169000,416.8391781219767,105
2024-09-16 12:55:50.186000,416.87080934573294,998
2024-09-16 12:55:50.197000,416.840921624611,7
2024-09-16 12:55:50.373000,416.8747457058029,13
2024-09-16 12:55:50.384000,416.8434083238769,998
2024-09-16 12:55:50.456000,416.8368667120132,11
2024-09-16 12:55:50.470000,416.89647623905466,1001
2024-09-16 12:55:50.481000,416.8436298976303,97
2024-09-16 12:55:50.514000,416.8900064155432,5
2024-09-16 12:55:50.549000,416.8564340451698,1002
2024-09-16 12:55:50.640000,416.8487323725416,103
2024-09-16 12:55:50.651000,416.8163255148366,105
2024-09-16 12:55:50.675000,416.8716043592216,96
2024-09-16 12:55:50.720000,416.8874514521992,100
2024-09-16 12:55:50.728000,416.8645242351477,11
2024-09-16 12:55:50.870000,416.827339606578,10
2024-09-16 12:55:50.903000,416.8330015624279,997
2024-09-16 12:55:50.982000,416.85618492938056,100
2024-09-16 12:55:50.994000,416.8666809362073,95
2024-09-16 12:55:51.033000,416.8747882374473,96
2024-09-16 12:55:51.034000,416.90199472661897,105
2024-09-16 12:55:51.161000,416.8859927680418,96
2024-09-16 12:55:51.197000,416.87880694446926,6
2024-09-16 12:55:51.252000,416.87597452876696,1005
2024-09-16 12:55:51.350000,416.87934668332286,995
2024-09-16 12:55:51.357000,416.8738519533725,103
2024-09-16 12:55:51.632000,416.8919060741984,10
2024-09-16 12:55:51.655000,416.85809818632606,1002
2024-09-16 12:55:51.721000,416.8692930143096,10
2024-09-16 12:55:51.722000,416.87944531970766,996
2024-09-16 12:55:51.935000,416.8846550327532,8
2024-09-16 12:55:52.080000,416.8933608109703,102
2024-09-16 12:55:52.085000,416.9020338408144,104
2024-09-16 12:55:52.098000,416.8453741569976,1002
2024-09-16 12:55:52.144000,416.8513527350206,1000
2024-09-16 12:55:52.152000,416.9000113867558,997
2024-09-16 12:55:52.267000,416.84814188307,104
2024-09-16 12:55:52.350000,416.8569110508334,5
2024-09-16 12:55:52.437000,416.8971429343224,1005
2024-09-16 12:55:52.474000,416.9132132319069,10
2024-09-16 12:55:52.524000,416.9142017996914,1002
2024-09-16 12:55:52.538000,416.8441899419586,95
2024-09-16 12:55:52.579000,416.9030585987353,10
2024-09-16 12:55:52.617000,416.8889714396967,1000
2024-09-16 12:55:52.650000,416.92532034047423,14
2024-09-16 12:55:52.744000,416.8833968428731,103
2024-09-16 12:55:52.747000,416.9109686363804,12
2024-09-16 12:55:52.794000,416.9202978587234,104
2024-09-16 12:55:52.817000,416.912615218905,1004
2024-09-16 12:55:52.852000,416.8423274427805,9
2024-09-16 12:55:52.878000,416.8580032491328,995
2024-09-16 12:55:52.912000,416.9159412380701,103
2024-09-16 12:55:52.990000,416.8388923868063,7
2024-09-16 12:55:53.068000,416.8018345701799,99
2024-09-16 12:55:53.096000,416.84413741490346,1002
2024-09-16 12:55:53.099000,416.836903146753,1001
2024-09-16 12:55:53.145000,416.81097144643365,96
2024-09-16 12:55:53.192000,416.8366855132402,105
2024-09-16 12:55:53.240000,416.8399732260757,104
2024-09-16 12:55:53.261000,416.8549936641915,998
2024-09-16 12:55:53.284000,416.78449701588886,9
2024-09-16 12:55:53.308000,416.84916749159817,9
2024-09-16 12:55:53.326000,416.8522945822078,6
2024-09-16 12:55:53.425000,416.8453188783938,105
2024-09-16 12:55:53.447000,416.7921420331469,99
2024-09-16 12:55:53.629000,416.8351876856187,995
2024-09-16 12:55:53.763000,416.7924543428345,996
2024-09-16 12:55:53.814000,416.8485997705511,999
2024-09-16 12:55:53.927000,416.74936842175566,5
2024-09-16 12:55:53.927000,416.85651632845975,97
2024-09-16 12:55:53.937000,416.74771176505857,997
2024-09-16 12:55:53.949000,416.8397125043588,12
2024-09-16 12:55:53.972000,416.7640780045136,98
2024-09-16 12:55:54.077000,416.7619807443182,1004
2024-09-16 12:55:54.080000,416.73615570710894,96
2024-09-16 12:55:54.118000,416.7223812534748,103
2024-09-16 12:55:54.149000,416.735322869949,96
2024-09-16 12:55:54.232000,416.7087307206303,13
2024-09-16 12:55:54.264000,416.7083480948508,996
2024-09-16 12:55:54.275000,416.7166504739424,99
2024-09-16 12:55:54.359000,416.7435762868527,1005
2024-09-16 12:55:54.543000,416.7526632676176,101
2024-09-16 12:55:54.755000,416.7212643267469,996
2024-09-16 12:55:54.761000,416.755911445772,15
2024-09-16 12:55:54.815000,416.7431213787637,10
2024-09-16 12:55:55.057000,416.64698709118926,11
2024-09-16 12:55:55.072000,416.68425731733385,13
2024-09-16 12:55:55.127000,416.57552779507296,99
2024-09-16 12:55:55.138000,416.56597293801656,1001
2024-09-16 12:55:55.166000,416.598731185312,998
2024-09-16 12:55:55.187000,416.5514825038448,1000
2024-09-16 12:55:55.245000,416.6664008370295,11
2024-09-16 12:55:55.250000,416.6133407805273,6
2024-09-16 12:55:55.302000,416.7175922988348,100
2024-09-16 12:55:55.309000,416.6209827941584,103
2024-09-16 12:55:55.313000,416.5847601101141,6
2024-09-16 12:55:55.320000,416.59627040892616,6
2024-09-16 12:55:55.375000,416.7052474581901,95
2024-09-16 12:55:55.396000,416.7133211867698,95
2024-09-16 12:55:55.398000,416.6106991822516,1003
2024-09-16 12:55:55.420000,416.5575936884509,997
2024-09-16 12:55:55.421000,416.7155389601899,10
2024-09-16 12:55:55.449000,416.5877512911357,103
2024-09-16 12:55:55.461000,416.71604710555897,95
2024-09-16 12:55:55.491000,416.70236316035925,14
2024-09-16 12:55:55.518000,416.69758177492974,1002
2024-09-16 12:55:55.610000,416.7064563507881,101
2024-09-16 12:55:55.625000,416.69537215939937,13
2024-09-16 12:55:55.630000,416.7177971428746,7
2024-09-16 12:55:55.768000,416.70006073181065,1000
2024-09-16 12:55:55.773000,416.717804682682,14
2024-09-16 12:55:55.776000,416.55508010752186,10
2024-09-16 12:55:55.865000,416.6078899534593,10
2024-09-16 12:55:55.895000,416.74207597528897,96
2024-09-16 12:55:56.112000,416.5844124404183,996
2024-09-16 12:55:56.188000,416.5962452217387,99
2024-09-16 12:55:56.649000,416.5842989311611,11
2024-09-16 12:55:56.812000,416.6101856558975,9
2024-09-16 12:55:57.032000,416.5887462224003,11
2024-09-16 12:55:57.088000,416.5920958428825,96
2024-09-16 12:55:57.174000,416.5935245512137,103
2024-09-16 12:55:57.232000,416.5954468058698,100
2024-09-16 12:55:57.275000,416.5989458870032,1005
2024-09-16 12:55:57.327000,416.60199529455,999
2024-09-16 12:55:57.373000,416.5966658835735,5
2024-09-16 12:55:57.454000,416.6026864536882,14
2024-09-16 12:55:57.533000,416.5799428290343,997
2024-09-16 12:55:57.568000,416.5560543573446,100
2024-09-16 12:55:57.588000,416.5818495250917,12
2024-09-16 12:55:57.878000,416.56222686923326,1001
2024-09-16 12:55:57.950000,416.6226668628669,12
2024-09-16 12:55:57.997000,416.5947890237515,1004
2024-09-16 12:55:58.057000,416.6509301977097,8
2024-09-16 12:55:58.142000,416.6638353769937,5
2024-09-16 12:55:58.192000,416.5777899220896,1003
2024-09-16 12:55:58.253000,416.5995369053662,995
2024-09-16 12:55:58.258000,416.6190630722437,10
2024-09-16 12:55:58.299000,416.6341596173555,14
2024-09-16 12:55:58.320000,416.5977975353704,98
2024-09-16 12:55:58.346000,416.6051806067076,104
2024-09-16 12:55:58.410000,416.64531429406287,105
2024-09-16 12:55:58.429000,416.56599128301553,9
2024-09-16 12:55:58.461000,416.6211493683338,7
2024-09-16 12:55:58.524000,416.59711970602274,7
2024-09-16 12:55:58.556000,416.6240054483681,103
2024-09-16 12:55:58.672000,416.5746336020311,1004
2024-09-16 12:55:58.681000,416.6298122918528,10
2024-09-16 12:55:58.708000,416.5662274941698,996
2024-09-16 12:55:58.729000,416.6251215273192,999
2024-09-16 12:55:58.831000,416.6087010945009,7
2024-09-16 12:55:58.853000,416.63161199505214,8
2024-09-16 12:55:58.881000,416.61982887657183,105
2024-09-16 12:55:58.885000,416.61691337361214,998
2024-09-16 12:55:58.904000,416.6156801688455,8
2024-09-16 12:55:58.952000,416.6172060945663,97
2024-09-16 12:55:58.969000,416.62928554951816,10
2024-09-16 12:55:58.998000,416.5955060813139,996
2024-09-16 12:55:59.013000,416.6239201270561,100
2024-09-16 12:55:59.218000,416.61194714822375,104
2024-09-16 12:55:59.442000,416.63572465028943,101
2024-09-16 12:55:59.550000,416.6232159338024,7
2024-09-16 12:55:59.552000,416.6238428833188,12
2024-09-16 12:55:59.750000,416.6215575781943,7
2024-09-16 12:55:59.819000,416.6446442636008,101
2024-09-16 12:55:59.846000,416.6322624236692,105
2024-09-16 12:55:59.891000,416.635379787516,1002
2024-09-16 12:55:59.897000,416.6179676442995,999
