Timestamp,Price,Size
2024-09-16 14:29:00.013000,415.10456408770654,103
2024-09-16 14:29:00.044000,415.1612013419885,6
2024-09-16 14:29:00.074000,415.1172639502677,101
2024-09-16 14:29:00.112000,415.1649914219604,998
2024-09-16 14:29:00.115000,415.17663467427496,996
2024-09-16 14:29:00.137000,415.1550007596662,97
2024-09-16 14:29:00.142000,415.1109289696872,11
2024-09-16 14:29:00.149000,415.1540532146623,12
2024-09-16 14:29:00.171000,415.1170010755154,14
2024-09-16 14:29:00.230000,415.1457865690817,97
2024-09-16 14:29:00.383000,415.1427962690784,95
2024-09-16 14:29:00.387000,415.1831445156837,1004
2024-09-16 14:29:00.420000,415.1664282960796,1004
2024-09-16 14:29:00.442000,415.1776776359927,998
2024-09-16 14:29:00.458000,415.1430439014789,996
2024-09-16 14:29:00.535000,415.174125804814,101
2024-09-16 14:29:00.622000,415.1316928116145,1005
2024-09-16 14:29:00.662000,415.1536802344125,100
2024-09-16 14:29:00.676000,415.1480888547128,15
2024-09-16 14:29:00.683000,415.1553761197146,1003
2024-09-16 14:29:00.770000,415.1325653246625,1001
2024-09-16 14:29:00.772000,415.1531867274997,1002
2024-09-16 14:29:00.804000,415.1300985497194,100
2024-09-16 14:29:00.856000,415.168925935977,1005
2024-09-16 14:29:00.904000,415.1580881789842,7
2024-09-16 14:29:00.912000,415.1308043594192,7
2024-09-16 14:29:01.110000,415.1860992616273,1003
2024-09-16 14:29:01.125000,415.2430290010959,10
2024-09-16 14:29:01.129000,415.1864901124562,9
2024-09-16 14:29:01.129000,415.25478092802007,9
2024-09-16 14:29:01.161000,415.2492638549917,1000
2024-09-16 14:29:01.171000,415.2413317140854,7
2024-09-16 14:29:01.264000,415.2146745062572,10
2024-09-16 14:29:01.285000,415.2497710000207,7
2024-09-16 14:29:01.339000,415.2377554454691,1002
2024-09-16 14:29:01.381000,415.1880225294608,11
2024-09-16 14:29:01.434000,415.2173655271226,103
2024-09-16 14:29:01.449000,415.2160752116882,1004
2024-09-16 14:29:01.492000,415.23302074519466,14
2024-09-16 14:29:01.495000,415.2564274318576,1005
2024-09-16 14:29:01.559000,415.20154400951344,99
2024-09-16 14:29:01.643000,415.2585408597502,1004
2024-09-16 14:29:01.737000,415.27296776309015,102
2024-09-16 14:29:01.760000,415.2676816960846,14
2024-09-16 14:29:01.870000,415.2016492901722,999
2024-09-16 14:29:01.874000,415.24207684600367,97
2024-09-16 14:29:01.899000,415.2561380744169,6
2024-09-16 14:29:01.916000,415.2331263676562,1005
2024-09-16 14:29:01.942000,415.19583621222193,97
2024-09-16 14:29:01.965000,415.1910287950659,102
2024-09-16 14:29:02.225000,415.2583886193849,1000
2024-09-16 14:29:02.274000,415.2130862366929,104
2024-09-16 14:29:02.635000,415.2391137246897,995
2024-09-16 14:29:02.699000,415.228268217218,101
2024-09-16 14:29:02.712000,415.2332322595068,105
2024-09-16 14:29:02.844000,415.2489066230984,1000
2024-09-16 14:29:02.875000,415.2184405972954,104
2024-09-16 14:29:03.328000,415.245658644427,1005
2024-09-16 14:29:03.336000,415.2334045715102,10
2024-09-16 14:29:03.618000,415.24340337964793,105
2024-09-16 14:29:03.713000,415.2199222668483,1004
2024-09-16 14:29:04.019000,415.2445888484887,14
2024-09-16 14:29:04.065000,415.2430652919189,98
2024-09-16 14:29:04.087000,415.2453696586677,105
2024-09-16 14:29:04.167000,415.2490143299339,999
2024-09-16 14:29:04.280000,415.2454452213496,98
2024-09-16 14:29:04.349000,415.2456694465404,9
2024-09-16 14:29:04.390000,415.23043629916657,1000
2024-09-16 14:29:04.391000,415.25825001615937,103
2024-09-16 14:29:04.509000,415.2554975527357,100
2024-09-16 14:29:04.556000,415.2417749161255,103
2024-09-16 14:29:04.579000,415.2471525138178,997
2024-09-16 14:29:04.605000,415.256806594522,997
2024-09-16 14:29:04.752000,415.2390693673831,96
2024-09-16 14:29:04.774000,415.23636599769935,1002
2024-09-16 14:29:04.813000,415.24145675045776,103
2024-09-16 14:29:04.839000,415.2222132393508,6
2024-09-16 14:29:04.840000,415.2558758679224,999
2024-09-16 14:29:04.865000,415.2282772162126,1001
2024-09-16 14:29:04.981000,415.2313563877877,96
2024-09-16 14:29:05.016000,415.2263358281396,14
2024-09-16 14:29:05.058000,415.2257720618498,1004
2024-09-16 14:29:05.073000,415.2139384621989,95
2024-09-16 14:29:05.087000,415.2103935538962,9
2024-09-16 14:29:05.099000,415.2029113265034,105
2024-09-16 14:29:05.117000,415.2241757476089,996
2024-09-16 14:29:05.273000,415.2111335798155,95
2024-09-16 14:29:05.329000,415.2444336672701,1001
2024-09-16 14:29:05.371000,415.236172057475,6
2024-09-16 14:29:05.396000,415.2048379639749,997
2024-09-16 14:29:05.398000,415.20562654051,1003
2024-09-16 14:29:05.514000,415.2319022452845,7
2024-09-16 14:29:05.578000,415.2386004646369,1000
2024-09-16 14:29:05.632000,415.22081093864347,104
2024-09-16 14:29:05.682000,415.25358024853057,95
2024-09-16 14:29:05.783000,415.2232920782671,6
2024-09-16 14:29:05.852000,415.24637321269984,5
2024-09-16 14:29:05.933000,415.2300434373786,1005
2024-09-16 14:29:05.962000,415.246568278164,101
2024-09-16 14:29:05.975000,415.21724060059023,97
2024-09-16 14:29:06.050000,415.2380595597394,11
2024-09-16 14:29:06.124000,415.11059330526905,997
2024-09-16 14:29:06.140000,415.1631529869072,1001
2024-09-16 14:29:06.210000,415.2473272561904,999
2024-09-16 14:29:06.223000,415.1645248802975,998
2024-09-16 14:29:06.248000,415.1404928983561,98
2024-09-16 14:29:06.329000,415.1734281498636,9
2024-09-16 14:29:06.353000,415.1333105862332,99
2024-09-16 14:29:06.410000,415.16956733136993,99
2024-09-16 14:29:06.454000,415.1642266957623,96
2024-09-16 14:29:06.487000,415.1595008679816,1004
2024-09-16 14:29:06.489000,415.1656834442872,9
2024-09-16 14:29:06.492000,415.163010592717,5
2024-09-16 14:29:06.509000,415.2147067745067,8
2024-09-16 14:29:06.512000,415.18760806878703,11
2024-09-16 14:29:06.528000,415.240847710873,12
2024-09-16 14:29:06.533000,415.19137451953446,1001
2024-09-16 14:29:06.594000,415.136979284371,1001
2024-09-16 14:29:06.612000,415.2516990189128,1002
2024-09-16 14:29:06.640000,415.16298179032026,105
2024-09-16 14:29:06.684000,415.1812680053038,5
2024-09-16 14:29:06.685000,415.2523311821158,96
2024-09-16 14:29:06.705000,415.1426169091229,14
2024-09-16 14:29:06.878000,415.24838890028406,997
2024-09-16 14:29:06.897000,415.17133923279135,95
2024-09-16 14:29:06.898000,415.1527294919405,6
2024-09-16 14:29:06.914000,415.1280289149472,998
2024-09-16 14:29:06.955000,415.2216462849766,13
2024-09-16 14:29:07.004000,415.1429495311652,11
2024-09-16 14:29:07.135000,415.14451019578365,1002
2024-09-16 14:29:07.341000,415.13681630359247,10
2024-09-16 14:29:07.437000,415.1476055318332,5
2024-09-16 14:29:07.500000,415.14121991598506,999
2024-09-16 14:29:07.512000,415.1433629130152,15
2024-09-16 14:29:07.595000,415.1348508866066,95
2024-09-16 14:29:07.634000,415.1514169469577,996
2024-09-16 14:29:07.786000,415.1458396557999,995
2024-09-16 14:29:07.865000,415.1339265421631,10
2024-09-16 14:29:07.892000,415.1440643389762,8
2024-09-16 14:29:07.913000,415.1582031576094,97
2024-09-16 14:29:07.970000,415.1334969131304,1004
2024-09-16 14:29:08.087000,415.1503509180749,995
2024-09-16 14:29:08.089000,415.1427708389325,1002
2024-09-16 14:29:08.111000,415.1630614846426,1003
2024-09-16 14:29:08.162000,415.19810897701,996
2024-09-16 14:29:08.169000,415.1989917376808,105
2024-09-16 14:29:08.214000,415.1552648522396,1000
2024-09-16 14:29:08.232000,415.186293852568,95
2024-09-16 14:29:08.386000,415.2223879896745,13
2024-09-16 14:29:08.437000,415.1972141182464,9
2024-09-16 14:29:08.448000,415.1862369548214,1003
2024-09-16 14:29:08.485000,415.2166966601599,98
2024-09-16 14:29:08.541000,415.19414100165176,96
2024-09-16 14:29:08.544000,415.2151291959317,1004
2024-09-16 14:29:08.658000,415.1475369941846,103
2024-09-16 14:29:08.683000,415.1488065726745,15
2024-09-16 14:29:08.687000,415.1667536958594,1002
2024-09-16 14:29:08.706000,415.2107847442767,1000
2024-09-16 14:29:08.724000,415.183755159397,97
2024-09-16 14:29:08.746000,415.150044077324,99
2024-09-16 14:29:08.826000,415.14219590231374,999
2024-09-16 14:29:08.835000,415.1845784579463,1003
2024-09-16 14:29:08.849000,415.2155589088519,9
2024-09-16 14:29:08.867000,415.2138674529599,5
2024-09-16 14:29:08.922000,415.1296902931111,1002
2024-09-16 14:29:08.974000,415.1654346290223,1005
2024-09-16 14:29:09.284000,415.1234997590165,996
2024-09-16 14:29:09.629000,415.1269844557002,11
2024-09-16 14:29:10.105000,415.1165053467468,1002
2024-09-16 14:29:10.195000,415.1299059245714,95
2024-09-16 14:29:10.259000,415.1275740920306,1002
2024-09-16 14:29:10.262000,415.1318681365906,103
2024-09-16 14:29:10.403000,415.1381705566896,98
2024-09-16 14:29:10.411000,415.1199407750332,8
2024-09-16 14:29:10.421000,415.1248292792871,996
2024-09-16 14:29:10.601000,415.1141552047384,15
2024-09-16 14:29:10.998000,415.1151824135395,1004
2024-09-16 14:29:11.058000,415.07793608622507,98
2024-09-16 14:29:11.174000,415.1035418260898,7
2024-09-16 14:29:11.287000,415.12394916880334,999
2024-09-16 14:29:11.372000,415.1109304440133,9
2024-09-16 14:29:11.433000,415.131322514944,11
2024-09-16 14:29:11.475000,415.1061102291037,997
2024-09-16 14:29:11.481000,415.114628778248,995
2024-09-16 14:29:11.513000,415.13522436871216,96
2024-09-16 14:29:11.527000,415.1248067360834,1004
2024-09-16 14:29:11.625000,415.105913523746,7
2024-09-16 14:29:11.709000,415.0844406426592,13
2024-09-16 14:29:11.763000,415.11507732374287,104
2024-09-16 14:29:11.773000,415.1282766677479,15
2024-09-16 14:29:12.109000,415.08676499860223,103
2024-09-16 14:29:12.225000,415.0824181166016,105
2024-09-16 14:29:12.299000,415.07438557483255,96
2024-09-16 14:29:12.326000,415.0760991868984,12
2024-09-16 14:29:12.344000,415.0932224017653,997
2024-09-16 14:29:12.345000,415.08052672545705,104
2024-09-16 14:29:12.395000,415.0763645801325,1000
2024-09-16 14:29:12.448000,415.066162571869,6
2024-09-16 14:29:12.544000,415.063935920221,97
2024-09-16 14:29:12.605000,415.08511187497385,12
2024-09-16 14:29:12.612000,415.08238369129015,11
2024-09-16 14:29:12.614000,415.07518465567694,9
2024-09-16 14:29:12.687000,415.07543381513614,15
2024-09-16 14:29:12.708000,415.0793926170073,100
2024-09-16 14:29:12.710000,415.0590186395671,14
2024-09-16 14:29:12.743000,415.08406053517257,998
2024-09-16 14:29:12.773000,415.0887085098669,1001
2024-09-16 14:29:12.830000,415.0929942653927,13
2024-09-16 14:29:12.838000,415.07822195439456,998
2024-09-16 14:29:12.854000,415.0802861533834,11
2024-09-16 14:29:12.978000,415.0780881456959,96
2024-09-16 14:29:12.995000,415.0736156344349,104
2024-09-16 14:29:13.014000,415.0932422950272,1005
2024-09-16 14:29:13.078000,415.09178246356805,97
2024-09-16 14:29:13.093000,415.09471707253584,98
2024-09-16 14:29:13.183000,415.1153329138255,8
2024-09-16 14:29:13.192000,415.110329365982,997
2024-09-16 14:29:13.249000,415.0976452212156,96
2024-09-16 14:29:13.421000,415.1082942349896,997
2024-09-16 14:29:13.426000,415.0886431947701,1003
2024-09-16 14:29:13.482000,415.1217510082623,97
2024-09-16 14:29:13.615000,415.0931150945377,6
2024-09-16 14:29:13.615000,415.11013424764747,11
2024-09-16 14:29:13.681000,415.1013173706963,97
2024-09-16 14:29:13.744000,415.0948229336331,1000
2024-09-16 14:29:13.804000,415.0962286674445,1000
2024-09-16 14:29:13.898000,415.1006169190428,996
2024-09-16 14:29:14,415.07924795390846,105
2024-09-16 14:29:14.004000,415.0586926183876,7
2024-09-16 14:29:14.015000,415.072319516308,1001
2024-09-16 14:29:14.045000,415.0887528151793,10
2024-09-16 14:29:14.118000,415.0767547606868,95
2024-09-16 14:29:14.239000,415.07761826097936,1003
2024-09-16 14:29:14.268000,415.0569528438015,104
2024-09-16 14:29:14.376000,415.0706795019215,1005
2024-09-16 14:29:14.475000,415.0738340888676,7
2024-09-16 14:29:14.511000,415.0830709317805,7
2024-09-16 14:29:14.575000,415.0627522355677,14
2024-09-16 14:29:14.583000,415.091579121877,15
2024-09-16 14:29:14.593000,415.0896211686521,97
2024-09-16 14:29:14.716000,415.08194867062485,98
2024-09-16 14:29:14.774000,415.0854388884121,100
2024-09-16 14:29:14.950000,415.1016315490642,998
2024-09-16 14:29:15.036000,415.11782927270445,101
2024-09-16 14:29:15.087000,415.1062359618535,105
2024-09-16 14:29:15.141000,415.1256612038261,998
2024-09-16 14:29:15.203000,415.08539288738615,997
2024-09-16 14:29:15.274000,415.1276049309097,10
2024-09-16 14:29:15.298000,415.0819591219772,11
2024-09-16 14:29:15.329000,415.08357791320464,5
2024-09-16 14:29:15.416000,415.1377736727149,1003
2024-09-16 14:29:15.438000,415.1234722870827,999
2024-09-16 14:29:15.520000,415.0864131068273,9
2024-09-16 14:29:15.614000,415.1018436675138,100
2024-09-16 14:29:15.641000,415.1492022385574,10
2024-09-16 14:29:15.858000,415.1311473543358,998
2024-09-16 14:29:15.921000,415.1059192656911,101
2024-09-16 14:29:15.946000,415.0910452610535,99
2024-09-16 14:29:15.961000,415.1285111243097,1005
2024-09-16 14:29:15.972000,415.137135473347,15
2024-09-16 14:29:15.990000,415.113217106174,995
2024-09-16 14:29:16.027000,415.122375087952,9
2024-09-16 14:29:16.296000,415.1163914953545,10
2024-09-16 14:29:16.317000,415.1087623638985,104
2024-09-16 14:29:16.432000,415.1360867321145,96
2024-09-16 14:29:16.457000,415.1413653349017,8
2024-09-16 14:29:16.616000,415.1186390657277,15
2024-09-16 14:29:16.727000,415.1410018333204,96
2024-09-16 14:29:16.813000,415.1216419178202,999
2024-09-16 14:29:16.865000,415.13517366101695,8
2024-09-16 14:29:16.909000,415.1177164367471,997
2024-09-16 14:29:17.034000,415.0736833638536,96
2024-09-16 14:29:17.165000,415.0641518587173,5
2024-09-16 14:29:17.245000,415.1157753105789,97
2024-09-16 14:29:17.331000,415.0999434886788,1005
2024-09-16 14:29:17.339000,415.0985990707982,1005
2024-09-16 14:29:17.432000,415.07168793606337,999
2024-09-16 14:29:17.457000,415.09023270323,998
2024-09-16 14:29:17.499000,415.09268490158354,998
2024-09-16 14:29:17.512000,415.0927743421505,99
2024-09-16 14:29:17.654000,415.0881082509477,9
2024-09-16 14:29:17.749000,415.0753550787042,999
2024-09-16 14:29:17.756000,415.0949104269969,102
2024-09-16 14:29:17.764000,415.08768946403495,98
2024-09-16 14:29:17.809000,415.0872753468902,10
2024-09-16 14:29:17.960000,415.0709072150336,12
2024-09-16 14:29:18.554000,415.108956148092,6
2024-09-16 14:29:18.724000,415.10100924600334,5
2024-09-16 14:29:18.778000,415.1003660375284,95
2024-09-16 14:29:19.338000,415.0756543179921,6
2024-09-16 14:29:19.395000,415.089340681792,7
2024-09-16 14:29:19.552000,415.0521123690092,95
2024-09-16 14:29:19.692000,415.06121778083855,103
2024-09-16 14:29:20.063000,415.0310330077952,14
2024-09-16 14:29:20.077000,414.9022126588344,6
2024-09-16 14:29:20.146000,414.9399846827341,101
2024-09-16 14:29:20.169000,414.9349483701982,101
2024-09-16 14:29:20.273000,415.0086939754639,1001
2024-09-16 14:29:20.412000,415.04786691213866,15
2024-09-16 14:29:20.419000,414.9511702677197,101
2024-09-16 14:29:20.426000,415.0524597078994,1003
2024-09-16 14:29:20.463000,414.9354948549438,10
2024-09-16 14:29:20.478000,415.02475075159606,14
2024-09-16 14:29:20.508000,414.9910252209996,102
2024-09-16 14:29:20.509000,415.0078066882844,1000
2024-09-16 14:29:20.601000,414.8937391269423,11
2024-09-16 14:29:20.602000,415.0272389181236,5
2024-09-16 14:29:20.652000,415.0327178405194,997
2024-09-16 14:29:20.673000,414.9758063130652,11
2024-09-16 14:29:20.687000,414.9747862319583,101
2024-09-16 14:29:20.699000,414.9492983483289,103
2024-09-16 14:29:20.780000,414.9060795734886,1005
2024-09-16 14:29:20.812000,414.94490209521393,996
2024-09-16 14:29:20.839000,414.9241402985328,11
2024-09-16 14:29:20.844000,414.8993970151194,100
2024-09-16 14:29:20.960000,414.8946434074962,6
2024-09-16 14:29:20.995000,414.9575896354274,995
2024-09-16 14:29:21.027000,414.8801715276707,1000
2024-09-16 14:29:21.094000,414.8799002587312,103
2024-09-16 14:29:21.116000,414.8900754188404,15
2024-09-16 14:29:21.264000,414.8913142977245,995
2024-09-16 14:29:21.308000,414.8935993310711,101
2024-09-16 14:29:21.393000,414.9035276007347,8
2024-09-16 14:29:21.583000,414.8994508192308,999
2024-09-16 14:29:21.818000,414.88980582486977,1001
2024-09-16 14:29:21.865000,414.89781438874513,1002
2024-09-16 14:29:21.920000,414.88649045195086,103
2024-09-16 14:29:21.950000,414.89201319221047,1004
2024-09-16 14:29:21.960000,414.87900674784754,1000
2024-09-16 14:29:21.978000,414.882465022444,13
2024-09-16 14:29:22.234000,414.8743670127233,8
2024-09-16 14:29:22.306000,414.85848964531016,995
2024-09-16 14:29:22.369000,414.86442207291935,997
2024-09-16 14:29:22.415000,414.8646491018767,100
2024-09-16 14:29:22.432000,414.8607153660112,998
2024-09-16 14:29:22.512000,414.88942564033295,95
2024-09-16 14:29:22.654000,414.8863395334656,7
2024-09-16 14:29:22.666000,414.88627577072606,13
2024-09-16 14:29:22.691000,414.8798479106582,98
2024-09-16 14:29:22.703000,414.8768241569522,95
2024-09-16 14:29:22.709000,414.8740639577503,98
2024-09-16 14:29:22.761000,414.8474125830821,1001
2024-09-16 14:29:22.830000,414.8564467218361,14
2024-09-16 14:29:22.834000,414.90302041103416,104
2024-09-16 14:29:22.895000,414.8637311698576,999
2024-09-16 14:29:22.948000,414.84525149783474,1002
2024-09-16 14:29:22.967000,414.8517283354629,997
2024-09-16 14:29:23.167000,414.7426945993564,97
2024-09-16 14:29:23.237000,414.8876765181034,1001
2024-09-16 14:29:23.243000,414.8772721583588,101
2024-09-16 14:29:23.251000,414.9238894070498,1002
2024-09-16 14:29:23.295000,414.9153604925498,15
2024-09-16 14:29:23.343000,414.8920530137471,98
2024-09-16 14:29:23.375000,414.9223824748717,7
2024-09-16 14:29:23.393000,414.8181362736168,1001
2024-09-16 14:29:23.438000,414.818886524974,105
2024-09-16 14:29:23.495000,414.9108540690266,14
2024-09-16 14:29:23.511000,414.7486545949783,100
2024-09-16 14:29:23.515000,414.8118920904871,101
2024-09-16 14:29:23.556000,414.9270216640121,1002
2024-09-16 14:29:23.619000,414.9129196066679,1005
2024-09-16 14:29:23.634000,414.7920526567234,1004
2024-09-16 14:29:23.643000,414.84610255605975,96
2024-09-16 14:29:23.676000,414.92997445235824,997
2024-09-16 14:29:23.694000,414.9231166607367,105
2024-09-16 14:29:23.740000,414.7630737318956,102
2024-09-16 14:29:23.774000,414.7618556124493,12
2024-09-16 14:29:23.841000,414.9129774645756,9
2024-09-16 14:29:23.948000,414.9272485926856,98
2024-09-16 14:29:23.950000,414.8912206311769,12
2024-09-16 14:29:23.961000,414.7742841325007,999
2024-09-16 14:29:24.031000,414.74545568663007,1000
2024-09-16 14:29:24.053000,414.7513425566188,100
2024-09-16 14:29:24.311000,414.746678991417,103
2024-09-16 14:29:24.389000,414.7440462074265,8
2024-09-16 14:29:24.443000,414.730717713415,105
2024-09-16 14:29:24.653000,414.7261398014936,101
2024-09-16 14:29:24.665000,414.7638841695624,1004
2024-09-16 14:29:25.121000,414.7564964218336,996
2024-09-16 14:29:25.767000,414.7314803740187,11
2024-09-16 14:29:25.931000,414.7527891598635,998
2024-09-16 14:29:25.991000,414.7440500508711,14
2024-09-16 14:29:26.163000,414.7775696337098,996
2024-09-16 14:29:26.503000,414.7970141828836,12
2024-09-16 14:29:26.507000,414.810354303587,104
2024-09-16 14:29:26.705000,414.76273744986617,1000
2024-09-16 14:29:26.763000,414.7639302647922,9
2024-09-16 14:29:26.876000,414.8378597786521,1000
2024-09-16 14:29:27.028000,414.8460224835285,14
2024-09-16 14:29:27.036000,414.8739254040929,1000
2024-09-16 14:29:27.041000,414.8201334538179,997
2024-09-16 14:29:27.095000,414.8566139883817,1002
2024-09-16 14:29:27.114000,414.8476060232015,996
2024-09-16 14:29:27.132000,414.84408667268247,104
2024-09-16 14:29:27.170000,414.8782624629928,11
2024-09-16 14:29:27.179000,414.8412200300131,15
2024-09-16 14:29:27.289000,414.8436771726496,100
2024-09-16 14:29:27.368000,414.832807968941,1001
2024-09-16 14:29:27.372000,414.84281176281473,9
2024-09-16 14:29:27.393000,414.8276195200993,10
2024-09-16 14:29:27.421000,414.8671711897141,98
2024-09-16 14:29:27.481000,414.8785738683386,997
2024-09-16 14:29:27.494000,414.8348413838672,101
2024-09-16 14:29:27.509000,414.8811389733892,102
2024-09-16 14:29:27.619000,414.8562844263992,1001
2024-09-16 14:29:27.624000,414.8647047482108,9
2024-09-16 14:29:27.638000,414.8489434376275,8
2024-09-16 14:29:27.712000,414.8958674822867,11
2024-09-16 14:29:27.734000,414.8700594367212,997
2024-09-16 14:29:27.738000,414.8549083565954,100
2024-09-16 14:29:27.762000,414.8392527104643,5
2024-09-16 14:29:27.834000,414.84715672147,12
2024-09-16 14:29:27.876000,414.8637608485319,997
2024-09-16 14:29:27.883000,414.81865912275,998
2024-09-16 14:29:27.905000,414.8827662103242,104
2024-09-16 14:29:27.936000,414.8469490245113,999
2024-09-16 14:29:27.942000,414.8495475758672,103
2024-09-16 14:29:28.025000,414.8580256102608,100
2024-09-16 14:29:28.028000,414.854629380837,1002
2024-09-16 14:29:28.160000,414.8456402199346,97
2024-09-16 14:29:28.220000,414.8532916523285,1000
2024-09-16 14:29:28.221000,414.8693824922596,96
2024-09-16 14:29:28.306000,414.86890284202747,100
2024-09-16 14:29:28.408000,414.8731663318919,9
2024-09-16 14:29:28.435000,414.84987662004863,96
2024-09-16 14:29:28.511000,414.873107187849,96
2024-09-16 14:29:28.615000,414.83248035004993,100
2024-09-16 14:29:28.659000,414.87572504871673,13
2024-09-16 14:29:28.695000,414.8504989843058,97
2024-09-16 14:29:28.719000,414.8606318337109,1004
2024-09-16 14:29:28.814000,414.8480332278695,98
2024-09-16 14:29:28.877000,414.8446975674132,103
2024-09-16 14:29:29.068000,414.8517238536554,102
2024-09-16 14:29:29.184000,414.8177026214334,11
2024-09-16 14:29:29.312000,414.8461456833151,95
2024-09-16 14:29:29.322000,414.854367197684,12
2024-09-16 14:29:29.340000,414.86239496870417,1001
2024-09-16 14:29:29.348000,414.824730914982,14
2024-09-16 14:29:29.451000,414.87267176905874,1000
2024-09-16 14:29:29.489000,414.8420729370857,6
2024-09-16 14:29:29.492000,414.88574798895854,996
2024-09-16 14:29:29.711000,414.82796802306666,101
2024-09-16 14:29:29.724000,414.82983002764,99
2024-09-16 14:29:29.726000,414.8433896677104,1001
2024-09-16 14:29:29.777000,414.8376155007832,7
2024-09-16 14:29:29.791000,414.8341342780344,998
2024-09-16 14:29:29.802000,414.8279489480508,96
2024-09-16 14:29:29.824000,414.8265371852885,14
2024-09-16 14:29:29.864000,414.8228828092709,12
2024-09-16 14:29:29.871000,414.8529638578312,103
2024-09-16 14:29:29.913000,414.8509541919564,13
2024-09-16 14:29:29.978000,414.8478578467599,104
2024-09-16 14:29:30.044000,414.9107611718085,95
2024-09-16 14:29:30.133000,414.9212294716983,1001
2024-09-16 14:29:30.220000,414.8717699821879,999
2024-09-16 14:29:30.362000,414.8720057857248,14
2024-09-16 14:29:30.370000,414.8832367643264,100
2024-09-16 14:29:30.533000,414.9246168646157,12
2024-09-16 14:29:30.551000,414.9295204811559,1004
2024-09-16 14:29:30.561000,414.9204053810134,102
2024-09-16 14:29:30.728000,414.8876202829515,105
2024-09-16 14:29:30.749000,414.9194958235745,103
2024-09-16 14:29:30.761000,414.9081089725628,1004
2024-09-16 14:29:30.904000,414.9301800049819,9
2024-09-16 14:29:30.945000,414.8763829091784,1004
2024-09-16 14:29:31.148000,414.91959199485495,103
2024-09-16 14:29:31.309000,414.8934081489593,999
2024-09-16 14:29:31.521000,414.9047983640424,1001
2024-09-16 14:29:31.715000,414.896020639165,997
2024-09-16 14:29:32.017000,414.883087103701,12
2024-09-16 14:29:32.049000,414.8861983841993,101
2024-09-16 14:29:32.085000,414.847367955898,95
2024-09-16 14:29:32.152000,414.8704409387974,96
2024-09-16 14:29:32.185000,414.85297127939606,1001
2024-09-16 14:29:32.221000,414.88887906501367,97
2024-09-16 14:29:32.244000,414.87738261537584,5
2024-09-16 14:29:32.328000,414.8818397016379,98
2024-09-16 14:29:32.353000,414.87939272716346,101
2024-09-16 14:29:32.401000,414.917337849212,103
2024-09-16 14:29:32.409000,414.9167952661631,995
2024-09-16 14:29:32.459000,414.8292408013221,12
2024-09-16 14:29:32.460000,414.8905077194341,1005
2024-09-16 14:29:32.481000,414.8581433319922,101
2024-09-16 14:29:32.532000,414.8695408304527,104
2024-09-16 14:29:32.613000,414.8589267315721,7
2024-09-16 14:29:32.636000,414.8917606281499,100
2024-09-16 14:29:32.672000,414.8679956485796,7
2024-09-16 14:29:32.708000,414.9240041437356,103
2024-09-16 14:29:32.858000,414.86945302536185,998
2024-09-16 14:29:32.873000,414.9110032863844,98
2024-09-16 14:29:32.902000,414.86538951618616,15
2024-09-16 14:29:32.908000,414.90960193976736,99
2024-09-16 14:29:33.302000,414.9086525424353,997
2024-09-16 14:29:33.323000,414.91589067071936,13
2024-09-16 14:29:33.346000,414.91239007229217,5
2024-09-16 14:29:33.600000,414.87153473590246,105
2024-09-16 14:29:33.609000,414.8920375389451,996
2024-09-16 14:29:33.612000,414.88586876220063,6
2024-09-16 14:29:33.874000,414.90525307794655,997
2024-09-16 14:29:33.913000,414.8899244231578,102
2024-09-16 14:29:34.368000,414.88075046163294,1005
2024-09-16 14:29:34.651000,414.8631786642853,7
2024-09-16 14:29:34.799000,414.8699046967387,105
2024-09-16 14:29:35.140000,414.85190917568536,5
2024-09-16 14:29:35.296000,414.86827714797136,1000
2024-09-16 14:29:35.544000,414.83558473324695,1005
2024-09-16 14:29:36.140000,414.7718632824886,5
2024-09-16 14:29:36.235000,414.7780997030439,1003
2024-09-16 14:29:36.268000,414.7542850618416,1003
2024-09-16 14:29:36.280000,414.7692447025094,1005
2024-09-16 14:29:36.301000,414.762797129586,7
2024-09-16 14:29:36.475000,414.7466668071641,13
2024-09-16 14:29:36.552000,414.7827753819426,14
2024-09-16 14:29:36.568000,414.7795461503295,15
2024-09-16 14:29:36.682000,414.79889762875393,1005
2024-09-16 14:29:36.711000,414.7551670420513,1005
2024-09-16 14:29:36.746000,414.72424331952885,99
2024-09-16 14:29:36.802000,414.8008985176362,11
2024-09-16 14:29:36.924000,414.7592457047495,96
2024-09-16 14:29:36.924000,414.7461675541,103
2024-09-16 14:29:36.949000,414.7635779457164,996
2024-09-16 14:29:37.005000,414.6634298760613,997
2024-09-16 14:29:37.020000,414.6987898403335,995
2024-09-16 14:29:37.029000,414.6502085873014,15
2024-09-16 14:29:37.090000,414.64182976287344,1003
2024-09-16 14:29:37.106000,414.7052609768934,12
2024-09-16 14:29:37.172000,414.65398672821743,998
2024-09-16 14:29:37.215000,414.7006142798214,102
2024-09-16 14:29:37.244000,414.70338056740536,105
2024-09-16 14:29:37.248000,414.6448028589599,104
2024-09-16 14:29:37.259000,414.66013899165415,8
2024-09-16 14:29:37.273000,414.74083079685,999
2024-09-16 14:29:37.326000,414.70829395423175,996
2024-09-16 14:29:37.330000,414.7206953053787,9
2024-09-16 14:29:37.424000,414.71851460068905,98
2024-09-16 14:29:37.428000,414.6728285934939,97
2024-09-16 14:29:37.522000,414.7286580695989,1001
2024-09-16 14:29:37.560000,414.6877781115023,105
2024-09-16 14:29:37.567000,414.64979384894855,14
2024-09-16 14:29:37.627000,414.6982887046953,1004
2024-09-16 14:29:37.644000,414.7191974605517,999
2024-09-16 14:29:37.718000,414.7122333914115,101
2024-09-16 14:29:37.724000,414.6893381715421,1000
2024-09-16 14:29:37.850000,414.7039022717096,14
2024-09-16 14:29:38.110000,414.72976804831967,1003
2024-09-16 14:29:38.132000,414.7559090057732,1005
2024-09-16 14:29:38.248000,414.73945613854426,1005
2024-09-16 14:29:38.300000,414.7257972204279,99
2024-09-16 14:29:38.600000,414.7574139998643,15
2024-09-16 14:29:38.635000,414.73088974207786,1004
2024-09-16 14:29:38.641000,414.7347844306413,1005
2024-09-16 14:29:38.714000,414.73620301200685,996
2024-09-16 14:29:38.762000,414.7330472198561,99
2024-09-16 14:29:38.763000,414.7565858184248,95
2024-09-16 14:29:38.892000,414.76624235873896,97
2024-09-16 14:29:38.899000,414.7345978049693,96
2024-09-16 14:29:38.901000,414.7692976560013,12
2024-09-16 14:29:38.909000,414.7507135369059,6
2024-09-16 14:29:38.986000,414.7192628353415,1005
2024-09-16 14:29:38.996000,414.737038339538,995
2024-09-16 14:29:39.055000,414.77519790425504,98
2024-09-16 14:29:39.117000,414.729132454589,95
2024-09-16 14:29:39.292000,414.7442881018592,8
2024-09-16 14:29:39.349000,414.74776969265366,997
2024-09-16 14:29:39.482000,414.75413857637,995
2024-09-16 14:29:39.490000,414.73621826733046,1001
2024-09-16 14:29:39.615000,414.7405961087858,99
2024-09-16 14:29:39.664000,414.7475263216935,103
2024-09-16 14:29:39.666000,414.7358444462052,1005
2024-09-16 14:29:39.692000,414.7587042397959,995
2024-09-16 14:29:39.746000,414.7369819639943,102
2024-09-16 14:29:39.808000,414.7437002507555,1005
2024-09-16 14:29:39.976000,414.74969786462566,95
2024-09-16 14:29:39.997000,414.73537333632686,1001
2024-09-16 14:29:40.130000,414.7527390071893,10
2024-09-16 14:29:40.213000,414.7534636050152,14
2024-09-16 14:29:40.530000,414.745814572786,102
2024-09-16 14:29:41.324000,414.7860233940265,96
2024-09-16 14:29:41.552000,414.7577629845533,1004
2024-09-16 14:29:41.751000,414.7769013008498,1002
2024-09-16 14:29:41.874000,414.7805783849834,1003
2024-09-16 14:29:41.883000,414.77458130117634,97
2024-09-16 14:29:42.012000,414.7048337809578,105
2024-09-16 14:29:42.129000,414.7108715821899,12
2024-09-16 14:29:42.131000,414.700066518849,98
2024-09-16 14:29:42.161000,414.7270391027551,998
2024-09-16 14:29:42.214000,414.7004721590425,1003
2024-09-16 14:29:42.306000,414.7076689987877,997
2024-09-16 14:29:42.372000,414.7294170163941,1003
2024-09-16 14:29:42.428000,414.7674832067386,12
2024-09-16 14:29:42.472000,414.7146266572819,1002
2024-09-16 14:29:42.496000,414.72157024503576,1003
2024-09-16 14:29:42.527000,414.7280532892743,14
2024-09-16 14:29:42.594000,414.6979899940838,104
2024-09-16 14:29:42.852000,414.7543458804722,1003
2024-09-16 14:29:42.865000,414.7105439639162,8
2024-09-16 14:29:42.893000,414.7231482695668,7
2024-09-16 14:29:43.002000,414.69097399271095,100
2024-09-16 14:29:43.034000,414.6963175085965,6
2024-09-16 14:29:43.062000,414.6821686575719,1001
2024-09-16 14:29:43.093000,414.6921930855229,102
2024-09-16 14:29:43.173000,414.68904678214574,999
2024-09-16 14:29:43.210000,414.7151578372735,98
2024-09-16 14:29:43.261000,414.6833849742231,14
2024-09-16 14:29:43.304000,414.6880661675957,1003
2024-09-16 14:29:43.339000,414.7168424538887,14
2024-09-16 14:29:43.354000,414.684596022009,100
2024-09-16 14:29:43.362000,414.68002356848206,1000
2024-09-16 14:29:43.395000,414.6895664969433,1000
2024-09-16 14:29:43.421000,414.6910866325082,7
2024-09-16 14:29:43.487000,414.6978260146952,996
2024-09-16 14:29:43.520000,414.70250487769647,101
2024-09-16 14:29:43.574000,414.69661501134925,997
2024-09-16 14:29:43.583000,414.6823036635759,1004
2024-09-16 14:29:43.598000,414.715883309388,999
2024-09-16 14:29:43.616000,414.6974044563512,98
2024-09-16 14:29:43.621000,414.7033291715793,96
2024-09-16 14:29:43.625000,414.6919417194175,1002
2024-09-16 14:29:43.655000,414.7158068583427,13
2024-09-16 14:29:43.698000,414.6926848125705,6
2024-09-16 14:29:43.701000,414.7017418159804,9
2024-09-16 14:29:43.735000,414.70754851532325,1005
2024-09-16 14:29:43.798000,414.70520246567486,15
2024-09-16 14:29:43.949000,414.6748056962588,995
2024-09-16 14:29:43.988000,414.7081481874757,996
2024-09-16 14:29:44.012000,414.6969745009552,995
2024-09-16 14:29:44.692000,414.67795605873954,995
2024-09-16 14:29:44.801000,414.6996007052269,6
2024-09-16 14:29:45.051000,414.6670404572006,101
2024-09-16 14:29:45.053000,414.6944622731479,998
2024-09-16 14:29:45.084000,414.688420046537,96
2024-09-16 14:29:45.450000,414.69049528276656,10
2024-09-16 14:29:45.635000,414.6502093394726,997
2024-09-16 14:29:46.077000,414.6673759474656,98
2024-09-16 14:29:46.114000,414.6636498821379,98
2024-09-16 14:29:46.219000,414.6535287461526,103
2024-09-16 14:29:46.369000,414.67207191127966,997
2024-09-16 14:29:47.003000,414.7121049095965,995
2024-09-16 14:29:47.012000,414.71703143021546,1004
2024-09-16 14:29:47.053000,414.70957717075294,97
2024-09-16 14:29:47.072000,414.6859526603252,15
2024-09-16 14:29:47.111000,414.691078812405,996
2024-09-16 14:29:47.116000,414.6965372130774,13
2024-09-16 14:29:47.176000,414.7213371482218,996
2024-09-16 14:29:47.216000,414.7053551213182,997
2024-09-16 14:29:47.337000,414.7129603067593,104
2024-09-16 14:29:47.345000,414.7110823659435,104
2024-09-16 14:29:47.471000,414.7228784048553,1003
2024-09-16 14:29:47.577000,414.6927363771299,101
2024-09-16 14:29:47.777000,414.7136483320311,8
2024-09-16 14:29:47.795000,414.7184765595987,995
2024-09-16 14:29:47.976000,414.6874898577745,104
2024-09-16 14:29:48.016000,414.72431035837417,100
2024-09-16 14:29:48.030000,414.7600384819329,1002
2024-09-16 14:29:48.069000,414.7760529071444,997
2024-09-16 14:29:48.117000,414.73855889261966,11
2024-09-16 14:29:48.166000,414.8016537466534,998
2024-09-16 14:29:48.184000,414.7811995630443,14
2024-09-16 14:29:48.254000,414.7747798038463,14
2024-09-16 14:29:48.277000,414.7746944096058,12
2024-09-16 14:29:48.286000,414.7191529325045,1001
2024-09-16 14:29:48.298000,414.7501137824801,10
2024-09-16 14:29:48.329000,414.809302686015,10
2024-09-16 14:29:48.386000,414.72798760154143,104
2024-09-16 14:29:48.410000,414.7929333377505,105
2024-09-16 14:29:48.422000,414.7610270025489,96
2024-09-16 14:29:48.576000,414.74099500027125,11
2024-09-16 14:29:48.604000,414.7534161090249,97
2024-09-16 14:29:48.653000,414.79422146488406,5
2024-09-16 14:29:48.669000,414.75257116148,997
2024-09-16 14:29:48.686000,414.7905980254652,103
2024-09-16 14:29:48.717000,414.7767935685921,997
2024-09-16 14:29:48.751000,414.7678906619443,97
2024-09-16 14:29:48.764000,414.7660803164329,995
2024-09-16 14:29:48.784000,414.7892589524774,95
2024-09-16 14:29:48.785000,414.7636447248033,99
2024-09-16 14:29:48.847000,414.792600358212,13
2024-09-16 14:29:48.867000,414.7877185046431,996
2024-09-16 14:29:48.875000,414.73102842275375,95
2024-09-16 14:29:48.905000,414.7464102234735,99
2024-09-16 14:29:48.926000,414.7773412584269,10
2024-09-16 14:29:49.020000,414.7934593434085,96
2024-09-16 14:29:49.032000,414.803277049482,5
2024-09-16 14:29:49.042000,414.79509391173286,15
2024-09-16 14:29:49.162000,414.8066752958432,998
2024-09-16 14:29:49.170000,414.8137213203101,95
2024-09-16 14:29:49.180000,414.7801742820701,15
2024-09-16 14:29:49.276000,414.7983834675485,95
2024-09-16 14:29:49.305000,414.7418541952598,96
2024-09-16 14:29:49.360000,414.8047182535915,96
2024-09-16 14:29:49.385000,414.7835305597066,95
2024-09-16 14:29:49.435000,414.7794050832029,100
2024-09-16 14:29:49.483000,414.76299223575495,5
2024-09-16 14:29:49.500000,414.8075474490976,10
2024-09-16 14:29:49.539000,414.79105927570896,101
2024-09-16 14:29:49.585000,414.7526843046091,999
2024-09-16 14:29:49.600000,414.7935133908682,101
2024-09-16 14:29:49.757000,414.8140830291324,14
2024-09-16 14:29:49.765000,414.7384112507,998
2024-09-16 14:29:49.802000,414.7540106995552,12
2024-09-16 14:29:49.817000,414.77551607526425,7
2024-09-16 14:29:49.852000,414.7978546024455,14
2024-09-16 14:29:49.864000,414.8128399670389,5
2024-09-16 14:29:49.934000,414.7865228016077,5
2024-09-16 14:29:50.014000,414.7542259636992,10
2024-09-16 14:29:50.113000,414.77885730717855,999
2024-09-16 14:29:50.166000,414.7574378668691,105
2024-09-16 14:29:50.178000,414.7645308827116,7
2024-09-16 14:29:50.212000,414.7185888514911,15
2024-09-16 14:29:50.259000,414.7739181886551,1000
2024-09-16 14:29:50.390000,414.7621984871429,103
2024-09-16 14:29:50.446000,414.7555222833821,11
2024-09-16 14:29:50.458000,414.7644656995338,1002
2024-09-16 14:29:50.463000,414.74418080937977,996
2024-09-16 14:29:50.715000,414.7431316416139,101
2024-09-16 14:29:50.759000,414.733675453267,100
2024-09-16 14:29:50.844000,414.7547325375977,9
2024-09-16 14:29:50.872000,414.7801248373268,998
2024-09-16 14:29:50.902000,414.7128239548879,999
2024-09-16 14:29:51.089000,414.70413302696255,1005
2024-09-16 14:29:51.115000,414.6748212377023,6
2024-09-16 14:29:51.222000,414.6872919549396,1003
2024-09-16 14:29:51.299000,414.69395832598696,101
2024-09-16 14:29:51.373000,414.6899316353537,8
2024-09-16 14:29:51.412000,414.68916351309855,100
2024-09-16 14:29:51.722000,414.7220176996872,95
2024-09-16 14:29:51.882000,414.7314720137492,100
2024-09-16 14:29:51.920000,414.7253186533151,104
2024-09-16 14:29:52.292000,414.6792942826463,95
2024-09-16 14:29:52.334000,414.6817749323363,1001
2024-09-16 14:29:52.340000,414.68468995625534,1002
2024-09-16 14:29:52.421000,414.6995804001091,1004
2024-09-16 14:29:52.749000,414.70707817950495,1003
2024-09-16 14:29:52.778000,414.7165880678277,8
2024-09-16 14:29:52.785000,414.6644193616434,1004
2024-09-16 14:29:53.331000,414.657693976089,97
2024-09-16 14:29:53.346000,414.6764849877836,12
2024-09-16 14:29:53.948000,414.6715876149352,10
2024-09-16 14:29:54.013000,414.6707069562608,99
2024-09-16 14:29:54.045000,414.6588877511658,13
2024-09-16 14:29:54.064000,414.7153360760106,12
2024-09-16 14:29:54.107000,414.7754657500828,13
2024-09-16 14:29:54.108000,414.73159388695626,999
2024-09-16 14:29:54.161000,414.74513930865294,96
2024-09-16 14:29:54.209000,414.6418469093558,105
2024-09-16 14:29:54.243000,414.6641519081166,104
2024-09-16 14:29:54.248000,414.7909909230558,103
2024-09-16 14:29:54.251000,414.6487457024744,1003
2024-09-16 14:29:54.306000,414.6744573505484,996
2024-09-16 14:29:54.319000,414.69154780661273,14
2024-09-16 14:29:54.347000,414.6539475460075,998
2024-09-16 14:29:54.360000,414.6582716244448,1002
2024-09-16 14:29:54.394000,414.6437103992608,1002
2024-09-16 14:29:54.473000,414.67467071921993,10
2024-09-16 14:29:54.567000,414.6767480639974,105
2024-09-16 14:29:54.700000,414.7591881012046,98
2024-09-16 14:29:54.794000,414.6486566478959,98
2024-09-16 14:29:54.797000,414.6582142052658,10
2024-09-16 14:29:54.828000,414.7537813158402,103
2024-09-16 14:29:54.839000,414.6639708208802,105
2024-09-16 14:29:54.844000,414.6511551099977,5
2024-09-16 14:29:54.849000,414.6545748647685,15
2024-09-16 14:29:54.854000,414.7613828467587,98
2024-09-16 14:29:54.905000,414.66182859677457,1002
2024-09-16 14:29:54.910000,414.7566366308216,6
2024-09-16 14:29:54.926000,414.6349415502131,1001
2024-09-16 14:29:55.014000,414.7902284773311,996
2024-09-16 14:29:55.121000,414.8110517274144,105
2024-09-16 14:29:55.163000,414.78864162998417,15
2024-09-16 14:29:55.241000,414.8097655446732,103
2024-09-16 14:29:55.392000,414.8173065513479,995
2024-09-16 14:29:55.431000,414.8096474263754,15
2024-09-16 14:29:55.477000,414.8150947737217,97
2024-09-16 14:29:55.527000,414.7949500426532,9
2024-09-16 14:29:55.587000,414.799224128733,7
2024-09-16 14:29:55.720000,414.81793795126,13
2024-09-16 14:29:55.854000,414.7974146468978,11
2024-09-16 14:29:55.860000,414.8019631498825,11
2024-09-16 14:29:55.971000,414.7989412455087,101
2024-09-16 14:29:56.109000,414.8008918627733,995
2024-09-16 14:29:56.127000,414.8067123210472,1002
2024-09-16 14:29:56.883000,414.7960363530527,1000
2024-09-16 14:29:57.025000,414.818590435024,996
2024-09-16 14:29:57.179000,414.8212749403173,8
2024-09-16 14:29:57.187000,414.81431987679207,999
2024-09-16 14:29:57.302000,414.81244179902416,105
2024-09-16 14:29:57.356000,414.8149769578657,100
2024-09-16 14:29:57.460000,414.8196666879816,998
2024-09-16 14:29:57.744000,414.83753202861743,99
2024-09-16 14:29:57.755000,414.81539834161777,1004
2024-09-16 14:29:57.778000,414.8272521684107,14
2024-09-16 14:29:57.847000,414.80101102684375,103
2024-09-16 14:29:57.949000,414.8297494693536,98
2024-09-16 14:29:58.012000,414.8282727387328,10
2024-09-16 14:29:58.024000,414.8202281891287,997
2024-09-16 14:29:58.082000,414.819696934213,100
2024-09-16 14:29:58.113000,414.788574920601,998
2024-09-16 14:29:58.177000,414.81844096482286,105
2024-09-16 14:29:58.214000,414.7509805891468,1001
2024-09-16 14:29:58.328000,414.82661106010886,1004
2024-09-16 14:29:58.362000,414.8158104552763,996
2024-09-16 14:29:58.448000,414.78233340419536,1004
2024-09-16 14:29:58.498000,414.7695083800983,96
2024-09-16 14:29:58.519000,414.8152590822229,11
2024-09-16 14:29:58.559000,414.8070070088497,105
2024-09-16 14:29:58.615000,414.81178410034505,999
2024-09-16 14:29:58.666000,414.8195238316961,1004
2024-09-16 14:29:58.738000,414.8112273606108,1001
2024-09-16 14:29:58.744000,414.7681751220924,13
2024-09-16 14:29:58.749000,414.8087966804948,14
2024-09-16 14:29:58.785000,414.8050031864166,103
2024-09-16 14:29:58.854000,414.76119157082775,996
2024-09-16 14:29:58.879000,414.8366577445726,104
2024-09-16 14:29:58.889000,414.74621675082926,5
2024-09-16 14:29:58.995000,414.7492288689052,11
2024-09-16 14:29:59.151000,414.7594919671935,98
2024-09-16 14:29:59.179000,414.78687229167,99
2024-09-16 14:29:59.302000,414.74614280885226,6
2024-09-16 14:29:59.777000,414.7718461317958,1003
2024-09-16 14:29:59.791000,414.762069968774,997
2024-09-16 14:29:59.830000,414.7736529863378,997
2024-09-16 14:29:59.866000,414.7779440525976,11
2024-09-16 14:29:59.923000,414.7828728768383,102
