Timestamp,Price,Size
2024-09-18 15:10:00.407000,415.2753125467597,15
2024-09-18 15:10:00.502000,415.2779037055321,998
2024-09-18 15:10:00.686000,415.2766447686503,12
2024-09-18 15:10:00.970000,415.3080847068466,11
2024-09-18 15:10:01.054000,415.308763347208,1002
2024-09-18 15:10:01.217000,415.2850071685713,999
2024-09-18 15:10:01.739000,415.3128703962548,995
2024-09-18 15:10:01.969000,415.3036753114004,98
2024-09-18 15:10:02.064000,415.2902541291566,12
2024-09-18 15:10:02.085000,415.35298107568974,6
2024-09-18 15:10:02.180000,415.3797801702288,99
2024-09-18 15:10:02.192000,415.30220777417975,13
2024-09-18 15:10:02.312000,415.3805299636795,998
2024-09-18 15:10:02.329000,415.39537120514393,1000
2024-09-18 15:10:02.389000,415.3691201040204,996
2024-09-18 15:10:02.617000,415.3599875332567,997
2024-09-18 15:10:02.623000,415.3508715160847,998
2024-09-18 15:10:02.934000,415.3829088084008,99
2024-09-18 15:10:02.981000,415.3853406858954,10
2024-09-18 15:10:02.985000,415.3581975471504,14
2024-09-18 15:10:02.993000,415.3624909497683,995
2024-09-18 15:10:03.116000,415.3643353732129,997
2024-09-18 15:10:03.151000,415.3636536996826,105
2024-09-18 15:10:03.285000,415.35756882858976,7
2024-09-18 15:10:03.433000,415.3748888957956,5
2024-09-18 15:10:03.555000,415.3614943856082,5
2024-09-18 15:10:03.596000,415.37008477525865,8
2024-09-18 15:10:03.684000,415.3380535690883,102
2024-09-18 15:10:03.714000,415.3635928016458,10
2024-09-18 15:10:03.746000,415.3815620498432,13
2024-09-18 15:10:03.904000,415.3635881153097,999
2024-09-18 15:10:03.992000,415.364437127731,7
2024-09-18 15:10:04.083000,415.3305974463551,96
2024-09-18 15:10:04.120000,415.3381046942872,101
2024-09-18 15:10:04.168000,415.3340464693621,100
2024-09-18 15:10:04.313000,409.0611790351672,15
2024-09-18 15:10:04.669000,415.3205091922397,8
2024-09-18 15:10:04.747000,415.35421737824765,999
2024-09-18 15:10:04.789000,415.3256172380828,14
2024-09-18 15:10:05.249000,415.34359920878455,995
2024-09-18 15:10:05.249000,415.3385675309344,996
2024-09-18 15:10:05.519000,415.33359990875056,104
2024-09-18 15:10:05.634000,415.34513283942806,1001
2024-09-18 15:10:06.050000,415.34119115763,8
2024-09-18 15:10:06.090000,415.2724910307719,101
2024-09-18 15:10:06.310000,415.3217554779345,7
2024-09-18 15:10:06.320000,415.33772443054994,999
2024-09-18 15:10:06.514000,415.32985416487423,100
2024-09-18 15:10:06.580000,415.3352082677452,9
2024-09-18 15:10:06.593000,415.33034228304894,12
2024-09-18 15:10:06.631000,415.331402432783,1004
2024-09-18 15:10:06.771000,415.2896054651065,104
2024-09-18 15:10:06.810000,415.26288631647753,9
2024-09-18 15:10:06.866000,415.33941200241526,12
2024-09-18 15:10:06.874000,415.2625235442254,14
2024-09-18 15:10:06.935000,415.3158170125919,103
2024-09-18 15:10:06.963000,415.3405085479951,105
2024-09-18 15:10:07.022000,415.2630771084978,10
2024-09-18 15:10:07.032000,415.2997185197946,15
2024-09-18 15:10:07.035000,415.3017782027901,996
2024-09-18 15:10:07.054000,415.3069465890312,996
2024-09-18 15:10:07.067000,415.30068314832425,102
2024-09-18 15:10:07.117000,415.2691034410154,95
2024-09-18 15:10:07.242000,415.2966668091414,1005
2024-09-18 15:10:07.253000,415.2843339859487,996
2024-09-18 15:10:07.279000,415.30893197911246,103
2024-09-18 15:10:07.279000,415.2964681422681,97
2024-09-18 15:10:07.290000,415.30091047313175,1002
2024-09-18 15:10:07.406000,415.307265183993,1005
2024-09-18 15:10:07.434000,415.25619273197066,998
2024-09-18 15:10:07.617000,415.297716448654,103
2024-09-18 15:10:07.633000,415.3002350775543,1001
2024-09-18 15:10:07.644000,415.29040081108974,1002
2024-09-18 15:10:07.860000,415.2864546816286,996
2024-09-18 15:10:07.861000,415.2791895423797,100
2024-09-18 15:10:07.881000,415.2956491991143,10
2024-09-18 15:10:07.887000,415.3071567839282,12
2024-09-18 15:10:07.903000,415.3096843708468,105
2024-09-18 15:10:07.911000,415.28423288524976,14
2024-09-18 15:10:08.075000,415.3403758933848,1002
2024-09-18 15:10:08.145000,415.3123936658674,999
2024-09-18 15:10:08.704000,415.3099549979805,104
2024-09-18 15:10:08.734000,415.3139208123444,1002
2024-09-18 15:10:08.952000,415.3310208569129,7
2024-09-18 15:10:09.053000,415.3975201990423,13
2024-09-18 15:10:09.537000,415.38472016521337,7
2024-09-18 15:10:09.628000,415.3869406595062,105
2024-09-18 15:10:09.666000,415.372309710782,99
2024-09-18 15:10:09.736000,415.3599512457517,1004
2024-09-18 15:10:09.904000,415.3540195940051,998
2024-09-18 15:10:10.406000,415.3651770714108,96
2024-09-18 15:10:10.559000,415.37713042774527,100
2024-09-18 15:10:11.037000,415.3243798644028,99
2024-09-18 15:10:11.074000,415.3540852494235,95
2024-09-18 15:10:11.103000,415.3497502028178,1004
2024-09-18 15:10:11.239000,415.3381677494101,997
2024-09-18 15:10:11.285000,415.36002651977327,102
2024-09-18 15:10:11.745000,415.35977367302127,98
2024-09-18 15:10:11.883000,415.34557079640456,104
2024-09-18 15:10:12.047000,415.3656189876119,1005
2024-09-18 15:10:12.073000,415.3534290812682,999
2024-09-18 15:10:12.106000,415.3753909753901,104
2024-09-18 15:10:12.122000,415.38040276064345,15
2024-09-18 15:10:12.130000,415.3764649576237,97
2024-09-18 15:10:12.142000,415.3814186410162,102
2024-09-18 15:10:12.226000,415.35597425066106,1003
2024-09-18 15:10:12.230000,415.37719438269846,96
2024-09-18 15:10:12.237000,415.3725172862237,100
2024-09-18 15:10:12.244000,415.3720592246054,1003
2024-09-18 15:10:12.284000,415.3567797566289,105
2024-09-18 15:10:12.450000,415.36979073481126,995
2024-09-18 15:10:12.488000,415.3392424172313,10
2024-09-18 15:10:12.522000,415.3853899505904,999
2024-09-18 15:10:12.582000,415.3616531589138,15
2024-09-18 15:10:12.622000,415.336192136876,103
2024-09-18 15:10:12.711000,415.3646190953871,97
2024-09-18 15:10:12.714000,415.3833084437152,14
2024-09-18 15:10:12.801000,415.350136284869,14
2024-09-18 15:10:12.809000,415.38554328027016,1002
2024-09-18 15:10:12.812000,415.3715984538924,6
2024-09-18 15:10:12.817000,415.39613440831295,998
2024-09-18 15:10:12.820000,415.3419755700579,1005
2024-09-18 15:10:12.870000,415.3560070165269,996
2024-09-18 15:10:12.906000,415.3746678598932,13
2024-09-18 15:10:12.911000,415.3586686848856,104
2024-09-18 15:10:12.932000,415.3817141620653,7
2024-09-18 15:10:12.968000,415.3870605833972,1000
2024-09-18 15:10:13.019000,415.3252908641949,100
2024-09-18 15:10:13.072000,415.357657728641,102
2024-09-18 15:10:13.426000,415.35910014245127,103
2024-09-18 15:10:13.701000,415.3510852953257,995
2024-09-18 15:10:13.914000,415.3273709410605,96
2024-09-18 15:10:13.965000,415.3488192448864,12
2024-09-18 15:10:14.017000,415.3249428441858,1001
2024-09-18 15:10:14.074000,415.3633405626061,99
2024-09-18 15:10:14.090000,415.3685728521265,99
2024-09-18 15:10:14.097000,415.33569559943066,99
2024-09-18 15:10:14.121000,415.3314835424216,12
2024-09-18 15:10:14.146000,415.3671509559375,13
2024-09-18 15:10:14.163000,415.3422111065717,998
2024-09-18 15:10:14.321000,415.32270319566726,11
2024-09-18 15:10:14.426000,415.3760148629012,103
2024-09-18 15:10:14.524000,415.35592078604327,995
2024-09-18 15:10:14.715000,415.3456859981339,95
2024-09-18 15:10:14.748000,415.36461339366105,10
2024-09-18 15:10:14.928000,415.35106237606806,13
2024-09-18 15:10:14.957000,415.34395083402535,95
2024-09-18 15:10:14.966000,415.3185719768436,12
2024-09-18 15:10:14.981000,415.3460711218203,998
2024-09-18 15:10:15.134000,415.345244351636,1005
2024-09-18 15:10:15.169000,415.3440791830269,102
2024-09-18 15:10:15.176000,415.33836655330265,13
2024-09-18 15:10:15.207000,415.3409270351167,999
2024-09-18 15:10:15.238000,415.3404294140022,999
2024-09-18 15:10:15.257000,415.3213839314541,1004
2024-09-18 15:10:15.363000,415.321552157406,102
2024-09-18 15:10:15.501000,415.361517574232,999
2024-09-18 15:10:15.515000,415.35894736642337,995
2024-09-18 15:10:15.566000,415.3586547815031,13
2024-09-18 15:10:15.651000,415.3489411383336,103
2024-09-18 15:10:15.663000,415.33430720709725,995
2024-09-18 15:10:15.699000,415.3488055329612,103
2024-09-18 15:10:15.736000,415.33985957636935,97
2024-09-18 15:10:15.750000,415.3448092369736,15
2024-09-18 15:10:15.807000,415.3307858811477,12
2024-09-18 15:10:15.808000,415.3428095843592,100
2024-09-18 15:10:15.903000,415.31582495891183,1003
2024-09-18 15:10:16.008000,415.4163575400286,1005
2024-09-18 15:10:16.053000,415.3673957853188,995
2024-09-18 15:10:16.208000,415.39112127370856,13
2024-09-18 15:10:16.274000,415.4183505000999,1000
2024-09-18 15:10:16.359000,415.39948202244216,5
2024-09-18 15:10:16.374000,415.316563966919,1001
2024-09-18 15:10:16.450000,415.4060084476363,1000
2024-09-18 15:10:16.466000,415.3945812586425,96
2024-09-18 15:10:16.527000,415.4246545685597,105
2024-09-18 15:10:16.558000,415.3832845471493,100
2024-09-18 15:10:16.590000,415.3859593993176,97
2024-09-18 15:10:16.651000,415.4157480739456,1000
2024-09-18 15:10:16.682000,415.3372545112343,995
2024-09-18 15:10:16.687000,415.3968590340712,996
2024-09-18 15:10:16.697000,415.3896367408131,999
2024-09-18 15:10:16.697000,415.3833977096188,8
2024-09-18 15:10:16.721000,415.3798286359013,101
2024-09-18 15:10:16.805000,415.42374357688817,101
2024-09-18 15:10:16.808000,415.3848500599786,102
2024-09-18 15:10:16.885000,415.4159824025277,10
2024-09-18 15:10:16.899000,415.37616715928,1002
2024-09-18 15:10:16.951000,415.36837294573246,13
2024-09-18 15:10:16.985000,415.3896411455804,1000
2024-09-18 15:10:16.986000,415.35515508063554,1001
2024-09-18 15:10:17.046000,415.38748607421206,100
2024-09-18 15:10:17.213000,415.3736198088312,103
2024-09-18 15:10:17.227000,415.36106914153663,98
2024-09-18 15:10:17.232000,415.3632745489577,6
2024-09-18 15:10:17.366000,415.3813748233716,11
2024-09-18 15:10:17.437000,408.9536399455781,14
2024-09-18 15:10:17.552000,415.37140722144807,995
2024-09-18 15:10:17.592000,415.3639318528279,995
2024-09-18 15:10:17.626000,415.38592617687857,103
2024-09-18 15:10:17.632000,415.38841935694086,15
2024-09-18 15:10:17.671000,415.3451638469498,10
2024-09-18 15:10:17.694000,415.4049573707532,1004
2024-09-18 15:10:17.829000,415.3565598642709,996
2024-09-18 15:10:17.864000,415.3583579098826,999
2024-09-18 15:10:17.971000,415.3816324282696,998
2024-09-18 15:10:17.973000,415.3665495216368,9
2024-09-18 15:10:17.984000,415.37642597599074,1000
2024-09-18 15:10:17.990000,415.3610266947098,102
2024-09-18 15:10:18.042000,415.2848027114281,103
2024-09-18 15:10:18.211000,415.346720359632,96
2024-09-18 15:10:18.285000,415.3483943786189,104
2024-09-18 15:10:18.312000,415.312970067829,9
2024-09-18 15:10:18.363000,415.3109455016339,1002
2024-09-18 15:10:18.410000,415.32073240307807,12
2024-09-18 15:10:18.418000,415.304356169921,13
2024-09-18 15:10:18.426000,408.9989476891216,998
2024-09-18 15:10:18.561000,415.2803489689636,14
2024-09-18 15:10:18.792000,415.2794766591376,995
2024-09-18 15:10:18.850000,415.2998888038185,98
2024-09-18 15:10:18.866000,415.3068804590715,6
2024-09-18 15:10:18.867000,415.3131366678218,5
2024-09-18 15:10:18.990000,415.34863064989526,10
2024-09-18 15:10:19,415.26340239455,95
2024-09-18 15:10:19.038000,415.28089337172463,104
2024-09-18 15:10:19.077000,415.286157124979,999
2024-09-18 15:10:19.132000,415.2901212506698,6
2024-09-18 15:10:19.176000,415.2773716358325,97
2024-09-18 15:10:19.184000,415.25435359264696,12
2024-09-18 15:10:19.232000,415.2978889163769,100
2024-09-18 15:10:19.288000,415.2931603408674,102
2024-09-18 15:10:19.380000,415.2630794266653,5
2024-09-18 15:10:19.391000,415.2729156459953,100
2024-09-18 15:10:19.492000,415.2824513160536,101
2024-09-18 15:10:19.528000,415.29977760079953,1002
2024-09-18 15:10:19.569000,415.29968642504457,11
2024-09-18 15:10:19.574000,415.2569432809336,1004
2024-09-18 15:10:19.586000,415.3056108821541,100
2024-09-18 15:10:19.621000,415.2732675798737,102
2024-09-18 15:10:19.636000,415.28973186266217,8
2024-09-18 15:10:19.744000,415.2980516425752,104
2024-09-18 15:10:19.746000,415.29865831576046,1005
2024-09-18 15:10:19.850000,415.3039762204285,104
2024-09-18 15:10:19.894000,415.28292751999913,997
2024-09-18 15:10:19.900000,409.0161520588302,95
2024-09-18 15:10:19.926000,415.2431841624914,1000
2024-09-18 15:10:19.935000,415.2828855720852,11
2024-09-18 15:10:19.981000,415.3040452815912,99
2024-09-18 15:10:20.001000,415.2979437005808,6
2024-09-18 15:10:20.004000,415.3105422286839,14
2024-09-18 15:10:20.006000,415.320671353712,13
2024-09-18 15:10:20.072000,415.3372232301467,6
2024-09-18 15:10:20.120000,415.298033343332,103
2024-09-18 15:10:20.144000,415.34104589498907,96
2024-09-18 15:10:20.155000,415.3243639159628,101
2024-09-18 15:10:20.179000,415.32351997000256,9
2024-09-18 15:10:20.245000,409.129596133336,999
2024-09-18 15:10:20.248000,415.3098032826583,99
2024-09-18 15:10:20.305000,415.29731667867577,96
2024-09-18 15:10:20.320000,415.3237488782413,6
2024-09-18 15:10:20.360000,415.2901241947384,998
2024-09-18 15:10:20.412000,415.2943332772594,97
2024-09-18 15:10:20.430000,415.3201272241415,9
2024-09-18 15:10:20.536000,415.3251711342912,97
2024-09-18 15:10:20.593000,415.316156762161,98
2024-09-18 15:10:20.602000,415.2899852659431,1000
2024-09-18 15:10:20.613000,415.3136659782506,1004
2024-09-18 15:10:20.750000,415.3049876498774,7
2024-09-18 15:10:20.777000,415.3392248229353,15
2024-09-18 15:10:20.794000,415.3277027191718,97
2024-09-18 15:10:20.861000,415.2845321198749,996
2024-09-18 15:10:20.906000,415.2852356114095,14
2024-09-18 15:10:20.955000,415.3298053340053,99
2024-09-18 15:10:20.992000,415.3446452877242,15
2024-09-18 15:10:21.218000,415.3234503109409,995
2024-09-18 15:10:21.378000,415.30173599953247,996
2024-09-18 15:10:21.618000,415.2943838194658,11
2024-09-18 15:10:21.767000,415.3323914680586,14
2024-09-18 15:10:21.772000,415.327581438661,100
2024-09-18 15:10:22.085000,415.27361837237146,7
2024-09-18 15:10:22.127000,415.2950580474629,10
2024-09-18 15:10:22.137000,415.2810001301021,7
2024-09-18 15:10:22.148000,415.2676603425469,12
2024-09-18 15:10:22.196000,415.31862415588085,98
2024-09-18 15:10:22.206000,415.26449480835606,14
2024-09-18 15:10:22.214000,415.3269067714032,101
2024-09-18 15:10:22.256000,415.34021707949216,98
2024-09-18 15:10:22.277000,415.3219301024235,1002
2024-09-18 15:10:22.283000,415.2837401415416,105
2024-09-18 15:10:22.303000,415.29782030201966,996
2024-09-18 15:10:22.314000,415.284232702586,7
2024-09-18 15:10:22.331000,415.27320993794825,1002
2024-09-18 15:10:22.339000,415.2724962822344,100
2024-09-18 15:10:22.348000,415.31669190324266,6
2024-09-18 15:10:22.478000,415.270134002284,6
2024-09-18 15:10:22.499000,415.27626631918974,98
2024-09-18 15:10:22.532000,415.3494421339506,102
2024-09-18 15:10:22.556000,415.33153825280334,12
2024-09-18 15:10:22.578000,415.321647697429,101
2024-09-18 15:10:22.602000,415.2926600045056,96
2024-09-18 15:10:22.603000,415.277201606234,995
2024-09-18 15:10:22.635000,415.33489405900207,997
2024-09-18 15:10:22.659000,415.3644244215273,14
2024-09-18 15:10:22.681000,415.313969031756,6
2024-09-18 15:10:22.772000,415.3392832597751,1001
2024-09-18 15:10:22.821000,415.2995596545401,95
2024-09-18 15:10:22.845000,415.284156683801,13
2024-09-18 15:10:22.892000,415.3423913288787,1005
2024-09-18 15:10:22.959000,415.3121691368525,14
2024-09-18 15:10:23.029000,415.3738006441338,11
2024-09-18 15:10:23.182000,415.3686254301965,7
2024-09-18 15:10:23.275000,409.0546943071051,12
2024-09-18 15:10:23.448000,415.355601445836,5
2024-09-18 15:10:23.638000,415.3475682760676,95
2024-09-18 15:10:23.670000,415.3549444930153,997
2024-09-18 15:10:23.972000,415.347711471241,996
2024-09-18 15:10:24.034000,415.3093570175591,95
2024-09-18 15:10:24.052000,415.3325024779167,1000
2024-09-18 15:10:24.085000,415.3125379486682,12
2024-09-18 15:10:24.141000,415.3548785518778,98
2024-09-18 15:10:24.171000,415.3037786106751,11
2024-09-18 15:10:24.219000,415.33062338982336,105
2024-09-18 15:10:24.225000,415.3442045504735,995
2024-09-18 15:10:24.244000,415.3175886936588,100
2024-09-18 15:10:24.245000,415.3107579726508,104
2024-09-18 15:10:24.263000,415.3181046243103,15
2024-09-18 15:10:24.326000,415.32033321697503,998
2024-09-18 15:10:24.361000,415.3243174702835,1000
2024-09-18 15:10:24.457000,415.3136552345127,97
2024-09-18 15:10:24.488000,415.37028265916376,1005
2024-09-18 15:10:24.517000,415.3240726048098,15
2024-09-18 15:10:24.518000,415.3215816426632,5
2024-09-18 15:10:24.588000,415.3670163213694,996
2024-09-18 15:10:24.669000,415.333376623167,14
2024-09-18 15:10:24.688000,415.3208957655708,15
2024-09-18 15:10:24.724000,415.3631092406097,999
2024-09-18 15:10:24.780000,415.3530503674341,1005
2024-09-18 15:10:24.809000,415.3320739481623,12
2024-09-18 15:10:24.870000,415.3026137178995,5
2024-09-18 15:10:24.884000,415.326437590726,997
2024-09-18 15:10:24.905000,415.31344698286887,1000
2024-09-18 15:10:24.956000,415.3628242187774,98
2024-09-18 15:10:24.980000,415.3215372433956,8
2024-09-18 15:10:24.981000,415.36230505712575,1003
2024-09-18 15:10:25.618000,415.3637533492401,10
2024-09-18 15:10:25.619000,408.9936310830298,1003
2024-09-18 15:10:25.819000,415.3559140082989,97
2024-09-18 15:10:25.911000,415.34857217346894,99
2024-09-18 15:10:25.970000,415.34538899721525,1003
2024-09-18 15:10:26.028000,415.4040001066673,15
2024-09-18 15:10:26.056000,415.37355462778754,7
2024-09-18 15:10:26.202000,415.3954706792387,6
2024-09-18 15:10:26.249000,415.4058043245871,1000
2024-09-18 15:10:26.250000,415.4073853393108,101
2024-09-18 15:10:26.256000,415.4015073724527,997
2024-09-18 15:10:26.266000,415.3730047409131,10
2024-09-18 15:10:26.355000,415.3633806776989,102
2024-09-18 15:10:26.458000,415.3868315638653,12
2024-09-18 15:10:26.528000,415.3638158768064,1000
2024-09-18 15:10:26.570000,415.4050010962081,103
2024-09-18 15:10:26.675000,415.3713610652436,13
2024-09-18 15:10:26.771000,415.3598720441559,104
2024-09-18 15:10:26.829000,415.3781122775025,996
2024-09-18 15:10:26.839000,415.37546276567423,999
2024-09-18 15:10:26.864000,415.3610804687003,9
2024-09-18 15:10:26.897000,415.39077941256704,1002
2024-09-18 15:10:26.979000,415.3793762840277,999
2024-09-18 15:10:27.007000,415.37516653216966,12
2024-09-18 15:10:27.082000,415.40136313519,1001
2024-09-18 15:10:27.139000,415.4138690929166,1003
2024-09-18 15:10:27.143000,415.40052402347146,95
2024-09-18 15:10:27.145000,415.3839893156483,9
2024-09-18 15:10:27.224000,415.39747417987326,14
2024-09-18 15:10:27.247000,415.3668417299826,1001
2024-09-18 15:10:27.315000,415.3879143909332,14
2024-09-18 15:10:27.418000,415.4032344888671,12
2024-09-18 15:10:27.536000,415.36515791240606,14
2024-09-18 15:10:27.536000,415.4115040984632,98
2024-09-18 15:10:27.710000,415.37265222324567,997
2024-09-18 15:10:27.739000,415.3825225542737,104
2024-09-18 15:10:27.776000,415.4042216778504,15
2024-09-18 15:10:27.807000,415.4187163050664,6
2024-09-18 15:10:27.850000,415.38448958481086,11
2024-09-18 15:10:27.878000,415.4045131922345,1003
2024-09-18 15:10:27.904000,415.41190277083535,95
2024-09-18 15:10:27.957000,415.4085904199699,95
2024-09-18 15:10:27.990000,415.3818425462056,1001
2024-09-18 15:10:28.021000,415.4164277635716,99
2024-09-18 15:10:28.122000,415.42004518626334,1004
2024-09-18 15:10:28.134000,415.40158304533566,997
2024-09-18 15:10:28.192000,415.4181470671872,1001
2024-09-18 15:10:28.208000,415.4145818362842,5
2024-09-18 15:10:28.233000,415.4283801787748,99
2024-09-18 15:10:28.250000,415.4059678423532,103
2024-09-18 15:10:28.365000,415.4126168592644,998
2024-09-18 15:10:28.410000,415.42659363717416,1004
2024-09-18 15:10:28.523000,415.4101608077728,996
2024-09-18 15:10:28.535000,415.4163202622529,15
2024-09-18 15:10:28.546000,415.4091998298128,1004
2024-09-18 15:10:28.548000,415.4092990271744,998
2024-09-18 15:10:28.706000,415.4371911901912,6
2024-09-18 15:10:28.708000,415.4176271089468,7
2024-09-18 15:10:28.741000,415.4065585258849,13
2024-09-18 15:10:28.745000,415.4298833117145,95
2024-09-18 15:10:28.753000,415.42340699532224,103
2024-09-18 15:10:28.798000,415.3738132747436,999
2024-09-18 15:10:28.825000,415.42395873991615,101
2024-09-18 15:10:28.857000,415.3562392897018,102
2024-09-18 15:10:28.911000,415.4026311937668,99
2024-09-18 15:10:28.913000,415.42808766358127,998
2024-09-18 15:10:28.918000,415.4124568894848,999
2024-09-18 15:10:28.924000,415.4060818641672,105
2024-09-18 15:10:28.937000,415.4117018837639,101
2024-09-18 15:10:28.999000,415.4214251122568,998
2024-09-18 15:10:29.246000,415.3121544031744,101
2024-09-18 15:10:29.455000,415.3346601313197,1003
2024-09-18 15:10:29.583000,415.3488062373765,103
2024-09-18 15:10:29.696000,415.3238519770906,5
2024-09-18 15:10:29.759000,415.3507333599761,11
2024-09-18 15:10:29.959000,415.3164130288087,996
2024-09-18 15:10:30.107000,415.2507114555282,103
2024-09-18 15:10:30.245000,415.2657349321056,1000
2024-09-18 15:10:30.259000,415.2572796872689,1005
2024-09-18 15:10:30.263000,415.2825813940465,1004
2024-09-18 15:10:30.333000,415.27133183074926,999
2024-09-18 15:10:30.496000,409.15676436877465,997
2024-09-18 15:10:30.528000,415.2452277933506,10
2024-09-18 15:10:30.769000,415.2924024727629,95
2024-09-18 15:10:30.985000,415.2778431781269,8
2024-09-18 15:10:31.034000,415.2431819479289,1005
2024-09-18 15:10:31.127000,415.239843299997,104
2024-09-18 15:10:31.176000,415.2079164196836,995
2024-09-18 15:10:31.269000,415.2215713494944,1000
2024-09-18 15:10:31.279000,415.19640692740506,100
2024-09-18 15:10:31.338000,415.2443488557362,12
2024-09-18 15:10:31.418000,415.23253802961824,95
2024-09-18 15:10:31.681000,415.27282912225286,1001
2024-09-18 15:10:31.777000,415.2328022467439,996
2024-09-18 15:10:31.858000,415.2255267274454,100
2024-09-18 15:10:31.990000,415.2251299664582,5
2024-09-18 15:10:32.052000,415.2707997930836,1000
2024-09-18 15:10:32.072000,415.25993036700487,8
2024-09-18 15:10:32.244000,415.2526970168623,97
2024-09-18 15:10:32.306000,415.2636139161781,999
2024-09-18 15:10:32.317000,415.2502335880786,103
2024-09-18 15:10:32.414000,415.25453581065335,1001
2024-09-18 15:10:32.428000,415.23484158188165,998
2024-09-18 15:10:32.443000,415.2516002302281,999
2024-09-18 15:10:32.449000,415.2769503487174,1005
2024-09-18 15:10:32.485000,415.2564551727005,999
2024-09-18 15:10:32.488000,415.25922953082494,1003
2024-09-18 15:10:32.524000,415.25224779294734,97
2024-09-18 15:10:32.554000,415.25140071948647,996
2024-09-18 15:10:32.570000,415.2091539840562,97
2024-09-18 15:10:32.638000,415.2784670427116,101
2024-09-18 15:10:32.673000,415.3022453397503,1003
2024-09-18 15:10:32.691000,415.2866734294494,5
2024-09-18 15:10:32.837000,415.2362817180656,1004
2024-09-18 15:10:32.862000,415.2551918337666,103
2024-09-18 15:10:32.891000,415.2678786817363,12
2024-09-18 15:10:32.908000,415.2418697740355,100
2024-09-18 15:10:32.922000,415.2797399135805,998
2024-09-18 15:10:32.981000,415.2878356305626,1003
2024-09-18 15:10:32.998000,415.2312522069054,101
2024-09-18 15:10:33.044000,415.3333777374264,12
2024-09-18 15:10:33.057000,415.3289944471077,100
2024-09-18 15:10:33.079000,415.37458892258434,103
2024-09-18 15:10:33.171000,415.3140039756414,11
2024-09-18 15:10:33.214000,415.351950288838,998
2024-09-18 15:10:33.221000,415.332090222392,1002
2024-09-18 15:10:33.273000,415.375057112582,100
2024-09-18 15:10:33.407000,415.3024160687994,105
2024-09-18 15:10:33.564000,415.3390929901044,103
2024-09-18 15:10:33.616000,415.3075254609389,1002
2024-09-18 15:10:33.719000,415.3392457526506,996
2024-09-18 15:10:33.918000,415.31168159707465,998
2024-09-18 15:10:33.978000,415.3530593619669,100
2024-09-18 15:10:34.079000,415.358660861817,1003
2024-09-18 15:10:34.105000,415.3628583750664,995
2024-09-18 15:10:34.155000,415.3706004118528,7
2024-09-18 15:10:34.203000,415.3648888926549,999
2024-09-18 15:10:34.269000,415.35876482657295,12
2024-09-18 15:10:34.311000,415.3583027749615,7
2024-09-18 15:10:34.314000,415.37635508703033,9
2024-09-18 15:10:34.481000,415.3717411584728,1002
2024-09-18 15:10:34.484000,415.3744997948822,104
2024-09-18 15:10:34.608000,415.38158515175087,996
2024-09-18 15:10:34.745000,415.36075873079375,101
2024-09-18 15:10:34.753000,415.3794010470392,101
2024-09-18 15:10:34.793000,415.3618063293848,995
2024-09-18 15:10:34.858000,415.3640457134304,1003
2024-09-18 15:10:35.046000,415.524830428686,96
2024-09-18 15:10:35.048000,415.4287977017438,996
2024-09-18 15:10:35.109000,415.4817109389911,1001
2024-09-18 15:10:35.144000,415.5149439289469,1002
2024-09-18 15:10:35.166000,415.4861349691212,8
2024-09-18 15:10:35.193000,415.46036767153936,1001
2024-09-18 15:10:35.223000,415.4042062512919,105
2024-09-18 15:10:35.280000,415.3932186475086,1002
2024-09-18 15:10:35.295000,415.5157625009062,1001
2024-09-18 15:10:35.325000,409.20276393404095,5
2024-09-18 15:10:35.342000,415.5381005989377,105
2024-09-18 15:10:35.428000,415.4493415912597,11
2024-09-18 15:10:35.465000,415.49194516348666,96
2024-09-18 15:10:35.569000,415.4651304459412,998
2024-09-18 15:10:35.697000,415.556933169429,99
2024-09-18 15:10:35.704000,415.5322134849546,105
2024-09-18 15:10:35.734000,415.51134654361806,997
2024-09-18 15:10:35.756000,415.37808263671417,10
2024-09-18 15:10:35.762000,415.4614406736448,105
2024-09-18 15:10:35.774000,415.5282888938778,12
2024-09-18 15:10:35.782000,415.5383871513494,15
2024-09-18 15:10:35.822000,415.4519415137924,5
2024-09-18 15:10:35.826000,415.4127300716665,102
2024-09-18 15:10:35.901000,415.46294905669913,1003
2024-09-18 15:10:35.958000,415.43011569675497,999
2024-09-18 15:10:35.961000,415.5344253085198,13
2024-09-18 15:10:35.990000,415.50652166388426,6
2024-09-18 15:10:36.025000,415.463364614295,9
2024-09-18 15:10:36.046000,415.4649408905586,6
2024-09-18 15:10:36.056000,415.4568580005043,15
2024-09-18 15:10:36.076000,415.4540506963216,100
2024-09-18 15:10:36.076000,415.4383557117876,999
2024-09-18 15:10:36.223000,415.45328984132254,1000
2024-09-18 15:10:36.249000,415.4641464332856,14
2024-09-18 15:10:36.319000,415.4812893034572,11
2024-09-18 15:10:36.344000,415.50041125628826,1002
2024-09-18 15:10:36.368000,415.4465667517218,1001
2024-09-18 15:10:36.406000,415.46222102072,96
2024-09-18 15:10:36.477000,415.4570025305378,7
2024-09-18 15:10:36.591000,415.4904772598774,101
2024-09-18 15:10:36.667000,415.4606590954179,105
2024-09-18 15:10:36.736000,415.44788186586055,12
2024-09-18 15:10:36.741000,415.4607232561162,99
2024-09-18 15:10:36.749000,415.49619581395945,12
2024-09-18 15:10:36.766000,415.482945213825,1005
2024-09-18 15:10:36.796000,415.4813945677493,104
2024-09-18 15:10:36.869000,415.48181016663233,105
2024-09-18 15:10:36.886000,415.468080205813,8
2024-09-18 15:10:36.954000,415.4485518971873,1005
2024-09-18 15:10:36.975000,415.47680867046506,1002
2024-09-18 15:10:37.040000,415.47178523503374,998
2024-09-18 15:10:37.075000,415.48916658889374,15
2024-09-18 15:10:37.104000,415.4598915237154,1005
2024-09-18 15:10:37.114000,415.513235929918,100
2024-09-18 15:10:37.134000,415.4907437399272,999
2024-09-18 15:10:37.159000,415.4724053428968,1004
2024-09-18 15:10:37.281000,415.49060520051273,998
2024-09-18 15:10:37.331000,415.483202775148,13
2024-09-18 15:10:37.421000,415.50337175530825,10
2024-09-18 15:10:37.454000,415.474045907494,5
2024-09-18 15:10:37.458000,415.49520702121146,999
2024-09-18 15:10:37.460000,415.4877672183165,9
2024-09-18 15:10:37.519000,415.4656637807004,996
2024-09-18 15:10:37.555000,415.4825767274735,1000
2024-09-18 15:10:37.617000,415.4936494443903,1005
2024-09-18 15:10:37.671000,415.4849203787135,8
2024-09-18 15:10:37.726000,415.4754883453515,996
2024-09-18 15:10:37.910000,415.5005877244825,995
2024-09-18 15:10:37.915000,415.4665919966943,96
2024-09-18 15:10:37.996000,415.4972870268018,97
2024-09-18 15:10:38.017000,415.4889498118068,5
2024-09-18 15:10:38.026000,415.46880498815625,7
2024-09-18 15:10:38.047000,415.4738220233923,105
2024-09-18 15:10:38.123000,415.4487543704963,5
2024-09-18 15:10:38.127000,415.4647097514057,11
2024-09-18 15:10:38.197000,415.50101848608097,97
2024-09-18 15:10:38.339000,415.4899863198575,1003
2024-09-18 15:10:38.363000,415.4528581796879,999
2024-09-18 15:10:38.469000,415.45620010254754,1001
2024-09-18 15:10:38.510000,415.4521325345913,1003
2024-09-18 15:10:38.608000,415.4858562408572,9
2024-09-18 15:10:38.644000,415.47523783007694,101
2024-09-18 15:10:38.839000,415.4848966531145,995
2024-09-18 15:10:39.079000,415.471104054911,995
2024-09-18 15:10:39.150000,415.48356743263,6
2024-09-18 15:10:39.337000,415.4606019132531,102
2024-09-18 15:10:39.354000,415.45890129046114,996
2024-09-18 15:10:39.373000,415.4759189299034,9
2024-09-18 15:10:39.417000,415.5011022037963,996
2024-09-18 15:10:39.449000,415.4912278904832,997
2024-09-18 15:10:39.490000,415.4692457917593,14
2024-09-18 15:10:39.670000,415.51071710109466,99
2024-09-18 15:10:39.708000,415.4901480233922,95
2024-09-18 15:10:39.709000,415.4734065496886,999
2024-09-18 15:10:39.712000,415.48455679481737,104
2024-09-18 15:10:39.838000,415.4807755635993,11
2024-09-18 15:10:39.843000,415.4722639682983,995
2024-09-18 15:10:39.869000,415.4973236070738,5
2024-09-18 15:10:39.877000,415.4823620129072,999
2024-09-18 15:10:39.878000,415.4664662896032,96
2024-09-18 15:10:39.919000,415.4864862202981,14
2024-09-18 15:10:39.926000,415.510434732846,101
2024-09-18 15:10:39.951000,415.4866763857705,96
2024-09-18 15:10:39.985000,415.4663030484322,105
2024-09-18 15:10:40.032000,415.4671224626336,101
2024-09-18 15:10:40.065000,415.40959277812505,5
2024-09-18 15:10:40.102000,415.4250918638004,97
2024-09-18 15:10:40.149000,415.4173029926778,996
2024-09-18 15:10:40.212000,415.5040605382434,98
2024-09-18 15:10:40.236000,415.39882790798674,995
2024-09-18 15:10:40.288000,415.4368195031478,10
2024-09-18 15:10:40.313000,409.1680830338245,15
2024-09-18 15:10:40.345000,415.39967719424175,6
2024-09-18 15:10:40.427000,415.4326296950528,95
2024-09-18 15:10:40.442000,415.5008353478252,1000
2024-09-18 15:10:40.479000,415.5038756521822,7
2024-09-18 15:10:40.505000,415.3990495361259,95
2024-09-18 15:10:40.509000,415.40743270244906,1003
2024-09-18 15:10:40.556000,415.4158599446405,1002
2024-09-18 15:10:40.617000,415.4981008151051,10
2024-09-18 15:10:40.625000,415.4303460277548,996
2024-09-18 15:10:40.640000,415.48452735906005,98
2024-09-18 15:10:40.796000,415.4862163449108,6
2024-09-18 15:10:41.024000,415.4234829081805,97
2024-09-18 15:10:41.079000,415.42889617675854,97
2024-09-18 15:10:41.113000,415.4419727187884,14
2024-09-18 15:10:41.206000,415.42389779679786,8
2024-09-18 15:10:41.301000,415.4094042260217,1003
2024-09-18 15:10:41.367000,415.4093690350366,104
2024-09-18 15:10:41.397000,415.40225196961046,104
2024-09-18 15:10:41.460000,409.2025409971862,101
2024-09-18 15:10:41.470000,415.420507067586,8
2024-09-18 15:10:41.478000,415.4189551377178,105
2024-09-18 15:10:41.528000,415.411992276865,99
2024-09-18 15:10:41.539000,415.4200883394331,99
2024-09-18 15:10:41.542000,415.4320593610231,98
2024-09-18 15:10:41.568000,415.4410329491425,995
2024-09-18 15:10:41.580000,415.4171859535717,6
2024-09-18 15:10:41.598000,415.4102060553506,995
2024-09-18 15:10:41.607000,415.4116483463645,5
2024-09-18 15:10:41.647000,415.4193620752125,998
2024-09-18 15:10:41.650000,415.41638729558696,999
2024-09-18 15:10:41.650000,415.4051072269382,97
2024-09-18 15:10:41.733000,415.4344581339327,10
2024-09-18 15:10:41.823000,415.4186496330869,10
2024-09-18 15:10:41.858000,415.4217981440139,1001
2024-09-18 15:10:41.889000,415.4333209631969,9
2024-09-18 15:10:41.970000,415.40423853845937,10
2024-09-18 15:10:41.997000,415.40521958042,95
2024-09-18 15:10:42.078000,415.3728655945004,996
2024-09-18 15:10:42.174000,415.3948361332302,9
2024-09-18 15:10:42.215000,415.4080943423226,12
2024-09-18 15:10:42.336000,415.3747477770565,101
2024-09-18 15:10:42.339000,415.3893985656536,1003
2024-09-18 15:10:42.487000,415.3932985593545,996
2024-09-18 15:10:42.506000,415.34831316885214,7
2024-09-18 15:10:42.514000,415.371451579041,7
2024-09-18 15:10:42.756000,415.3689316490492,5
2024-09-18 15:10:42.823000,415.36504863601897,99
2024-09-18 15:10:42.916000,415.377031928796,1003
2024-09-18 15:10:42.942000,415.4017549922399,996
2024-09-18 15:10:42.947000,415.3980105802832,10
2024-09-18 15:10:42.959000,415.3852015686285,6
2024-09-18 15:10:43.183000,415.3546137872797,995
2024-09-18 15:10:43.514000,415.37386939690975,99
2024-09-18 15:10:43.819000,415.3564368618338,998
2024-09-18 15:10:44.001000,415.39802316576,11
2024-09-18 15:10:44.084000,415.3999597655304,995
2024-09-18 15:10:44.121000,415.3725638564086,5
2024-09-18 15:10:44.293000,415.3783466538488,997
2024-09-18 15:10:44.305000,415.3783116203929,102
2024-09-18 15:10:44.355000,415.3948361639032,101
2024-09-18 15:10:44.495000,415.3938138183048,1000
2024-09-18 15:10:44.519000,415.41914474552544,1005
2024-09-18 15:10:44.549000,415.3989954132084,995
2024-09-18 15:10:44.883000,415.3836917967221,12
2024-09-18 15:10:44.888000,415.38830437770457,101
2024-09-18 15:10:45.209000,415.39593476077386,95
2024-09-18 15:10:45.399000,415.4105624169796,11
2024-09-18 15:10:45.614000,415.37583150697424,13
2024-09-18 15:10:46.823000,415.4409357870583,101
2024-09-18 15:10:46.936000,415.43428216926463,1003
2024-09-18 15:10:47.016000,415.4401432723207,1002
2024-09-18 15:10:47.018000,415.446574363524,1002
2024-09-18 15:10:47.083000,415.4196311260416,95
2024-09-18 15:10:47.138000,415.44539176524313,103
2024-09-18 15:10:47.153000,415.48526337449096,15
2024-09-18 15:10:47.217000,415.4494688737648,105
2024-09-18 15:10:47.277000,415.4485692276452,1002
2024-09-18 15:10:47.359000,415.451236081861,1001
2024-09-18 15:10:47.386000,415.4435911569081,7
2024-09-18 15:10:47.392000,415.45298181617466,103
2024-09-18 15:10:47.455000,415.416953146452,1002
2024-09-18 15:10:47.461000,415.44513167001577,1003
2024-09-18 15:10:47.483000,415.4690902759051,96
2024-09-18 15:10:47.511000,415.475740709769,5
2024-09-18 15:10:47.553000,415.4626540963544,104
2024-09-18 15:10:47.582000,415.4680193251976,104
2024-09-18 15:10:47.596000,415.4487974876018,997
2024-09-18 15:10:47.621000,415.4556398571309,5
2024-09-18 15:10:47.641000,415.4586180324465,15
2024-09-18 15:10:47.667000,415.44056861442,11
2024-09-18 15:10:47.679000,415.457274041705,104
2024-09-18 15:10:47.745000,415.442748952486,99
2024-09-18 15:10:47.757000,415.4654167806054,998
2024-09-18 15:10:47.814000,415.4610083312842,95
2024-09-18 15:10:47.841000,415.4231834423492,101
2024-09-18 15:10:47.857000,415.4720726194367,7
2024-09-18 15:10:47.876000,415.4535305409168,105
2024-09-18 15:10:47.939000,415.4426656498294,13
2024-09-18 15:10:47.942000,415.44072955332047,1002
2024-09-18 15:10:47.960000,415.42553456066906,15
2024-09-18 15:10:48.051000,415.4356604861837,15
2024-09-18 15:10:48.186000,415.495091352642,7
2024-09-18 15:10:48.216000,415.4645107968847,96
2024-09-18 15:10:48.245000,415.4179171798983,13
2024-09-18 15:10:48.280000,415.44993222236445,10
2024-09-18 15:10:48.329000,415.42727384382295,104
2024-09-18 15:10:48.369000,415.4469726412488,104
2024-09-18 15:10:48.425000,415.4667400738908,5
2024-09-18 15:10:48.443000,415.4192693470056,1000
2024-09-18 15:10:48.455000,415.43363986436975,1002
2024-09-18 15:10:48.457000,415.43291261586353,12
2024-09-18 15:10:48.459000,415.4383908927914,103
2024-09-18 15:10:48.507000,415.45611933555966,96
2024-09-18 15:10:48.578000,415.4798906500065,12
2024-09-18 15:10:48.618000,415.4374936237293,1001
2024-09-18 15:10:48.636000,415.478008867192,995
2024-09-18 15:10:48.647000,415.4149945072568,1000
2024-09-18 15:10:48.682000,415.4858665132938,13
2024-09-18 15:10:48.702000,415.4915466938241,10
2024-09-18 15:10:48.746000,415.44767625181646,14
2024-09-18 15:10:48.755000,415.41235117627554,103
2024-09-18 15:10:48.764000,415.43743648370304,102
2024-09-18 15:10:48.834000,415.4411095697645,96
2024-09-18 15:10:48.857000,415.4265820445973,15
2024-09-18 15:10:48.879000,415.4137322664052,1002
2024-09-18 15:10:48.953000,415.4849870228924,101
2024-09-18 15:10:48.974000,415.43116252013874,1002
2024-09-18 15:10:48.980000,415.4513917760904,998
2024-09-18 15:10:49,415.601060446756,1005
2024-09-18 15:10:49.076000,415.6191370479149,9
2024-09-18 15:10:49.136000,415.5434027991422,105
2024-09-18 15:10:49.151000,415.6363687440093,1001
2024-09-18 15:10:49.168000,415.5259734479965,97
2024-09-18 15:10:49.169000,415.4598525806678,1004
2024-09-18 15:10:49.254000,415.6671608635261,98
2024-09-18 15:10:49.256000,415.5636631100744,14
2024-09-18 15:10:49.306000,415.57738451925087,102
2024-09-18 15:10:49.336000,415.61065275595263,13
2024-09-18 15:10:49.442000,415.6288271920764,1004
2024-09-18 15:10:49.481000,415.61086616918175,11
2024-09-18 15:10:49.521000,415.4524244104276,103
2024-09-18 15:10:49.522000,415.6417440716684,6
2024-09-18 15:10:49.569000,415.537184871474,8
2024-09-18 15:10:49.570000,415.6176347857646,10
2024-09-18 15:10:49.575000,415.6750910686592,1004
2024-09-18 15:10:49.596000,415.6594814725324,11
2024-09-18 15:10:49.646000,415.62515687660033,1004
2024-09-18 15:10:49.660000,415.57806795148815,14
2024-09-18 15:10:49.765000,415.6495895281964,7
2024-09-18 15:10:49.767000,415.6162358770746,999
2024-09-18 15:10:49.811000,415.6151911146501,1002
2024-09-18 15:10:49.861000,415.5815499969814,100
2024-09-18 15:10:49.954000,415.5035996817718,1003
2024-09-18 15:10:49.980000,415.673129856841,998
2024-09-18 15:10:50.005000,415.5364286836653,96
2024-09-18 15:10:50.037000,415.6775573071679,103
2024-09-18 15:10:50.069000,415.57066879594913,1000
2024-09-18 15:10:50.079000,415.6812354139808,1005
2024-09-18 15:10:50.190000,415.5996584067049,98
2024-09-18 15:10:50.212000,415.6477853656749,13
2024-09-18 15:10:50.226000,415.58152356821535,14
2024-09-18 15:10:50.267000,415.5502918354064,103
2024-09-18 15:10:50.273000,415.5634752248605,98
2024-09-18 15:10:50.290000,415.56888440651664,6
2024-09-18 15:10:50.293000,415.6067209366111,105
2024-09-18 15:10:50.328000,415.5447061298077,105
2024-09-18 15:10:50.339000,415.6505223416068,998
2024-09-18 15:10:50.366000,415.6953883910729,96
2024-09-18 15:10:50.396000,415.6358785771256,11
2024-09-18 15:10:50.400000,415.6261688057173,99
2024-09-18 15:10:50.531000,415.53459700363976,102
2024-09-18 15:10:50.567000,415.6214111833153,102
2024-09-18 15:10:50.623000,415.6545010925766,15
2024-09-18 15:10:50.694000,415.6557686035937,101
2024-09-18 15:10:50.705000,415.6486093908581,1001
2024-09-18 15:10:50.725000,415.5638042780872,104
2024-09-18 15:10:50.750000,415.6571280171725,96
2024-09-18 15:10:50.770000,415.6551124474215,98
2024-09-18 15:10:50.790000,415.6254433939699,1005
2024-09-18 15:10:50.924000,415.6935936735524,15
2024-09-18 15:10:50.939000,415.5646420802829,9
2024-09-18 15:10:50.999000,415.5744754698707,998
2024-09-18 15:10:52.090000,415.5637540083857,102
2024-09-18 15:10:52.121000,415.5598268394929,1001
2024-09-18 15:10:52.219000,415.5205894466166,5
2024-09-18 15:10:52.235000,415.5811477054476,996
2024-09-18 15:10:52.238000,415.5147226682668,104
2024-09-18 15:10:52.317000,415.5653698250771,1002
2024-09-18 15:10:52.436000,415.5634216779917,103
2024-09-18 15:10:52.575000,415.5772024579679,997
2024-09-18 15:10:52.796000,415.521607297184,8
2024-09-18 15:10:52.838000,415.5788783601672,6
2024-09-18 15:10:52.880000,415.5893898995614,1005
2024-09-18 15:10:52.990000,415.5627748746812,999
2024-09-18 15:10:53.283000,415.5133395552983,102
2024-09-18 15:10:53.554000,415.5131448834495,98
2024-09-18 15:10:53.660000,415.5269549799835,8
2024-09-18 15:10:53.673000,415.513214634459,999
2024-09-18 15:10:54.054000,415.4796757118782,1002
2024-09-18 15:10:54.249000,415.47434860034633,7
2024-09-18 15:10:54.337000,415.4961818554583,15
2024-09-18 15:10:54.450000,415.4687717723691,12
2024-09-18 15:10:54.452000,415.5023847776559,1002
2024-09-18 15:10:54.576000,415.4969432601486,105
2024-09-18 15:10:54.636000,415.48061585393134,12
2024-09-18 15:10:54.697000,415.5078609460377,11
2024-09-18 15:10:54.734000,415.4992474702163,998
2024-09-18 15:10:54.944000,415.4978331015943,9
2024-09-18 15:10:54.962000,415.463842223002,104
2024-09-18 15:10:55.771000,415.5119729749285,5
2024-09-18 15:10:56.249000,415.5093592242397,1005
2024-09-18 15:10:56.513000,415.4899775216806,100
2024-09-18 15:10:56.626000,415.48916061580593,1005
2024-09-18 15:10:56.837000,415.5147315417682,7
2024-09-18 15:10:56.949000,415.49542176807125,999
2024-09-18 15:10:57.410000,415.4649098714031,13
2024-09-18 15:10:57.561000,415.4823111974398,5
2024-09-18 15:10:57.733000,415.429070772261,8
2024-09-18 15:10:57.960000,415.4684788697069,999
2024-09-18 15:10:58.022000,415.44292332375625,10
2024-09-18 15:10:58.102000,415.4691782072593,99
2024-09-18 15:10:58.108000,415.443507759472,100
2024-09-18 15:10:58.185000,415.4306005762055,12
2024-09-18 15:10:58.190000,415.4516683225246,101
2024-09-18 15:10:58.217000,415.4453803343779,99
2024-09-18 15:10:58.249000,415.4108230545797,1000
2024-09-18 15:10:58.255000,415.44858770213057,995
2024-09-18 15:10:58.258000,415.44385220042005,8
2024-09-18 15:10:58.360000,415.4300793931831,998
2024-09-18 15:10:58.403000,415.43963279303847,6
2024-09-18 15:10:58.521000,409.4529105420477,15
2024-09-18 15:10:58.524000,415.42230862486207,997
2024-09-18 15:10:58.555000,415.44001167780687,997
2024-09-18 15:10:58.557000,415.46339449890274,995
2024-09-18 15:10:58.596000,415.4674216455555,6
2024-09-18 15:10:58.598000,415.4416331727637,103
2024-09-18 15:10:58.607000,415.4234670360036,95
2024-09-18 15:10:58.665000,415.4321496782931,15
2024-09-18 15:10:58.674000,415.4132723696182,97
2024-09-18 15:10:58.691000,415.4284064243765,98
2024-09-18 15:10:58.845000,415.4326296921964,995
2024-09-18 15:10:58.866000,415.43577468955897,1005
2024-09-18 15:10:58.947000,415.43532936046176,1004
2024-09-18 15:10:58.949000,415.4109533656777,8
2024-09-18 15:10:58.999000,415.4669331345161,995
2024-09-18 15:10:59.010000,415.5047230799266,101
2024-09-18 15:10:59.034000,415.5032559891944,1002
2024-09-18 15:10:59.161000,415.49048362912526,9
2024-09-18 15:10:59.181000,415.5157822501678,104
2024-09-18 15:10:59.232000,415.48990338683217,1004
2024-09-18 15:10:59.266000,415.4702939240455,105
2024-09-18 15:10:59.278000,415.4963853853528,11
2024-09-18 15:10:59.287000,415.4989903549322,1002
2024-09-18 15:10:59.369000,415.45927660903465,1004
2024-09-18 15:10:59.448000,415.5149998978307,13
2024-09-18 15:10:59.456000,415.5208662852541,1000
2024-09-18 15:10:59.474000,415.4249758548691,101
2024-09-18 15:10:59.618000,415.5074389083261,96
2024-09-18 15:10:59.629000,415.4373782317172,98
2024-09-18 15:10:59.709000,415.4314605769847,98
2024-09-18 15:10:59.846000,415.5021759084013,10
2024-09-18 15:10:59.976000,415.5021860482335,1000
