Timestamp,Price,Size
2024-09-17 11:31:00.034000,416.7175102585035,995
2024-09-17 11:31:00.082000,416.74122828756833,98
2024-09-17 11:31:00.092000,416.806469003924,10
2024-09-17 11:31:00.182000,416.6980464250913,102
2024-09-17 11:31:00.236000,416.78542086818015,10
2024-09-17 11:31:00.295000,416.7598183497529,103
2024-09-17 11:31:00.391000,416.79094258484247,6
2024-09-17 11:31:00.416000,416.81950168642936,1005
2024-09-17 11:31:00.443000,416.7797795260213,8
2024-09-17 11:31:00.446000,416.8031128467604,13
2024-09-17 11:31:00.452000,416.6973223916052,1000
2024-09-17 11:31:00.467000,416.7015123072362,8
2024-09-17 11:31:00.503000,416.6970499121959,10
2024-09-17 11:31:00.550000,416.769584158238,1002
2024-09-17 11:31:00.552000,416.70038167351663,6
2024-09-17 11:31:00.637000,416.7695918436576,995
2024-09-17 11:31:00.638000,416.71502300338017,99
2024-09-17 11:31:00.710000,416.7795569279669,11
2024-09-17 11:31:00.711000,416.7237873051242,105
2024-09-17 11:31:00.713000,416.6828869911292,1005
2024-09-17 11:31:00.727000,416.69317942397856,96
2024-09-17 11:31:00.870000,416.6664619824396,99
2024-09-17 11:31:00.881000,416.7093961380085,1003
2024-09-17 11:31:00.996000,416.6936941130192,97
2024-09-17 11:31:01.002000,416.7100559242135,7
2024-09-17 11:31:01.048000,416.69546988993545,8
2024-09-17 11:31:01.144000,416.6922213485776,99
2024-09-17 11:31:01.196000,416.682431760392,104
2024-09-17 11:31:01.197000,416.6677655755786,105
2024-09-17 11:31:01.220000,416.6857452230577,101
2024-09-17 11:31:01.228000,416.711540142204,14
2024-09-17 11:31:01.322000,416.721622895084,96
2024-09-17 11:31:01.380000,416.7075668130634,102
2024-09-17 11:31:01.387000,416.7338804865983,102
2024-09-17 11:31:01.402000,416.7114900099385,105
2024-09-17 11:31:01.418000,416.6788389047716,102
2024-09-17 11:31:01.443000,416.668450655609,103
2024-09-17 11:31:01.455000,416.6929408267858,1000
2024-09-17 11:31:01.585000,416.7303375765675,995
2024-09-17 11:31:01.855000,416.69694537251416,103
2024-09-17 11:31:01.855000,416.7138730602665,5
2024-09-17 11:31:01.878000,416.6928439587756,11
2024-09-17 11:31:01.909000,416.6874013191859,14
2024-09-17 11:31:01.933000,416.7223453171881,5
2024-09-17 11:31:01.936000,416.69243164666887,1003
2024-09-17 11:31:01.990000,416.6873916164628,1003
2024-09-17 11:31:02.053000,416.6836170623919,998
2024-09-17 11:31:02.187000,416.6921670661619,997
2024-09-17 11:31:02.228000,416.66100299174735,5
2024-09-17 11:31:02.459000,416.7314988944083,103
2024-09-17 11:31:02.477000,416.7278494211164,1003
2024-09-17 11:31:02.482000,416.74606186561454,14
2024-09-17 11:31:02.483000,416.7435927445831,996
2024-09-17 11:31:02.504000,416.680624931769,13
2024-09-17 11:31:02.898000,416.67558544379153,7
2024-09-17 11:31:02.943000,416.6810067059811,6
2024-09-17 11:31:03.136000,416.6288077791888,104
2024-09-17 11:31:03.246000,416.6430113052183,96
2024-09-17 11:31:03.312000,416.6318675443308,8
2024-09-17 11:31:03.318000,416.6122411124485,1000
2024-09-17 11:31:03.422000,416.6343952653245,15
2024-09-17 11:31:03.444000,416.6246989968863,995
2024-09-17 11:31:03.508000,416.6364387410805,102
2024-09-17 11:31:03.522000,416.6186710905265,998
2024-09-17 11:31:03.530000,416.62726567239633,96
2024-09-17 11:31:03.657000,416.6110996486594,105
2024-09-17 11:31:03.759000,416.6283248051117,100
2024-09-17 11:31:03.808000,416.6181867046136,95
2024-09-17 11:31:03.814000,416.6659287510717,99
2024-09-17 11:31:03.826000,416.6685863493787,1000
2024-09-17 11:31:03.861000,416.64841804649416,1002
2024-09-17 11:31:03.932000,416.623236540388,8
2024-09-17 11:31:03.960000,416.6452023938791,995
2024-09-17 11:31:03.972000,416.63148182197904,7
2024-09-17 11:31:03.985000,416.6736733125145,96
2024-09-17 11:31:04.023000,416.6393529205465,1000
2024-09-17 11:31:04.053000,416.7050615627904,96
2024-09-17 11:31:04.115000,416.6726350665216,96
2024-09-17 11:31:04.130000,416.71487144006886,12
2024-09-17 11:31:04.280000,416.7159177032812,996
2024-09-17 11:31:04.354000,416.6643213927373,8
2024-09-17 11:31:04.410000,416.6437175555258,1005
2024-09-17 11:31:04.429000,416.6893430934092,8
2024-09-17 11:31:04.480000,416.6378879586815,98
2024-09-17 11:31:04.569000,416.6353156441348,14
2024-09-17 11:31:04.606000,416.7312598528815,5
2024-09-17 11:31:04.686000,416.710831497892,5
2024-09-17 11:31:04.767000,416.6932525405407,999
2024-09-17 11:31:04.906000,416.6460119702462,105
2024-09-17 11:31:04.957000,416.7060528669661,995
2024-09-17 11:31:04.975000,416.6785087118713,999
2024-09-17 11:31:05.196000,416.7029555438307,97
2024-09-17 11:31:05.205000,416.739502865625,1000
2024-09-17 11:31:05.246000,416.655562311164,1004
2024-09-17 11:31:05.358000,416.64489505848496,996
2024-09-17 11:31:05.514000,416.7140215831888,102
2024-09-17 11:31:05.637000,416.6389209994812,12
2024-09-17 11:31:05.655000,416.66955335277146,998
2024-09-17 11:31:05.755000,416.666475021712,14
2024-09-17 11:31:05.758000,416.7248320128522,102
2024-09-17 11:31:05.807000,416.7370838237108,102
2024-09-17 11:31:05.847000,416.6800494881096,95
2024-09-17 11:31:06.157000,416.6695365603558,105
2024-09-17 11:31:06.195000,416.6333547036173,1005
2024-09-17 11:31:06.366000,416.686182099649,1000
2024-09-17 11:31:06.402000,416.6123327890648,14
2024-09-17 11:31:06.444000,416.6485189865942,103
2024-09-17 11:31:06.450000,416.6564163301747,1000
2024-09-17 11:31:06.538000,416.6466256831826,10
2024-09-17 11:31:06.565000,416.6395930593487,13
2024-09-17 11:31:06.753000,416.6618817155201,1000
2024-09-17 11:31:06.780000,416.6762891007358,1000
2024-09-17 11:31:06.842000,416.65578539607145,13
2024-09-17 11:31:06.904000,416.6599572317704,104
2024-09-17 11:31:06.973000,416.640911425983,104
2024-09-17 11:31:07.018000,416.7041324178908,96
2024-09-17 11:31:07.396000,416.72272112083294,11
2024-09-17 11:31:07.437000,416.72933561045056,995
2024-09-17 11:31:07.570000,416.7301759677917,103
2024-09-17 11:31:07.582000,416.6920385046058,96
2024-09-17 11:31:07.612000,416.7335237840985,999
2024-09-17 11:31:07.625000,416.7314727224464,95
2024-09-17 11:31:07.635000,416.680271025687,9
2024-09-17 11:31:07.670000,416.6656811409426,8
2024-09-17 11:31:07.766000,416.7403201060416,996
2024-09-17 11:31:07.814000,416.73049122476937,5
2024-09-17 11:31:07.885000,416.68079550487806,103
2024-09-17 11:31:07.905000,416.7363948151062,10
2024-09-17 11:31:07.983000,416.67513988547137,14
2024-09-17 11:31:08.162000,416.7284453691952,11
2024-09-17 11:31:08.219000,416.75502815597616,98
2024-09-17 11:31:08.593000,416.73428653914345,9
2024-09-17 11:31:09.165000,416.7395825985991,1004
2024-09-17 11:31:09.233000,416.70557372881854,98
2024-09-17 11:31:09.261000,416.7680266212796,15
2024-09-17 11:31:09.285000,416.7040814479343,995
2024-09-17 11:31:09.300000,416.7142910121648,11
2024-09-17 11:31:09.330000,416.6916885650553,999
2024-09-17 11:31:09.350000,416.71028570668,5
2024-09-17 11:31:09.378000,416.69059673228094,10
2024-09-17 11:31:09.581000,416.7632479404549,6
2024-09-17 11:31:09.664000,416.7617127551554,996
2024-09-17 11:31:09.995000,416.71094015598135,8
2024-09-17 11:31:10.112000,416.7686031977366,99
2024-09-17 11:31:10.174000,416.7582219726908,96
2024-09-17 11:31:10.220000,416.7906583528617,14
2024-09-17 11:31:10.226000,416.7633932281853,996
2024-09-17 11:31:10.316000,416.7798886648389,102
2024-09-17 11:31:10.344000,416.7438271162031,5
2024-09-17 11:31:10.431000,416.7869473287852,6
2024-09-17 11:31:10.438000,416.7776838998356,103
2024-09-17 11:31:10.581000,416.7998083067966,99
2024-09-17 11:31:10.629000,416.725653543659,997
2024-09-17 11:31:10.736000,416.7759399338068,95
2024-09-17 11:31:10.808000,416.7227968414475,15
2024-09-17 11:31:10.842000,416.7752335863893,13
2024-09-17 11:31:10.872000,416.7721624635354,14
2024-09-17 11:31:10.912000,416.8048397462528,101
2024-09-17 11:31:10.992000,416.76785249860944,14
2024-09-17 11:31:12.016000,416.7828050575844,99
2024-09-17 11:31:12.052000,416.834683434158,101
2024-09-17 11:31:12.074000,416.7575263892126,998
2024-09-17 11:31:12.078000,416.7721691936976,98
2024-09-17 11:31:12.151000,416.7932277257676,11
2024-09-17 11:31:12.241000,416.8031612650354,15
2024-09-17 11:31:12.253000,416.8008040799404,996
2024-09-17 11:31:12.313000,416.76149354958847,1004
2024-09-17 11:31:12.316000,416.7816820829813,97
2024-09-17 11:31:12.319000,416.7666350071108,10
2024-09-17 11:31:12.419000,416.7907510784447,1000
2024-09-17 11:31:12.499000,416.7818373608271,11
2024-09-17 11:31:12.505000,416.7841154413729,1001
2024-09-17 11:31:12.538000,416.76258615493,14
2024-09-17 11:31:12.611000,416.8094558956981,96
2024-09-17 11:31:12.643000,416.83225164551993,103
2024-09-17 11:31:12.768000,416.79172891751176,1005
2024-09-17 11:31:12.809000,416.77751506634064,997
2024-09-17 11:31:12.853000,416.82115930064055,14
2024-09-17 11:31:12.876000,416.7996783304984,101
2024-09-17 11:31:12.953000,416.79481862725936,1003
2024-09-17 11:31:13.123000,416.8400428135266,995
2024-09-17 11:31:13.179000,416.9030390209445,101
2024-09-17 11:31:13.257000,416.85862018999694,95
2024-09-17 11:31:13.318000,416.862055685063,99
2024-09-17 11:31:13.321000,416.8849032633411,14
2024-09-17 11:31:13.354000,416.85282012253913,1001
2024-09-17 11:31:13.366000,416.8486897479333,101
2024-09-17 11:31:13.386000,416.8448230085764,12
2024-09-17 11:31:13.434000,416.8632926445571,6
2024-09-17 11:31:13.479000,416.8916823614068,104
2024-09-17 11:31:13.484000,416.8767813591376,14
2024-09-17 11:31:13.488000,416.9105525366725,99
2024-09-17 11:31:13.488000,416.8661809078489,1001
2024-09-17 11:31:13.500000,416.8786582989859,1002
2024-09-17 11:31:13.537000,416.8901898107919,9
2024-09-17 11:31:13.567000,416.86683802278816,100
2024-09-17 11:31:13.605000,416.90417274324574,8
2024-09-17 11:31:13.660000,416.8561983270084,6
2024-09-17 11:31:13.669000,416.8807187411382,8
2024-09-17 11:31:13.670000,416.872752234697,996
2024-09-17 11:31:13.741000,416.89828567103615,6
2024-09-17 11:31:13.804000,416.9104925865992,995
2024-09-17 11:31:13.805000,416.8761052965627,1004
2024-09-17 11:31:13.808000,416.9081983744693,12
2024-09-17 11:31:13.808000,416.9033824785933,97
2024-09-17 11:31:13.832000,416.9127584246617,14
2024-09-17 11:31:13.879000,416.8457574197285,97
2024-09-17 11:31:13.940000,416.8952961115909,1000
2024-09-17 11:31:13.994000,416.8955903617372,97
2024-09-17 11:31:13.995000,416.8421294521796,1003
2024-09-17 11:31:14.001000,416.86339639222746,102
2024-09-17 11:31:14.171000,416.8787738218846,7
2024-09-17 11:31:14.206000,416.8394838573493,1001
2024-09-17 11:31:14.230000,416.8849300429873,1001
2024-09-17 11:31:14.325000,416.87723483681697,999
2024-09-17 11:31:14.339000,416.8646796860805,1002
2024-09-17 11:31:14.356000,416.8932438763911,8
2024-09-17 11:31:14.418000,416.8896759337498,8
2024-09-17 11:31:14.425000,416.8882636360431,999
2024-09-17 11:31:14.542000,416.8778906643203,995
2024-09-17 11:31:14.556000,416.8623340784055,15
2024-09-17 11:31:14.585000,416.89210924439385,1005
2024-09-17 11:31:14.591000,416.8816291131489,102
2024-09-17 11:31:14.696000,416.8851574876157,996
2024-09-17 11:31:14.797000,416.8933946700682,97
2024-09-17 11:31:14.838000,416.8547815266392,999
2024-09-17 11:31:14.952000,416.864881885519,15
2024-09-17 11:31:15.049000,416.8244288569027,995
2024-09-17 11:31:15.064000,416.7020005580708,102
2024-09-17 11:31:15.089000,416.6896761876195,13
2024-09-17 11:31:15.152000,416.7905039502629,6
2024-09-17 11:31:15.218000,416.7370400832901,96
2024-09-17 11:31:15.227000,416.81731152186086,7
2024-09-17 11:31:15.229000,416.7303292139727,10
2024-09-17 11:31:15.413000,416.7006309687527,99
2024-09-17 11:31:15.533000,416.7882491477328,15
2024-09-17 11:31:15.534000,416.81180825224334,15
2024-09-17 11:31:15.567000,416.8312742678017,998
2024-09-17 11:31:15.641000,416.759905686405,6
2024-09-17 11:31:15.647000,416.7929357722817,102
2024-09-17 11:31:15.649000,416.75612098201407,9
2024-09-17 11:31:15.688000,416.7402835210556,104
2024-09-17 11:31:15.719000,416.7468686396883,100
2024-09-17 11:31:15.766000,416.75445336989566,12
2024-09-17 11:31:15.789000,416.80662887769074,7
2024-09-17 11:31:15.872000,416.7016604487978,10
2024-09-17 11:31:15.885000,416.8065878716413,7
2024-09-17 11:31:15.906000,416.71595707909904,100
2024-09-17 11:31:16.113000,416.6954682841477,999
2024-09-17 11:31:16.245000,416.6801823118908,95
2024-09-17 11:31:16.247000,416.6790219747357,103
2024-09-17 11:31:16.289000,416.6877920180571,1004
2024-09-17 11:31:16.325000,416.6482726129531,100
2024-09-17 11:31:16.419000,416.6983486556112,13
2024-09-17 11:31:16.507000,416.69645056433626,11
2024-09-17 11:31:16.630000,416.7041885058461,96
2024-09-17 11:31:16.666000,416.67550920590594,1004
2024-09-17 11:31:16.822000,416.7086783467309,996
2024-09-17 11:31:16.825000,416.7174899297007,5
2024-09-17 11:31:16.914000,416.7149427082078,9
2024-09-17 11:31:16.917000,416.64807728095707,1000
2024-09-17 11:31:16.924000,416.7040717978299,1001
2024-09-17 11:31:16.939000,416.6877495586424,997
2024-09-17 11:31:18.087000,416.6333852204772,5
2024-09-17 11:31:18.153000,416.6517540900056,998
2024-09-17 11:31:18.207000,416.6392955044225,10
2024-09-17 11:31:18.332000,416.6394806968685,105
2024-09-17 11:31:18.345000,416.65917889032914,1003
2024-09-17 11:31:18.355000,416.6584134857412,97
2024-09-17 11:31:18.388000,416.6481675536228,1003
2024-09-17 11:31:18.410000,416.65180675546895,1001
2024-09-17 11:31:18.480000,416.65546833907285,10
2024-09-17 11:31:18.495000,416.6565463834718,101
2024-09-17 11:31:18.537000,416.62407086300254,1001
2024-09-17 11:31:18.544000,416.6168835306447,96
2024-09-17 11:31:18.564000,416.6408630686569,7
2024-09-17 11:31:18.572000,416.6572687321676,997
2024-09-17 11:31:18.574000,416.6368188718666,10
2024-09-17 11:31:18.579000,416.65717339081647,101
2024-09-17 11:31:18.614000,416.6524214330758,1001
2024-09-17 11:31:18.688000,416.6404806747223,1001
2024-09-17 11:31:18.809000,416.631562389728,98
2024-09-17 11:31:18.825000,416.6433936832052,8
2024-09-17 11:31:18.825000,416.61918896610473,10
2024-09-17 11:31:18.892000,416.62990520260735,98
2024-09-17 11:31:18.968000,416.6476019947068,999
2024-09-17 11:31:18.985000,416.65919806956094,999
2024-09-17 11:31:19.116000,416.6772373937146,100
2024-09-17 11:31:19.130000,416.67183417613626,96
2024-09-17 11:31:19.174000,416.6705324178199,1004
2024-09-17 11:31:19.288000,416.65068862919856,1005
2024-09-17 11:31:19.365000,416.6817109886316,14
2024-09-17 11:31:19.767000,416.66513434936087,96
2024-09-17 11:31:19.904000,416.678149386055,1005
2024-09-17 11:31:19.913000,416.6754456891254,1002
2024-09-17 11:31:19.927000,416.651090796433,10
2024-09-17 11:31:20.026000,416.62017146218,1000
2024-09-17 11:31:20.169000,416.5860738996717,1004
2024-09-17 11:31:20.269000,416.6246312619121,7
2024-09-17 11:31:20.277000,416.6282130658413,10
2024-09-17 11:31:20.307000,416.6280670314816,105
2024-09-17 11:31:20.348000,416.6053120735612,105
2024-09-17 11:31:20.367000,416.62065983031846,103
2024-09-17 11:31:20.396000,416.62136570015616,100
2024-09-17 11:31:20.413000,416.6042288401287,102
2024-09-17 11:31:20.432000,416.6201786511912,10
2024-09-17 11:31:20.472000,416.6162580000964,6
2024-09-17 11:31:20.535000,416.625633369673,1001
2024-09-17 11:31:20.569000,416.6261266463743,105
2024-09-17 11:31:20.580000,416.6357598082191,101
2024-09-17 11:31:20.638000,416.605116468458,103
2024-09-17 11:31:20.821000,416.63808221183336,100
2024-09-17 11:31:20.840000,416.6113483716479,7
2024-09-17 11:31:21.055000,416.61035092515976,1002
2024-09-17 11:31:21.076000,416.6094031098509,102
2024-09-17 11:31:21.211000,416.6062978737733,14
2024-09-17 11:31:21.303000,416.6276449028436,999
2024-09-17 11:31:21.387000,416.64072151956447,101
2024-09-17 11:31:21.398000,416.60149413377695,1005
2024-09-17 11:31:21.502000,416.61725699730937,1004
2024-09-17 11:31:21.510000,416.5995140177256,15
2024-09-17 11:31:21.511000,416.5931881154871,13
2024-09-17 11:31:21.624000,416.6360194547767,995
2024-09-17 11:31:21.652000,416.6174143035018,1004
2024-09-17 11:31:21.742000,416.6224150620197,997
2024-09-17 11:31:21.869000,416.59962693461193,105
2024-09-17 11:31:21.964000,416.5951970673294,6
2024-09-17 11:31:21.998000,416.6304062956373,1002
2024-09-17 11:31:22.145000,416.6158077680438,1002
2024-09-17 11:31:22.193000,416.6071732399522,1002
2024-09-17 11:31:22.211000,416.6311825795465,995
2024-09-17 11:31:22.241000,416.6650005880399,98
2024-09-17 11:31:22.255000,416.667454073084,995
2024-09-17 11:31:22.378000,416.6205873526993,101
2024-09-17 11:31:22.386000,416.6128287789937,6
2024-09-17 11:31:22.620000,416.6196922154245,14
2024-09-17 11:31:22.643000,416.6337914377126,8
2024-09-17 11:31:22.648000,416.66889448915214,103
2024-09-17 11:31:22.750000,416.6453169654735,99
2024-09-17 11:31:22.758000,416.602033682261,96
2024-09-17 11:31:22.886000,416.6158381278727,101
2024-09-17 11:31:23.023000,416.6783332525562,98
2024-09-17 11:31:23.031000,416.6691080757627,8
2024-09-17 11:31:23.038000,416.69450663066925,10
2024-09-17 11:31:23.327000,416.6698311065626,1003
2024-09-17 11:31:23.364000,416.66169667338,8
2024-09-17 11:31:23.459000,416.666848318456,6
2024-09-17 11:31:23.521000,416.6757594484872,14
2024-09-17 11:31:23.544000,416.6703260931197,997
2024-09-17 11:31:23.561000,416.6779610148787,14
2024-09-17 11:31:23.570000,416.6407976430101,100
2024-09-17 11:31:23.582000,416.6662121475194,997
2024-09-17 11:31:23.612000,416.6836670771351,6
2024-09-17 11:31:23.634000,416.7032689292452,999
2024-09-17 11:31:23.656000,416.667534199803,104
2024-09-17 11:31:23.750000,416.6712319174999,97
2024-09-17 11:31:23.780000,416.68442257649656,5
2024-09-17 11:31:23.788000,416.6935508321328,997
2024-09-17 11:31:23.800000,416.7005175345752,11
2024-09-17 11:31:23.847000,416.6633347582477,100
2024-09-17 11:31:23.855000,416.6804933646241,99
2024-09-17 11:31:23.864000,416.6952565863096,98
2024-09-17 11:31:23.876000,416.70399309912426,1005
2024-09-17 11:31:23.884000,416.6643423506366,103
2024-09-17 11:31:23.903000,416.6780486678718,105
2024-09-17 11:31:24.530000,416.6707470063638,5
2024-09-17 11:31:25.077000,416.6600810340539,1004
2024-09-17 11:31:25.252000,416.6244795054672,97
2024-09-17 11:31:25.321000,416.654446227006,7
2024-09-17 11:31:25.338000,416.59859269186376,11
2024-09-17 11:31:25.527000,416.6174613887955,105
2024-09-17 11:31:25.537000,416.65547039261,8
2024-09-17 11:31:25.562000,416.6415339013744,103
2024-09-17 11:31:25.566000,416.6552428780752,102
2024-09-17 11:31:25.584000,416.6347785634029,15
2024-09-17 11:31:25.664000,416.6468151051364,1000
2024-09-17 11:31:25.703000,416.6443803936482,15
2024-09-17 11:31:25.744000,416.59988093795465,14
2024-09-17 11:31:25.830000,416.65358301095193,104
2024-09-17 11:31:25.838000,416.6319653078861,9
2024-09-17 11:31:25.852000,416.6775857811798,100
2024-09-17 11:31:25.864000,416.6742627564276,6
2024-09-17 11:31:25.866000,416.6659102425504,95
2024-09-17 11:31:25.872000,416.6401426352734,100
2024-09-17 11:31:25.888000,416.65850252271633,995
2024-09-17 11:31:25.897000,416.60455017624406,10
2024-09-17 11:31:25.922000,416.5957435983439,95
2024-09-17 11:31:25.937000,416.59864343360016,8
2024-09-17 11:31:25.939000,416.583572493275,1000
2024-09-17 11:31:26.104000,416.6111019084981,99
2024-09-17 11:31:26.147000,416.60825736022167,997
2024-09-17 11:31:26.342000,416.603200174403,104
2024-09-17 11:31:26.791000,416.6165215877674,995
2024-09-17 11:31:26.831000,416.6085189510655,5
2024-09-17 11:31:27.065000,416.5981087267826,6
2024-09-17 11:31:27.103000,416.6944174793026,6
2024-09-17 11:31:27.114000,416.65433591383766,105
2024-09-17 11:31:27.147000,416.62474019509375,103
2024-09-17 11:31:27.167000,416.6641198078129,98
2024-09-17 11:31:27.185000,416.5986160205912,101
2024-09-17 11:31:27.227000,416.6121430897088,1000
2024-09-17 11:31:27.230000,416.61133771103977,105
2024-09-17 11:31:27.246000,416.6590477891848,99
2024-09-17 11:31:27.283000,416.7005801946037,9
2024-09-17 11:31:27.298000,416.6227289889282,14
2024-09-17 11:31:27.370000,416.71000227844974,11
2024-09-17 11:31:27.447000,416.5986060127853,999
2024-09-17 11:31:27.450000,416.60141314055335,7
2024-09-17 11:31:27.464000,416.6608626217208,1004
2024-09-17 11:31:27.525000,416.6491999360336,1004
2024-09-17 11:31:27.576000,416.60070364490633,1002
2024-09-17 11:31:27.708000,416.6782255025033,102
2024-09-17 11:31:27.723000,416.6858837953648,100
2024-09-17 11:31:27.771000,416.6879490951747,104
2024-09-17 11:31:27.821000,416.6609136063814,12
2024-09-17 11:31:27.876000,416.6896199856998,12
2024-09-17 11:31:27.878000,416.6025521688245,11
2024-09-17 11:31:27.890000,416.6612994956751,995
2024-09-17 11:31:27.897000,416.6533905302505,1001
2024-09-17 11:31:27.899000,416.6153138845591,14
2024-09-17 11:31:27.906000,416.6058933774438,13
2024-09-17 11:31:28.116000,416.7263351201743,1001
2024-09-17 11:31:28.186000,416.7577046491459,105
2024-09-17 11:31:28.203000,416.66468230086616,14
2024-09-17 11:31:28.304000,416.71796992980666,996
2024-09-17 11:31:28.342000,416.6866416395637,998
2024-09-17 11:31:28.346000,416.7273351500389,1002
2024-09-17 11:31:28.396000,416.6691758622713,102
2024-09-17 11:31:28.453000,416.6993009977594,8
2024-09-17 11:31:28.533000,416.69982592742383,995
2024-09-17 11:31:28.586000,416.7197723292653,102
2024-09-17 11:31:28.630000,416.7555610515277,998
2024-09-17 11:31:28.656000,416.7800206173613,97
2024-09-17 11:31:28.690000,416.7689598773483,96
2024-09-17 11:31:28.784000,416.7074298724832,1001
2024-09-17 11:31:28.786000,416.6924510089904,1001
2024-09-17 11:31:28.787000,416.7393257270367,5
2024-09-17 11:31:28.839000,416.7348549395499,7
2024-09-17 11:31:28.891000,416.7093092795506,11
2024-09-17 11:31:28.894000,416.77838524211296,998
2024-09-17 11:31:28.917000,416.7107602788776,98
2024-09-17 11:31:28.992000,416.7227630950486,14
2024-09-17 11:31:29.007000,416.7315901838262,11
2024-09-17 11:31:29.011000,416.72399755995457,96
2024-09-17 11:31:29.029000,416.7275420854313,104
2024-09-17 11:31:29.045000,416.732753237445,10
2024-09-17 11:31:29.050000,416.7397425284697,100
2024-09-17 11:31:29.107000,416.7236101704715,104
2024-09-17 11:31:29.194000,416.7246858827767,97
2024-09-17 11:31:29.212000,416.7820608318637,6
2024-09-17 11:31:29.281000,416.7430082059544,997
2024-09-17 11:31:29.302000,416.70938422538217,8
2024-09-17 11:31:29.458000,416.7572365564269,1000
2024-09-17 11:31:29.526000,416.7333602661388,13
2024-09-17 11:31:29.609000,416.7613441943354,5
2024-09-17 11:31:29.630000,416.7576125663028,100
2024-09-17 11:31:29.711000,416.7473360675083,995
2024-09-17 11:31:29.717000,416.7450496999431,105
2024-09-17 11:31:29.746000,416.7568932982936,11
2024-09-17 11:31:29.778000,416.7533986556473,101
2024-09-17 11:31:29.818000,416.7464735982411,101
2024-09-17 11:31:29.835000,416.7272789793847,1005
2024-09-17 11:31:29.888000,416.7674277372977,995
2024-09-17 11:31:29.923000,416.7492626140019,101
2024-09-17 11:31:30.291000,416.7210049092863,5
2024-09-17 11:31:30.614000,416.7249962375144,98
2024-09-17 11:31:30.700000,416.7273472924608,998
2024-09-17 11:31:30.764000,416.7361843669658,105
2024-09-17 11:31:31.078000,416.7844958225084,14
2024-09-17 11:31:31.160000,416.7965475232897,10
2024-09-17 11:31:31.209000,416.7807527490761,98
2024-09-17 11:31:31.291000,416.7865150045446,997
2024-09-17 11:31:31.306000,416.8636988420335,104
2024-09-17 11:31:31.330000,416.7862863816708,995
2024-09-17 11:31:31.406000,416.8313336969583,1000
2024-09-17 11:31:31.485000,416.789405909159,996
2024-09-17 11:31:31.798000,416.7709659220905,1005
2024-09-17 11:31:31.958000,416.78203627391247,5
2024-09-17 11:31:32.008000,416.87107696865496,1004
2024-09-17 11:31:32.016000,416.8380783150017,13
2024-09-17 11:31:32.034000,416.8135842664105,1001
2024-09-17 11:31:32.053000,416.8556984221029,7
2024-09-17 11:31:32.101000,416.8488454917332,99
2024-09-17 11:31:32.177000,416.8521936412633,1001
2024-09-17 11:31:32.201000,416.8260305721766,1002
2024-09-17 11:31:32.201000,416.7991870169673,96
2024-09-17 11:31:32.258000,416.84016902284736,101
2024-09-17 11:31:32.291000,416.8282729461618,102
2024-09-17 11:31:32.351000,416.8369780855008,15
2024-09-17 11:31:32.352000,416.8544950684909,1004
2024-09-17 11:31:32.365000,416.86602345663215,105
2024-09-17 11:31:32.385000,416.815857403728,7
2024-09-17 11:31:32.446000,416.8408289602888,11
2024-09-17 11:31:32.476000,416.8381578455993,8
2024-09-17 11:31:32.575000,416.8454577425785,996
2024-09-17 11:31:32.594000,416.8016656177264,100
2024-09-17 11:31:32.657000,416.8361823455666,995
2024-09-17 11:31:32.696000,416.8312320424291,1000
2024-09-17 11:31:32.760000,416.8118997182359,999
2024-09-17 11:31:32.776000,416.85024244790856,8
2024-09-17 11:31:32.855000,416.79262412587065,1004
2024-09-17 11:31:32.898000,416.8586018633553,996
2024-09-17 11:31:32.912000,416.8311241310657,10
2024-09-17 11:31:32.988000,416.8407955011769,103
2024-09-17 11:31:33.563000,416.8676512297308,999
2024-09-17 11:31:33.649000,416.85418101866,8
2024-09-17 11:31:33.748000,416.87147654869904,1004
2024-09-17 11:31:34.093000,416.9033462445474,101
2024-09-17 11:31:34.124000,416.8882312811288,98
2024-09-17 11:31:34.125000,416.8927936566835,103
2024-09-17 11:31:34.215000,416.892509373177,96
2024-09-17 11:31:34.232000,416.8670800219909,105
2024-09-17 11:31:34.361000,416.8307235909023,15
2024-09-17 11:31:34.437000,416.89351424053,97
2024-09-17 11:31:34.517000,416.86016769312704,8
2024-09-17 11:31:34.538000,416.88735872064376,9
2024-09-17 11:31:34.541000,416.834724101384,1003
2024-09-17 11:31:34.551000,416.8219082046258,1005
2024-09-17 11:31:34.558000,416.8876554960528,100
2024-09-17 11:31:34.640000,416.8316104390605,1002
2024-09-17 11:31:34.676000,416.8676600774598,98
2024-09-17 11:31:34.678000,416.8341085840631,8
2024-09-17 11:31:34.802000,416.8849999046025,1002
2024-09-17 11:31:34.837000,416.8651720364162,995
2024-09-17 11:31:34.872000,416.8906719554479,13
2024-09-17 11:31:34.891000,416.8287797436376,103
2024-09-17 11:31:34.946000,416.8377282076149,9
2024-09-17 11:31:35.076000,416.8084559277979,1005
2024-09-17 11:31:35.118000,416.8228406845842,1003
2024-09-17 11:31:35.171000,416.8312271900724,102
2024-09-17 11:31:35.311000,416.792291373386,15
2024-09-17 11:31:35.333000,416.8024469907372,6
2024-09-17 11:31:35.372000,416.8304644161802,1003
2024-09-17 11:31:35.385000,416.8266652213152,11
2024-09-17 11:31:35.407000,416.8214025231876,6
2024-09-17 11:31:35.415000,416.811894253884,95
2024-09-17 11:31:35.442000,416.8324159277847,12
2024-09-17 11:31:35.460000,416.8306494749848,101
2024-09-17 11:31:35.528000,416.81985627566974,99
2024-09-17 11:31:35.543000,416.8089540661686,1001
2024-09-17 11:31:35.599000,416.8213806338096,14
2024-09-17 11:31:35.622000,416.82071661732925,7
2024-09-17 11:31:35.656000,416.8329781644027,15
2024-09-17 11:31:35.679000,416.7998418501413,101
2024-09-17 11:31:35.687000,416.8098727211274,105
2024-09-17 11:31:35.708000,416.8246546963624,105
2024-09-17 11:31:35.815000,416.816773116458,105
2024-09-17 11:31:35.826000,416.8029332537692,97
2024-09-17 11:31:35.947000,416.8307455939712,103
2024-09-17 11:31:36.004000,416.8067796923243,100
2024-09-17 11:31:36.218000,416.82718913901454,100
2024-09-17 11:31:36.558000,416.8252035839708,98
2024-09-17 11:31:37.065000,416.81709435209217,8
2024-09-17 11:31:37.848000,416.8076052293323,996
2024-09-17 11:31:37.955000,416.8149880642914,15
2024-09-17 11:31:38.014000,416.8194813843278,10
2024-09-17 11:31:38.090000,416.8341514118866,1000
2024-09-17 11:31:38.174000,416.8088630044738,99
2024-09-17 11:31:38.178000,416.8286558236474,99
2024-09-17 11:31:38.544000,416.8253828159579,15
2024-09-17 11:31:38.951000,416.83497394110464,995
2024-09-17 11:31:39.055000,416.8593905977276,96
2024-09-17 11:31:39.063000,416.82868578877634,1004
2024-09-17 11:31:39.449000,416.8459009791627,997
2024-09-17 11:31:39.563000,416.8261834592973,996
2024-09-17 11:31:40.068000,416.807425016911,6
2024-09-17 11:31:40.098000,416.82881966346713,15
2024-09-17 11:31:40.171000,416.8681651781288,8
2024-09-17 11:31:40.182000,416.8446473717936,9
2024-09-17 11:31:40.206000,416.88137047524606,101
2024-09-17 11:31:40.426000,416.8950082235892,102
2024-09-17 11:31:40.507000,416.8641005504333,13
2024-09-17 11:31:40.587000,416.83891387273127,99
2024-09-17 11:31:40.670000,416.8862124277665,98
2024-09-17 11:31:40.679000,416.8341853598632,997
2024-09-17 11:31:40.821000,416.83440637130127,1004
2024-09-17 11:31:40.827000,416.86870446322695,104
2024-09-17 11:31:41.066000,416.80712979808766,5
2024-09-17 11:31:41.332000,416.8137099217685,97
2024-09-17 11:31:41.937000,416.8165109024644,12
2024-09-17 11:31:42.015000,416.8299057263988,105
2024-09-17 11:31:42.015000,416.8053973677715,15
2024-09-17 11:31:42.146000,416.81022676481,103
2024-09-17 11:31:42.322000,416.8250267851938,1002
2024-09-17 11:31:42.390000,416.8154295368612,97
2024-09-17 11:31:42.411000,416.8231649831264,997
2024-09-17 11:31:42.780000,416.82220287210055,13
2024-09-17 11:31:42.862000,416.7876191182808,6
2024-09-17 11:31:42.901000,416.7770826987113,996
2024-09-17 11:31:42.943000,416.8216460087112,95
2024-09-17 11:31:42.945000,416.79774803177935,103
2024-09-17 11:31:42.989000,416.80723298374727,999
2024-09-17 11:31:43.701000,416.8298065306707,9
2024-09-17 11:31:43.795000,416.8231742011434,5
2024-09-17 11:31:43.889000,416.8209126399241,997
2024-09-17 11:31:44.110000,416.8164711580981,1002
2024-09-17 11:31:44.283000,416.8259809900816,996
2024-09-17 11:31:44.480000,416.8162363352303,998
2024-09-17 11:31:44.522000,416.83675778073297,104
2024-09-17 11:31:44.639000,416.8266202523196,1005
2024-09-17 11:31:44.658000,416.8184839750047,11
2024-09-17 11:31:44.690000,416.816635817228,99
2024-09-17 11:31:44.968000,416.8276186102175,1003
2024-09-17 11:31:44.989000,416.8198700371056,14
2024-09-17 11:31:45.026000,416.7744901353376,11
2024-09-17 11:31:45.039000,416.7923890313516,11
2024-09-17 11:31:45.040000,416.782155358652,96
2024-09-17 11:31:45.150000,416.8394004317312,13
2024-09-17 11:31:45.183000,416.7796748790958,997
2024-09-17 11:31:45.233000,416.7534713363301,1000
2024-09-17 11:31:45.259000,416.78653896493,997
2024-09-17 11:31:45.339000,416.78172786130455,996
2024-09-17 11:31:45.350000,416.7789771419093,96
2024-09-17 11:31:45.408000,416.7847184519271,98
2024-09-17 11:31:45.437000,416.7869137968,98
2024-09-17 11:31:45.460000,416.8037164308819,105
2024-09-17 11:31:45.513000,416.8596060646796,98
2024-09-17 11:31:45.588000,416.8522239774604,98
2024-09-17 11:31:45.688000,416.84848010532096,95
2024-09-17 11:31:45.753000,416.83940919627634,1003
2024-09-17 11:31:45.803000,416.8384938957728,995
2024-09-17 11:31:45.878000,416.77189987459104,1002
2024-09-17 11:31:45.999000,416.8016159901704,8
2024-09-17 11:31:47.058000,416.7558239947143,1003
2024-09-17 11:31:47.098000,416.7527304671423,100
2024-09-17 11:31:47.194000,416.7509467242249,12
2024-09-17 11:31:47.197000,416.7693985185392,1001
2024-09-17 11:31:47.213000,416.7729419924322,1004
2024-09-17 11:31:47.217000,416.746815160569,99
2024-09-17 11:31:47.303000,416.7578270693962,6
2024-09-17 11:31:47.345000,416.7600266221965,1001
2024-09-17 11:31:47.428000,416.7725547204764,996
2024-09-17 11:31:47.514000,416.74540318603965,15
2024-09-17 11:31:47.740000,416.7693466065761,98
2024-09-17 11:31:47.747000,416.76900885211256,15
2024-09-17 11:31:47.772000,416.7397884507654,101
2024-09-17 11:31:47.783000,416.7620385809378,6
2024-09-17 11:31:47.808000,416.7547591117479,998
2024-09-17 11:31:47.841000,416.7510122699746,100
2024-09-17 11:31:47.874000,416.77167148437087,8
2024-09-17 11:31:47.902000,416.7477762459696,96
2024-09-17 11:31:47.952000,416.7802580540599,15
2024-09-17 11:31:47.962000,416.7652168594448,999
2024-09-17 11:31:48.010000,416.7449195817318,6
2024-09-17 11:31:48.016000,416.753845089006,1003
2024-09-17 11:31:48.300000,416.7683050970622,101
2024-09-17 11:31:48.343000,416.7616574945666,995
2024-09-17 11:31:48.602000,416.757120971454,1002
2024-09-17 11:31:48.887000,416.75577626472295,8
2024-09-17 11:31:48.916000,416.75590919356176,8
2024-09-17 11:31:49.035000,416.7241478430452,997
2024-09-17 11:31:49.059000,416.7214288514536,10
2024-09-17 11:31:49.505000,416.7496003770281,999
2024-09-17 11:31:49.570000,416.7372370206792,996
2024-09-17 11:31:49.578000,416.7378456214774,102
2024-09-17 11:31:49.776000,416.7314264501295,101
2024-09-17 11:31:50.057000,416.7605414886106,104
2024-09-17 11:31:50.310000,416.7619508216645,13
2024-09-17 11:31:50.323000,416.7586455853048,998
2024-09-17 11:31:50.900000,416.7362578739272,101
2024-09-17 11:31:51.346000,416.76171276411606,1003
2024-09-17 11:31:51.946000,416.7966957799599,105
2024-09-17 11:31:52.069000,416.7562732347473,105
2024-09-17 11:31:52.076000,416.79059349948,101
2024-09-17 11:31:52.108000,416.81088908496776,1004
2024-09-17 11:31:52.230000,416.79174626367023,1000
2024-09-17 11:31:52.293000,416.75405092053546,100
2024-09-17 11:31:52.328000,416.7527853008175,15
2024-09-17 11:31:52.347000,416.7965581207204,13
2024-09-17 11:31:52.351000,416.74315367498986,14
2024-09-17 11:31:52.542000,416.76359507016326,99
2024-09-17 11:31:52.680000,416.7438129461467,97
2024-09-17 11:31:52.789000,416.7363929300613,7
2024-09-17 11:31:52.939000,416.7937560350022,8
2024-09-17 11:31:52.974000,416.7536146880673,98
2024-09-17 11:31:53.016000,416.76815439473614,1004
2024-09-17 11:31:53.020000,416.81444020623184,997
2024-09-17 11:31:53.053000,416.8172841961903,13
2024-09-17 11:31:53.081000,416.7596132672661,105
2024-09-17 11:31:53.101000,416.8127175885049,1001
2024-09-17 11:31:53.118000,416.8858718833996,105
2024-09-17 11:31:53.144000,416.8281336454731,7
2024-09-17 11:31:53.172000,416.8156547598316,14
2024-09-17 11:31:53.177000,416.7503449407834,10
2024-09-17 11:31:53.266000,416.750614711348,102
2024-09-17 11:31:53.277000,416.7490760236347,997
2024-09-17 11:31:53.296000,416.7585346195386,13
2024-09-17 11:31:53.371000,416.7588687252424,995
2024-09-17 11:31:53.406000,416.84321424664273,1005
2024-09-17 11:31:53.429000,416.7682645312559,10
2024-09-17 11:31:53.440000,416.8619024909046,1001
2024-09-17 11:31:53.465000,416.7638969568508,15
2024-09-17 11:31:53.494000,416.8140573949224,98
2024-09-17 11:31:53.517000,416.7781414677372,1003
2024-09-17 11:31:53.519000,416.7936657203018,10
2024-09-17 11:31:53.555000,416.8729520847133,104
2024-09-17 11:31:53.559000,416.87539343741474,15
2024-09-17 11:31:53.566000,416.8280118781025,99
2024-09-17 11:31:53.639000,416.7651077484322,1001
2024-09-17 11:31:53.653000,416.75991960508,100
2024-09-17 11:31:53.677000,416.8351874269639,1005
2024-09-17 11:31:53.878000,416.8750047092449,996
2024-09-17 11:31:53.920000,416.77229945926354,96
2024-09-17 11:31:53.920000,416.8128792890203,1000
2024-09-17 11:31:53.995000,416.74967950856825,1001
2024-09-17 11:31:54.039000,416.8982117520226,98
2024-09-17 11:31:54.060000,416.88287293349816,14
2024-09-17 11:31:54.067000,416.8713782740946,102
2024-09-17 11:31:54.116000,416.8563840717593,10
2024-09-17 11:31:54.133000,416.867059049266,13
2024-09-17 11:31:54.138000,416.8902709814039,103
2024-09-17 11:31:54.175000,416.88657094033886,100
2024-09-17 11:31:54.178000,416.8819864481079,101
2024-09-17 11:31:54.186000,416.917575240144,10
2024-09-17 11:31:54.208000,416.8940904189562,11
2024-09-17 11:31:54.293000,416.9097012431011,97
2024-09-17 11:31:54.308000,416.8522738565669,1004
2024-09-17 11:31:54.343000,416.9018650980701,8
2024-09-17 11:31:54.349000,416.87794860043175,96
2024-09-17 11:31:54.355000,416.87138784373855,1003
2024-09-17 11:31:54.433000,416.9069164153779,5
2024-09-17 11:31:54.444000,416.900521527298,104
2024-09-17 11:31:54.455000,416.8668087572885,97
2024-09-17 11:31:54.470000,416.8742116335573,997
2024-09-17 11:31:54.540000,416.8881194681599,1005
2024-09-17 11:31:54.540000,416.8848905921817,104
2024-09-17 11:31:54.586000,416.859567806554,15
2024-09-17 11:31:54.802000,416.8930895139669,1004
2024-09-17 11:31:54.869000,416.8895492267234,15
2024-09-17 11:31:54.917000,416.87942019446274,5
2024-09-17 11:31:54.979000,416.87051956736826,12
2024-09-17 11:31:55.120000,416.85825547899697,7
2024-09-17 11:31:55.200000,416.8419638651776,10
2024-09-17 11:31:55.225000,416.8586481428618,1000
2024-09-17 11:31:55.283000,416.8453924856343,104
2024-09-17 11:31:55.394000,416.8502558414612,5
2024-09-17 11:31:55.536000,416.8437888688346,100
2024-09-17 11:31:55.621000,416.8519919924083,97
2024-09-17 11:31:55.665000,416.8377753624261,15
2024-09-17 11:31:55.831000,416.8380089903169,14
2024-09-17 11:31:55.838000,416.8286087766204,13
2024-09-17 11:31:55.842000,416.83496630249584,6
2024-09-17 11:31:55.855000,416.8310540236399,996
2024-09-17 11:31:55.877000,416.8483593305344,102
2024-09-17 11:31:55.887000,416.8688887117,1002
2024-09-17 11:31:55.968000,416.8422586998984,97
2024-09-17 11:31:56.012000,416.8475871338199,10
2024-09-17 11:31:56.030000,416.82721022873176,1003
2024-09-17 11:31:56.036000,416.8652084984298,14
2024-09-17 11:31:56.089000,416.8333944693347,101
2024-09-17 11:31:56.182000,416.825420335059,999
2024-09-17 11:31:56.238000,416.8688097123858,95
2024-09-17 11:31:56.242000,416.8249150641612,1005
2024-09-17 11:31:56.269000,416.8450231907532,6
2024-09-17 11:31:56.270000,416.8627957628834,1002
2024-09-17 11:31:56.317000,416.8434747295406,13
2024-09-17 11:31:56.324000,416.8323891500784,1005
2024-09-17 11:31:56.335000,416.8323040961738,12
2024-09-17 11:31:56.374000,416.8388512106008,1000
2024-09-17 11:31:56.413000,416.8183813840591,1005
2024-09-17 11:31:56.420000,416.8514015442613,105
2024-09-17 11:31:56.440000,416.834049134487,1005
2024-09-17 11:31:56.445000,416.8482084026761,12
2024-09-17 11:31:56.459000,416.84722068049024,997
2024-09-17 11:31:56.630000,416.85512388334337,15
2024-09-17 11:31:56.646000,416.8612602907589,14
2024-09-17 11:31:56.661000,416.8381737033693,9
2024-09-17 11:31:56.691000,416.8524120262834,1005
2024-09-17 11:31:56.706000,416.84058930312864,102
2024-09-17 11:31:56.867000,416.8244088020263,15
2024-09-17 11:31:56.890000,416.8529814134136,1005
2024-09-17 11:31:56.965000,416.85189607940765,9
2024-09-17 11:31:56.976000,416.8389200564554,5
2024-09-17 11:31:56.984000,416.8510126752629,99
2024-09-17 11:31:57.044000,416.8030274581489,100
2024-09-17 11:31:57.210000,416.8322153581331,1004
2024-09-17 11:31:57.221000,416.8666462715154,99
2024-09-17 11:31:57.243000,416.91154328021656,1003
2024-09-17 11:31:57.255000,416.8630313752201,98
2024-09-17 11:31:57.273000,416.88427923378015,105
2024-09-17 11:31:57.296000,416.83621252175016,998
2024-09-17 11:31:57.315000,416.9106759476146,5
2024-09-17 11:31:57.354000,416.8997246155904,999
2024-09-17 11:31:57.522000,416.91017378463744,1001
2024-09-17 11:31:57.571000,416.87926534245776,101
2024-09-17 11:31:57.678000,416.9035899866376,98
2024-09-17 11:31:57.715000,416.8934803214014,998
2024-09-17 11:31:57.741000,416.8122799981084,996
2024-09-17 11:31:57.801000,416.8765359113887,9
2024-09-17 11:31:57.820000,416.89739351435776,1002
2024-09-17 11:31:57.839000,416.8836575979422,12
2024-09-17 11:31:57.885000,416.817976436816,11
2024-09-17 11:31:57.900000,416.8343561280654,105
2024-09-17 11:31:57.910000,416.8798757445481,95
2024-09-17 11:31:57.927000,416.832059032056,11
2024-09-17 11:31:57.986000,416.8648962402048,97
2024-09-17 11:31:58.018000,416.887915821284,5
2024-09-17 11:31:58.102000,416.918265148279,998
2024-09-17 11:31:58.125000,416.90598591268287,1002
2024-09-17 11:31:58.251000,416.9030320527222,101
2024-09-17 11:31:58.317000,416.87010862435534,5
2024-09-17 11:31:58.382000,416.8729692219458,14
2024-09-17 11:31:58.393000,416.86169320792993,95
2024-09-17 11:31:58.472000,416.9092635940542,1001
2024-09-17 11:31:58.670000,416.8706393723344,1001
2024-09-17 11:31:58.918000,416.88747975079696,7
2024-09-17 11:31:58.991000,416.9035801085706,11
2024-09-17 11:31:59.001000,416.9366198878547,999
2024-09-17 11:31:59.013000,416.9296386786487,11
2024-09-17 11:31:59.109000,416.9149097938448,1001
2024-09-17 11:31:59.211000,416.898490885642,99
2024-09-17 11:31:59.235000,416.894165318792,1000
2024-09-17 11:31:59.273000,416.9604134318581,105
2024-09-17 11:31:59.281000,416.9301312890466,8
2024-09-17 11:31:59.307000,416.9499465361511,95
2024-09-17 11:31:59.329000,416.9442315676199,996
2024-09-17 11:31:59.406000,416.90536607419176,97
2024-09-17 11:31:59.430000,416.8810167955453,102
2024-09-17 11:31:59.697000,416.9180210658861,13
2024-09-17 11:31:59.739000,416.9528451103952,11
2024-09-17 11:31:59.903000,416.8846646428092,104
