Timestamp,Price,Size
2024-09-16 14:05:00.060000,415.5803393024488,1001
2024-09-16 14:05:00.087000,415.5605301437686,997
2024-09-16 14:05:00.465000,415.5909092052096,1003
2024-09-16 14:05:00.623000,415.5759887617385,101
2024-09-16 14:05:00.712000,415.5739986401657,11
2024-09-16 14:05:00.849000,415.57522823830544,9
2024-09-16 14:05:01.461000,415.5785578820163,999
2024-09-16 14:05:01.588000,415.57319590646233,101
2024-09-16 14:05:01.639000,415.5780185847408,1000
2024-09-16 14:05:01.658000,415.5759282418097,100
2024-09-16 14:05:02.090000,415.5697275798857,998
2024-09-16 14:05:02.333000,415.551458036962,1001
2024-09-16 14:05:02.356000,415.5801269885839,101
2024-09-16 14:05:02.442000,415.5365297134322,103
2024-09-16 14:05:02.591000,415.5813935227712,15
2024-09-16 14:05:02.594000,415.6018434469274,996
2024-09-16 14:05:02.604000,415.6037705509136,6
2024-09-16 14:05:02.704000,415.59769213872863,6
2024-09-16 14:05:02.819000,415.5673122564341,105
2024-09-16 14:05:02.832000,415.5675359073238,13
2024-09-16 14:05:03.022000,415.61769171930297,96
2024-09-16 14:05:03.025000,415.5986242795759,101
2024-09-16 14:05:03.082000,415.6105648731158,999
2024-09-16 14:05:03.084000,415.6277870148886,1003
2024-09-16 14:05:03.110000,415.60196293039536,1002
2024-09-16 14:05:03.220000,415.6116133641653,1004
2024-09-16 14:05:03.519000,415.62063349914064,101
2024-09-16 14:05:03.573000,415.58949689710886,98
2024-09-16 14:05:03.624000,415.6145101141362,999
2024-09-16 14:05:03.667000,415.63181632979376,11
2024-09-16 14:05:03.728000,415.6046411589512,14
2024-09-16 14:05:03.746000,415.6158705165796,999
2024-09-16 14:05:03.764000,415.60973901811286,997
2024-09-16 14:05:03.780000,415.61101770630455,5
2024-09-16 14:05:04.009000,415.60206249160416,996
2024-09-16 14:05:04.009000,415.5621246676431,1004
2024-09-16 14:05:04.060000,415.5952877124768,103
2024-09-16 14:05:04.066000,415.60051129709024,102
2024-09-16 14:05:04.134000,415.549703159049,1005
2024-09-16 14:05:04.173000,415.5811360614656,1004
2024-09-16 14:05:04.212000,415.5903008505576,1000
2024-09-16 14:05:04.298000,415.56732742798846,103
2024-09-16 14:05:04.316000,415.6058427036832,12
2024-09-16 14:05:04.359000,415.60597234831727,15
2024-09-16 14:05:04.361000,415.5673794778479,1004
2024-09-16 14:05:04.408000,415.6003572286861,8
2024-09-16 14:05:04.479000,415.5314178404341,8
2024-09-16 14:05:04.529000,415.6174609511832,97
2024-09-16 14:05:04.563000,415.58531275480414,97
2024-09-16 14:05:04.574000,415.5859570925503,1001
2024-09-16 14:05:04.601000,415.5395878858043,14
2024-09-16 14:05:04.612000,415.6203637938726,9
2024-09-16 14:05:04.672000,415.5916311323876,1002
2024-09-16 14:05:04.701000,415.5751203857352,1001
2024-09-16 14:05:04.809000,415.5677851165844,996
2024-09-16 14:05:04.843000,415.6046748844488,102
2024-09-16 14:05:04.855000,415.5323322715273,999
2024-09-16 14:05:04.899000,415.6198820042218,9
2024-09-16 14:05:04.907000,415.5477787545679,103
2024-09-16 14:05:04.964000,415.596140715179,1000
2024-09-16 14:05:04.970000,415.5377820555945,99
2024-09-16 14:05:05.079000,415.551563241362,996
2024-09-16 14:05:05.083000,415.532338479696,10
2024-09-16 14:05:05.140000,415.5516604311888,12
2024-09-16 14:05:05.141000,415.5828533894942,99
2024-09-16 14:05:05.158000,415.5407608554817,96
2024-09-16 14:05:05.206000,415.56929361839457,101
2024-09-16 14:05:05.275000,415.51354844554993,6
2024-09-16 14:05:05.283000,415.5651533508444,102
2024-09-16 14:05:05.336000,415.5598785936574,995
2024-09-16 14:05:05.379000,415.52894474508406,99
2024-09-16 14:05:05.475000,415.541902338433,6
2024-09-16 14:05:05.480000,415.56337909764375,10
2024-09-16 14:05:05.538000,415.5203110581943,97
2024-09-16 14:05:05.667000,415.56006164356165,999
2024-09-16 14:05:05.741000,415.57512906391423,105
2024-09-16 14:05:05.759000,415.5586276314295,100
2024-09-16 14:05:05.912000,415.5404030078026,97
2024-09-16 14:05:05.953000,415.5285389589176,8
2024-09-16 14:05:05.964000,415.5579740587864,12
2024-09-16 14:05:05.983000,415.53366628947424,1001
2024-09-16 14:05:06.063000,415.53439235708174,996
2024-09-16 14:05:06.073000,415.5063143476475,1001
2024-09-16 14:05:06.077000,415.4887266368619,999
2024-09-16 14:05:06.078000,415.4984333323008,104
2024-09-16 14:05:06.286000,415.5354901108534,996
2024-09-16 14:05:06.308000,415.501683633554,5
2024-09-16 14:05:06.353000,415.54377537125566,6
2024-09-16 14:05:06.369000,415.4934342854991,102
2024-09-16 14:05:06.527000,415.5032406119277,5
2024-09-16 14:05:06.536000,415.53143910533794,10
2024-09-16 14:05:06.673000,415.4972031672661,98
2024-09-16 14:05:06.691000,415.5041885232964,995
2024-09-16 14:05:06.705000,415.5309676333706,105
2024-09-16 14:05:06.708000,415.5057803298711,96
2024-09-16 14:05:06.764000,415.50054616967634,104
2024-09-16 14:05:06.773000,415.4947639647461,1000
2024-09-16 14:05:06.786000,415.4993383988738,1005
2024-09-16 14:05:06.859000,415.50732813269866,7
2024-09-16 14:05:06.904000,415.53664681944736,5
2024-09-16 14:05:07.090000,415.5573723752997,10
2024-09-16 14:05:07.119000,415.5623371038743,1001
2024-09-16 14:05:07.185000,415.5557945132741,995
2024-09-16 14:05:07.192000,415.5585030173182,15
2024-09-16 14:05:07.261000,415.5456198197097,97
2024-09-16 14:05:07.280000,415.57075884932937,1002
2024-09-16 14:05:07.289000,415.5677838024683,7
2024-09-16 14:05:07.510000,415.546698678948,98
2024-09-16 14:05:07.514000,415.534218282378,8
2024-09-16 14:05:07.577000,415.5342617339177,1003
2024-09-16 14:05:07.675000,415.5705179148476,11
2024-09-16 14:05:07.685000,415.5446335743316,96
2024-09-16 14:05:07.736000,415.5613169535426,8
2024-09-16 14:05:07.763000,415.5488841835282,95
2024-09-16 14:05:07.837000,415.5478704287464,15
2024-09-16 14:05:07.856000,415.5570832498729,105
2024-09-16 14:05:07.973000,415.5201410253264,998
2024-09-16 14:05:08.492000,415.5719405840621,995
2024-09-16 14:05:08.888000,415.5809276415417,999
2024-09-16 14:05:09.055000,415.58889906632544,1001
2024-09-16 14:05:09.058000,415.54174838786935,98
2024-09-16 14:05:09.060000,415.5673724926583,103
2024-09-16 14:05:09.204000,415.55634313775766,95
2024-09-16 14:05:09.217000,415.5543478948958,101
2024-09-16 14:05:09.240000,415.5500231290009,103
2024-09-16 14:05:09.376000,415.5612093724064,101
2024-09-16 14:05:09.382000,415.5847672553794,996
2024-09-16 14:05:09.426000,415.4925003982462,95
2024-09-16 14:05:09.449000,415.5698575905943,99
2024-09-16 14:05:09.665000,415.5109595417858,102
2024-09-16 14:05:09.676000,415.581093320359,9
2024-09-16 14:05:09.799000,415.57392117337247,103
2024-09-16 14:05:09.816000,415.5535463381381,98
2024-09-16 14:05:09.964000,415.5067723529149,99
2024-09-16 14:05:09.986000,415.576454785278,1004
2024-09-16 14:05:10.044000,415.47179568168906,101
2024-09-16 14:05:10.113000,415.4925213339418,6
2024-09-16 14:05:10.219000,415.5131716273903,101
2024-09-16 14:05:10.270000,415.4824042720236,8
2024-09-16 14:05:10.343000,415.50025590433535,102
2024-09-16 14:05:10.406000,415.4928418149376,1004
2024-09-16 14:05:10.443000,415.4956847697272,13
2024-09-16 14:05:10.447000,415.4787672758254,999
2024-09-16 14:05:10.477000,415.50715627094377,13
2024-09-16 14:05:10.528000,415.4738336159885,104
2024-09-16 14:05:10.683000,415.4690628732915,105
2024-09-16 14:05:10.745000,415.500327953042,101
2024-09-16 14:05:10.880000,415.4791504254366,101
2024-09-16 14:05:11.026000,415.459421957832,98
2024-09-16 14:05:11.230000,415.4865540439441,105
2024-09-16 14:05:11.290000,415.4714482862729,997
2024-09-16 14:05:11.628000,415.4734311041216,7
2024-09-16 14:05:12.097000,415.482053897319,102
2024-09-16 14:05:12.137000,415.5247419428568,998
2024-09-16 14:05:12.268000,415.47884332015934,1001
2024-09-16 14:05:12.619000,415.5061115210912,15
2024-09-16 14:05:12.640000,415.5037306590746,102
2024-09-16 14:05:12.680000,415.5193703434764,98
2024-09-16 14:05:12.708000,415.496622897677,14
2024-09-16 14:05:12.753000,415.5102869054776,104
2024-09-16 14:05:12.777000,415.5020578292599,995
2024-09-16 14:05:12.963000,415.4981785233162,7
2024-09-16 14:05:12.969000,415.5018950705652,14
2024-09-16 14:05:13.008000,415.4885861948232,102
2024-09-16 14:05:13.157000,415.5429140096109,1005
2024-09-16 14:05:13.255000,415.54452436418654,998
2024-09-16 14:05:13.265000,415.4784997282076,8
2024-09-16 14:05:13.358000,415.49081589774687,97
2024-09-16 14:05:13.553000,415.4727341485586,999
2024-09-16 14:05:13.571000,415.54394664589614,99
2024-09-16 14:05:13.590000,415.4981736851501,12
2024-09-16 14:05:13.633000,415.5289013400409,1001
2024-09-16 14:05:13.674000,415.4968627651752,13
2024-09-16 14:05:13.705000,415.48474932246495,100
2024-09-16 14:05:13.798000,415.5053301659783,105
2024-09-16 14:05:13.873000,415.5249111888016,1002
2024-09-16 14:05:13.935000,415.4993206054421,104
2024-09-16 14:05:13.939000,415.5475475555605,15
2024-09-16 14:05:13.969000,415.4899070869794,997
2024-09-16 14:05:14.167000,415.57467682380815,101
2024-09-16 14:05:14.223000,415.56735191691735,7
2024-09-16 14:05:14.313000,415.565727699172,12
2024-09-16 14:05:14.379000,415.5438711504606,11
2024-09-16 14:05:14.408000,415.5601562697178,1005
2024-09-16 14:05:14.413000,415.5618641913548,1001
2024-09-16 14:05:14.429000,415.57029568383393,999
2024-09-16 14:05:14.544000,415.5648641520451,1003
2024-09-16 14:05:14.851000,415.57196444039903,11
2024-09-16 14:05:14.951000,415.5490375218632,105
2024-09-16 14:05:15.025000,415.6254566556393,100
2024-09-16 14:05:15.130000,415.5522819406149,999
2024-09-16 14:05:15.168000,415.54350312744486,998
2024-09-16 14:05:15.220000,415.5872514936123,995
2024-09-16 14:05:15.266000,415.5698321620754,1004
2024-09-16 14:05:15.340000,415.5498104298978,102
2024-09-16 14:05:15.342000,415.6038356854724,100
2024-09-16 14:05:15.343000,415.55624991926726,102
2024-09-16 14:05:15.390000,415.64372550186505,1002
2024-09-16 14:05:15.551000,415.5654501889781,6
2024-09-16 14:05:15.579000,415.5515305294868,97
2024-09-16 14:05:15.597000,415.5815680887889,105
2024-09-16 14:05:15.603000,415.56502231921456,98
2024-09-16 14:05:15.633000,415.5974857834825,98
2024-09-16 14:05:15.643000,415.6217946445413,99
2024-09-16 14:05:15.646000,415.5490094215146,5
2024-09-16 14:05:15.679000,415.6366959116039,95
2024-09-16 14:05:15.683000,415.5897855206204,15
2024-09-16 14:05:15.704000,415.56040637229705,8
2024-09-16 14:05:15.706000,415.5563172391017,103
2024-09-16 14:05:15.711000,415.56198321704784,103
2024-09-16 14:05:15.753000,415.5615815335156,1001
2024-09-16 14:05:15.771000,415.52764748421794,15
2024-09-16 14:05:15.815000,415.5305351947393,1000
2024-09-16 14:05:15.829000,415.6383822839739,15
2024-09-16 14:05:15.836000,415.55203389317,998
2024-09-16 14:05:15.927000,415.5464519091304,998
2024-09-16 14:05:15.976000,415.6044942745221,1005
2024-09-16 14:05:16.081000,415.63198532703854,996
2024-09-16 14:05:16.098000,415.655311750566,8
2024-09-16 14:05:16.352000,415.6461102954377,998
2024-09-16 14:05:16.370000,415.6172781566416,1002
2024-09-16 14:05:16.371000,415.6220113276013,1003
2024-09-16 14:05:16.419000,415.6406201877376,105
2024-09-16 14:05:16.439000,415.6216131167047,996
2024-09-16 14:05:16.441000,415.6311067471645,1004
2024-09-16 14:05:16.450000,415.6589476180857,996
2024-09-16 14:05:16.545000,415.6567864144984,102
2024-09-16 14:05:16.547000,415.6455561583503,96
2024-09-16 14:05:16.556000,415.660905549525,997
2024-09-16 14:05:16.589000,415.6414506666276,15
2024-09-16 14:05:16.597000,415.6224722518845,104
2024-09-16 14:05:16.602000,415.6385160699495,96
2024-09-16 14:05:16.609000,415.63997198983566,1001
2024-09-16 14:05:16.671000,415.660079748069,1001
2024-09-16 14:05:16.675000,415.6624472212886,7
2024-09-16 14:05:16.687000,415.63146209831,1003
2024-09-16 14:05:16.732000,415.6343015443742,1002
2024-09-16 14:05:16.916000,415.6211533572011,96
2024-09-16 14:05:17.017000,415.6483591459476,7
2024-09-16 14:05:17.111000,415.66579769713024,12
2024-09-16 14:05:17.121000,415.6247096605111,11
2024-09-16 14:05:17.225000,415.6765019789145,11
2024-09-16 14:05:17.240000,415.6494808241578,8
2024-09-16 14:05:17.363000,415.61963550247975,104
2024-09-16 14:05:17.445000,415.6560930856796,95
2024-09-16 14:05:17.453000,415.61606927722266,1005
2024-09-16 14:05:17.478000,415.6255010310431,995
2024-09-16 14:05:17.644000,415.6032986474686,10
2024-09-16 14:05:17.699000,415.6469088892577,97
2024-09-16 14:05:17.723000,415.61805968424113,7
2024-09-16 14:05:17.766000,415.601831486946,998
2024-09-16 14:05:17.773000,415.6167135633716,998
2024-09-16 14:05:17.819000,415.6431276973838,10
2024-09-16 14:05:17.845000,415.6425451140798,1005
2024-09-16 14:05:17.883000,415.6394943213738,11
2024-09-16 14:05:18.344000,415.659394152183,101
2024-09-16 14:05:18.561000,415.6558677978928,9
2024-09-16 14:05:18.579000,415.6412164209212,11
2024-09-16 14:05:19.253000,415.6511884371675,13
2024-09-16 14:05:19.439000,415.6280743278763,996
2024-09-16 14:05:19.481000,415.6570552662775,7
2024-09-16 14:05:19.488000,415.6365040038724,11
2024-09-16 14:05:19.806000,415.6544277784663,1000
2024-09-16 14:05:20.031000,415.6565509199651,10
2024-09-16 14:05:20.203000,415.7203549159732,1004
2024-09-16 14:05:20.539000,415.7083977507499,101
2024-09-16 14:05:20.605000,415.694077213532,15
2024-09-16 14:05:20.641000,415.6973838746905,95
2024-09-16 14:05:20.795000,415.6332519267457,996
2024-09-16 14:05:21.018000,415.712829703551,996
2024-09-16 14:05:21.035000,415.7034639183163,98
2024-09-16 14:05:21.071000,415.7224738145249,1002
2024-09-16 14:05:21.111000,415.69106462995416,13
2024-09-16 14:05:21.192000,415.7292846250887,101
2024-09-16 14:05:21.204000,415.6997428530049,1002
2024-09-16 14:05:21.270000,415.67846829047295,100
2024-09-16 14:05:21.336000,415.648478299178,1000
2024-09-16 14:05:21.443000,415.6602415889999,103
2024-09-16 14:05:21.445000,415.6731662053448,96
2024-09-16 14:05:21.472000,415.67148190186407,96
2024-09-16 14:05:21.514000,415.74396209792985,998
2024-09-16 14:05:21.576000,415.6718629432903,7
2024-09-16 14:05:21.627000,415.7436903289054,13
2024-09-16 14:05:21.679000,415.6489357695331,101
2024-09-16 14:05:21.681000,415.6732738924329,1001
2024-09-16 14:05:21.682000,415.6426610652538,101
2024-09-16 14:05:21.736000,415.6712612399471,96
2024-09-16 14:05:21.812000,415.6578302140909,1000
2024-09-16 14:05:21.841000,415.707369300492,995
2024-09-16 14:05:21.876000,415.6601093034114,99
2024-09-16 14:05:21.893000,415.7460132722416,97
2024-09-16 14:05:21.916000,415.684618042246,12
2024-09-16 14:05:21.978000,415.73403750092,103
2024-09-16 14:05:22.024000,415.6801132959585,9
2024-09-16 14:05:22.082000,415.7250687856539,9
2024-09-16 14:05:22.207000,415.71515152753176,7
2024-09-16 14:05:22.338000,415.6880950385199,999
2024-09-16 14:05:22.344000,415.6940587056224,97
2024-09-16 14:05:22.577000,415.6838018470236,11
2024-09-16 14:05:22.685000,415.70792608152686,105
2024-09-16 14:05:22.909000,415.6732416766728,103
2024-09-16 14:05:22.983000,415.7208811412791,97
2024-09-16 14:05:23.132000,415.73431692712927,102
2024-09-16 14:05:23.167000,415.73745510662366,100
2024-09-16 14:05:23.168000,415.74818668713647,11
2024-09-16 14:05:23.293000,415.7254112962281,8
2024-09-16 14:05:23.381000,415.74411212504754,998
2024-09-16 14:05:23.383000,415.7079486945064,9
2024-09-16 14:05:23.390000,415.7316821426413,104
2024-09-16 14:05:23.392000,415.7360446033263,97
2024-09-16 14:05:23.420000,415.7328491608202,99
2024-09-16 14:05:23.435000,415.73102160206025,101
2024-09-16 14:05:23.491000,415.7025317831149,96
2024-09-16 14:05:23.495000,415.74729031341496,14
2024-09-16 14:05:23.545000,415.7421247609355,1001
2024-09-16 14:05:23.733000,415.7340093243751,1004
2024-09-16 14:05:23.760000,415.7071326702228,998
2024-09-16 14:05:24.041000,415.648014738032,105
2024-09-16 14:05:24.154000,415.6462304341874,999
2024-09-16 14:05:24.337000,415.6395228422259,1002
2024-09-16 14:05:24.362000,415.6381643943705,8
2024-09-16 14:05:24.431000,415.6483369125976,10
2024-09-16 14:05:24.437000,415.6512938057839,1001
2024-09-16 14:05:24.976000,415.6727400226743,100
2024-09-16 14:05:25.118000,415.6522251772363,5
2024-09-16 14:05:25.140000,415.62174519749294,1000
2024-09-16 14:05:25.156000,415.6542453938012,97
2024-09-16 14:05:25.247000,415.62782452327696,995
2024-09-16 14:05:25.400000,415.6389044360067,98
2024-09-16 14:05:25.463000,415.6464165149253,1005
2024-09-16 14:05:25.609000,415.63705192799,98
2024-09-16 14:05:25.774000,415.61378279833,998
2024-09-16 14:05:26.008000,415.6270469242822,105
2024-09-16 14:05:26.008000,415.6503668455717,95
2024-09-16 14:05:26.037000,415.6271352080424,96
2024-09-16 14:05:26.041000,415.6373776138087,1002
2024-09-16 14:05:26.089000,415.6676320245884,8
2024-09-16 14:05:26.153000,415.6583821235104,13
2024-09-16 14:05:26.170000,415.6364764045962,95
2024-09-16 14:05:26.212000,415.6691487069368,1001
2024-09-16 14:05:26.239000,415.6580391251917,1000
2024-09-16 14:05:26.277000,415.6493981905922,101
2024-09-16 14:05:26.313000,415.6378691747284,1001
2024-09-16 14:05:26.356000,415.6473330734689,5
2024-09-16 14:05:26.386000,415.6670051211632,6
2024-09-16 14:05:26.391000,415.645085799454,997
2024-09-16 14:05:26.408000,415.663371031942,7
2024-09-16 14:05:26.418000,415.6241483357256,15
2024-09-16 14:05:26.430000,415.646810660336,1005
2024-09-16 14:05:26.495000,415.653043425915,11
2024-09-16 14:05:26.607000,415.6470457051432,998
2024-09-16 14:05:26.637000,415.6614520968507,14
2024-09-16 14:05:26.717000,415.6380546253477,9
2024-09-16 14:05:26.720000,415.6436833772422,5
2024-09-16 14:05:26.736000,415.6635070843509,14
2024-09-16 14:05:26.765000,415.670446891822,10
2024-09-16 14:05:26.777000,415.6596179172738,12
2024-09-16 14:05:26.801000,415.6240818919191,101
2024-09-16 14:05:27.123000,415.66258773942616,15
2024-09-16 14:05:27.741000,415.6441107869606,997
2024-09-16 14:05:27.981000,415.6403970792222,5
2024-09-16 14:05:28.093000,415.5068977869666,995
2024-09-16 14:05:28.353000,415.5228845006569,1005
2024-09-16 14:05:28.385000,415.6252132892669,100
2024-09-16 14:05:28.404000,415.6465218858347,105
2024-09-16 14:05:28.477000,415.6099726133404,8
2024-09-16 14:05:28.597000,415.5677896699863,5
2024-09-16 14:05:28.655000,415.5825877035284,11
2024-09-16 14:05:28.768000,415.6137647570973,1001
2024-09-16 14:05:28.782000,415.61235772490494,98
2024-09-16 14:05:28.789000,415.6016053690358,96
2024-09-16 14:05:28.807000,415.6115843659434,95
2024-09-16 14:05:28.826000,415.5263407234069,95
2024-09-16 14:05:28.862000,415.5872848908149,1003
2024-09-16 14:05:28.871000,415.6521747333908,95
2024-09-16 14:05:28.885000,415.5195172810754,15
2024-09-16 14:05:28.916000,415.5303808476156,996
2024-09-16 14:05:28.917000,415.5381195059716,1002
2024-09-16 14:05:28.947000,415.5668130066612,998
2024-09-16 14:05:28.960000,415.63902056368335,101
2024-09-16 14:05:28.980000,415.54583864161725,105
2024-09-16 14:05:29.007000,415.5599632563197,6
2024-09-16 14:05:29.020000,415.605278842024,10
2024-09-16 14:05:29.027000,415.5688787451168,996
2024-09-16 14:05:29.077000,415.5480042648524,10
2024-09-16 14:05:29.096000,415.561644349418,15
2024-09-16 14:05:29.117000,415.5450121236439,105
2024-09-16 14:05:29.154000,415.5904927324648,14
2024-09-16 14:05:29.179000,415.5275756016732,103
2024-09-16 14:05:29.279000,415.5702686463437,8
2024-09-16 14:05:29.317000,415.5512667163169,998
2024-09-16 14:05:29.335000,415.61165782267017,1003
2024-09-16 14:05:29.347000,415.6047336074113,96
2024-09-16 14:05:29.376000,415.6196872426779,996
2024-09-16 14:05:29.457000,415.6205396432106,99
2024-09-16 14:05:29.469000,415.5881047605123,13
2024-09-16 14:05:29.494000,415.598936063408,103
2024-09-16 14:05:29.595000,415.57944139792505,998
2024-09-16 14:05:29.616000,415.5880532823895,13
2024-09-16 14:05:29.632000,415.5893349558508,13
2024-09-16 14:05:29.683000,415.5254145340273,1001
2024-09-16 14:05:29.783000,415.6069474543482,12
2024-09-16 14:05:29.787000,415.5698987640025,5
2024-09-16 14:05:29.791000,415.6006306105298,97
2024-09-16 14:05:29.803000,415.5957023709905,105
2024-09-16 14:05:29.803000,415.55377812791454,98
2024-09-16 14:05:29.944000,415.5621116305912,8
2024-09-16 14:05:29.948000,415.5922735607611,999
2024-09-16 14:05:29.955000,415.6002564003836,1004
2024-09-16 14:05:30.060000,415.552042718087,104
2024-09-16 14:05:30.133000,415.6112973629795,1001
2024-09-16 14:05:30.134000,415.5391514559996,7
2024-09-16 14:05:30.170000,415.5951326861295,8
2024-09-16 14:05:30.192000,415.58231763641135,98
2024-09-16 14:05:30.200000,415.6062432436205,8
2024-09-16 14:05:30.245000,415.5805224713655,13
2024-09-16 14:05:30.300000,415.60163395303687,103
2024-09-16 14:05:30.326000,415.6020817452429,995
2024-09-16 14:05:30.351000,415.5505278388666,13
2024-09-16 14:05:30.389000,415.5796046336484,102
2024-09-16 14:05:30.547000,415.56636321785766,98
2024-09-16 14:05:30.576000,415.5884065092711,6
2024-09-16 14:05:30.576000,415.5972405267147,1003
2024-09-16 14:05:30.652000,415.5827283415687,10
2024-09-16 14:05:30.659000,415.6002407605581,5
2024-09-16 14:05:30.659000,415.61452869418986,1005
2024-09-16 14:05:30.850000,415.60478022140495,996
2024-09-16 14:05:30.893000,415.6047032917781,14
2024-09-16 14:05:30.902000,415.6078679835059,103
2024-09-16 14:05:31.024000,415.5370081692385,5
2024-09-16 14:05:31.067000,415.5720518529805,995
2024-09-16 14:05:31.372000,415.55561694757193,999
2024-09-16 14:05:31.388000,415.56263007680366,11
2024-09-16 14:05:31.402000,415.573544513582,11
2024-09-16 14:05:31.514000,415.5614829035229,13
2024-09-16 14:05:31.694000,415.5467099971139,5
2024-09-16 14:05:32.118000,415.6193814937832,996
2024-09-16 14:05:32.125000,415.5524716708384,10
2024-09-16 14:05:32.263000,415.57998836365965,1004
2024-09-16 14:05:32.289000,415.6091471398197,100
2024-09-16 14:05:32.291000,415.5865756338864,15
2024-09-16 14:05:32.350000,415.6060065152972,6
2024-09-16 14:05:32.365000,415.5979695369999,105
2024-09-16 14:05:32.391000,415.52819524723714,997
2024-09-16 14:05:32.392000,415.6173804539986,1004
2024-09-16 14:05:32.456000,415.5802016208328,14
2024-09-16 14:05:32.489000,415.5773503047552,15
2024-09-16 14:05:32.493000,415.6142025679886,99
2024-09-16 14:05:32.498000,415.59471845048216,997
2024-09-16 14:05:32.522000,415.5853314049062,13
2024-09-16 14:05:32.587000,415.6007584524951,11
2024-09-16 14:05:32.659000,415.57021278715087,97
2024-09-16 14:05:32.698000,415.6019836073508,9
2024-09-16 14:05:32.728000,415.5400427196071,99
2024-09-16 14:05:32.796000,415.5785055787314,100
2024-09-16 14:05:32.813000,415.5936449707655,1004
2024-09-16 14:05:32.827000,415.6019108558112,995
2024-09-16 14:05:32.900000,415.6127042360792,9
2024-09-16 14:05:32.931000,415.5610925139499,97
2024-09-16 14:05:32.946000,415.58388889646574,98
2024-09-16 14:05:33.214000,415.6358825152989,97
2024-09-16 14:05:33.254000,415.6433485402415,98
2024-09-16 14:05:33.295000,415.61900382584463,99
2024-09-16 14:05:33.527000,415.6359009087512,101
2024-09-16 14:05:33.840000,415.6607221060663,98
2024-09-16 14:05:33.867000,415.6446324609124,100
2024-09-16 14:05:34.045000,415.5974268512707,995
2024-09-16 14:05:34.077000,415.5941326981811,96
2024-09-16 14:05:34.078000,415.6151863605607,998
2024-09-16 14:05:34.158000,415.6065782562701,99
2024-09-16 14:05:34.241000,415.6364077945034,14
2024-09-16 14:05:34.426000,415.61890416748327,8
2024-09-16 14:05:34.517000,415.5878786684423,997
2024-09-16 14:05:34.759000,415.596706383032,15
2024-09-16 14:05:34.831000,415.5743610336727,996
2024-09-16 14:05:34.849000,415.6275335493569,7
2024-09-16 14:05:34.899000,415.6010026387331,9
2024-09-16 14:05:34.963000,415.55711543218473,15
2024-09-16 14:05:34.979000,415.6013119211946,97
2024-09-16 14:05:35.083000,415.5848818799402,14
2024-09-16 14:05:35.131000,415.60182764874224,11
2024-09-16 14:05:35.140000,415.5807968664512,99
2024-09-16 14:05:35.291000,415.5920644174144,999
2024-09-16 14:05:35.299000,415.5893015661845,1000
2024-09-16 14:05:35.385000,415.6102244150595,5
2024-09-16 14:05:35.407000,415.57750733800543,103
2024-09-16 14:05:35.416000,415.6043378725716,15
2024-09-16 14:05:35.418000,415.57897590821983,12
2024-09-16 14:05:35.485000,415.5896523999878,6
2024-09-16 14:05:35.498000,415.59944959335706,995
2024-09-16 14:05:35.507000,415.56262597342607,96
2024-09-16 14:05:35.517000,415.59977295259904,1003
2024-09-16 14:05:35.559000,415.604236101958,99
2024-09-16 14:05:35.589000,415.5570317661864,13
2024-09-16 14:05:35.728000,415.6145642850335,13
2024-09-16 14:05:35.892000,415.5894205208732,96
2024-09-16 14:05:35.939000,415.57913397035895,102
2024-09-16 14:05:35.953000,415.5857743843041,8
2024-09-16 14:05:35.960000,415.5770932929897,1000
2024-09-16 14:05:36.530000,415.5760622349693,103
2024-09-16 14:05:36.759000,415.5807119999513,1005
2024-09-16 14:05:37.074000,415.57661013152256,1001
2024-09-16 14:05:37.095000,415.5033816658146,97
2024-09-16 14:05:37.349000,415.55448017686166,1003
2024-09-16 14:05:37.386000,415.5831599171465,9
2024-09-16 14:05:37.391000,415.5306254327212,11
2024-09-16 14:05:37.584000,415.5607196060174,97
2024-09-16 14:05:37.674000,415.54361034125645,997
2024-09-16 14:05:37.677000,415.55357205418886,10
2024-09-16 14:05:37.703000,415.5197399443063,1002
2024-09-16 14:05:37.709000,415.545900048232,1002
2024-09-16 14:05:37.717000,415.578968832389,100
2024-09-16 14:05:37.740000,415.5038581373244,105
2024-09-16 14:05:37.852000,415.5500367010733,11
2024-09-16 14:05:37.905000,415.5759515933892,12
2024-09-16 14:05:37.963000,415.5577742375049,9
2024-09-16 14:05:38.068000,415.50398843708587,97
2024-09-16 14:05:38.175000,415.5054213931156,7
2024-09-16 14:05:38.277000,415.4978916718849,15
2024-09-16 14:05:38.325000,415.5057671944852,103
2024-09-16 14:05:38.426000,415.5185979947789,99
2024-09-16 14:05:38.472000,415.5034662249571,96
2024-09-16 14:05:38.778000,415.4877465169281,95
2024-09-16 14:05:38.877000,415.5211385451617,1001
2024-09-16 14:05:38.944000,415.4881052964657,997
2024-09-16 14:05:38.974000,415.5108186626993,1003
2024-09-16 14:05:39.305000,415.5368261654445,1000
2024-09-16 14:05:39.335000,415.5049790864626,105
2024-09-16 14:05:39.466000,415.5723830845743,96
2024-09-16 14:05:39.541000,415.51309093438925,103
2024-09-16 14:05:39.592000,415.5516390413289,5
2024-09-16 14:05:39.608000,415.5676629124206,997
2024-09-16 14:05:39.739000,415.56160027113134,13
2024-09-16 14:05:39.962000,415.5261080653316,95
2024-09-16 14:05:40.160000,415.517720447913,12
2024-09-16 14:05:40.369000,415.4956043211386,103
2024-09-16 14:05:40.640000,415.5396449588469,1001
2024-09-16 14:05:40.847000,415.5173399707148,1000
2024-09-16 14:05:41.027000,415.48394114906586,13
2024-09-16 14:05:41.056000,415.48553084969046,95
2024-09-16 14:05:41.058000,415.4868046639548,103
2024-09-16 14:05:41.103000,415.4737486997678,1004
2024-09-16 14:05:41.175000,415.4764219070442,105
2024-09-16 14:05:41.187000,415.4610946084455,1002
2024-09-16 14:05:41.271000,415.4560115654431,1002
2024-09-16 14:05:41.374000,415.5013755546164,1002
2024-09-16 14:05:41.417000,415.456514295113,1002
2024-09-16 14:05:41.444000,415.49037659763866,101
2024-09-16 14:05:41.525000,415.4703989643282,998
2024-09-16 14:05:41.555000,415.4937465042223,100
2024-09-16 14:05:41.570000,415.4564810125893,9
2024-09-16 14:05:41.601000,415.4465186258256,1002
2024-09-16 14:05:41.644000,415.4958441667556,1002
2024-09-16 14:05:41.752000,415.4678416865059,1004
2024-09-16 14:05:41.949000,415.445559184126,14
2024-09-16 14:05:41.951000,415.4765781065596,1000
2024-09-16 14:05:41.951000,415.460280627592,12
2024-09-16 14:05:41.958000,415.4961640792874,12
2024-09-16 14:05:41.974000,415.4492044682368,1003
2024-09-16 14:05:42.006000,415.4887013255388,1005
2024-09-16 14:05:42.026000,415.4738915594344,6
2024-09-16 14:05:42.376000,415.4708916944392,95
2024-09-16 14:05:42.381000,415.4824696836197,1003
2024-09-16 14:05:42.556000,415.4668488555719,1000
2024-09-16 14:05:42.638000,415.4561624547636,5
2024-09-16 14:05:42.700000,415.47674314185815,101
2024-09-16 14:05:42.762000,415.4962478276287,1005
2024-09-16 14:05:42.763000,415.4842234537096,103
2024-09-16 14:05:43.171000,415.4602757048013,12
2024-09-16 14:05:43.209000,415.4428488403319,996
2024-09-16 14:05:43.269000,415.4442137107874,99
2024-09-16 14:05:43.276000,415.4481467698794,12
2024-09-16 14:05:43.295000,415.4692601665897,96
2024-09-16 14:05:43.426000,415.4832427023863,104
2024-09-16 14:05:43.444000,415.48373875710496,997
2024-09-16 14:05:43.479000,415.44818187720335,12
2024-09-16 14:05:43.522000,415.45866763287546,8
2024-09-16 14:05:43.540000,415.4565495470743,996
2024-09-16 14:05:43.636000,415.46026292259165,101
2024-09-16 14:05:43.695000,415.4622230965999,995
2024-09-16 14:05:43.874000,415.4749044867316,1002
2024-09-16 14:05:43.898000,415.4755079961336,104
2024-09-16 14:05:44.016000,415.5590618347258,1003
2024-09-16 14:05:44.037000,415.5483432765385,98
2024-09-16 14:05:44.146000,415.4949940037847,1000
2024-09-16 14:05:44.208000,415.49908839599857,999
2024-09-16 14:05:44.242000,415.5326129551552,104
2024-09-16 14:05:44.281000,415.5251537052684,996
2024-09-16 14:05:44.349000,415.5417799670364,1005
2024-09-16 14:05:44.362000,415.5190609444829,6
2024-09-16 14:05:44.392000,415.57062902536313,8
2024-09-16 14:05:44.462000,415.5443673554644,997
2024-09-16 14:05:44.472000,415.470288725451,102
2024-09-16 14:05:44.475000,415.571929603866,102
2024-09-16 14:05:44.475000,415.5193648677024,7
2024-09-16 14:05:44.594000,415.5764070257604,10
2024-09-16 14:05:44.644000,415.5351947982232,11
2024-09-16 14:05:44.671000,415.5595568132208,11
2024-09-16 14:05:44.739000,415.5729652855066,11
2024-09-16 14:05:44.748000,415.50744885709446,101
2024-09-16 14:05:44.757000,415.5325309365932,95
2024-09-16 14:05:44.808000,415.49865191832345,6
2024-09-16 14:05:44.840000,415.56469915901823,996
2024-09-16 14:05:44.848000,415.5134346927626,12
2024-09-16 14:05:44.919000,415.5784052493414,13
2024-09-16 14:05:44.923000,415.5448910226867,13
2024-09-16 14:05:44.924000,415.5479157325045,9
2024-09-16 14:05:45.012000,415.54132892400975,1004
2024-09-16 14:05:45.029000,415.4703579312576,14
2024-09-16 14:05:45.069000,415.49030232735424,1002
2024-09-16 14:05:45.095000,415.5316042292191,1003
2024-09-16 14:05:45.156000,415.5281328432125,102
2024-09-16 14:05:45.161000,415.5074130249327,95
2024-09-16 14:05:45.217000,415.515575146241,997
2024-09-16 14:05:45.238000,415.5375620427529,12
2024-09-16 14:05:45.238000,415.5196775065363,10
2024-09-16 14:05:45.261000,415.5509178759309,101
2024-09-16 14:05:45.267000,415.5225094904211,15
2024-09-16 14:05:45.323000,415.525449565838,999
2024-09-16 14:05:45.348000,415.52592716222034,13
2024-09-16 14:05:45.407000,415.49129672900256,1000
2024-09-16 14:05:45.483000,415.49504174872953,1002
2024-09-16 14:05:45.532000,415.5198153111419,1005
2024-09-16 14:05:45.562000,415.5250381763577,98
2024-09-16 14:05:45.622000,415.5276184968652,996
2024-09-16 14:05:45.763000,415.4966318301508,10
2024-09-16 14:05:45.764000,415.5425262754209,104
2024-09-16 14:05:45.800000,415.5291756719535,10
2024-09-16 14:05:45.838000,415.5282229072451,15
2024-09-16 14:05:45.840000,415.5319396425323,1001
2024-09-16 14:05:45.884000,415.5358236373072,1002
2024-09-16 14:05:45.893000,415.4808150062202,9
2024-09-16 14:05:45.930000,415.4728173229033,996
2024-09-16 14:05:45.942000,415.5343344788124,1002
2024-09-16 14:05:46.045000,415.5024322800113,1002
2024-09-16 14:05:46.377000,415.5004808053281,103
2024-09-16 14:05:46.434000,415.4860562563434,1005
2024-09-16 14:05:46.636000,415.51246346241,9
2024-09-16 14:05:46.646000,415.543366854454,6
2024-09-16 14:05:46.687000,415.53280373936906,95
2024-09-16 14:05:46.695000,415.47975951677387,102
2024-09-16 14:05:46.778000,415.48641725188673,998
2024-09-16 14:05:46.791000,415.5457680837086,14
2024-09-16 14:05:46.855000,415.5058317496007,14
2024-09-16 14:05:46.922000,415.5063168052788,6
2024-09-16 14:05:46.988000,415.4720413579136,11
2024-09-16 14:05:47.173000,415.461822886916,995
2024-09-16 14:05:47.631000,415.46708845774185,105
2024-09-16 14:05:48.161000,415.4456955997748,998
2024-09-16 14:05:48.182000,415.47319826969,15
2024-09-16 14:05:48.294000,415.4086692610298,1002
2024-09-16 14:05:48.313000,415.4714874605165,1000
2024-09-16 14:05:48.451000,415.4321632106103,97
2024-09-16 14:05:48.522000,415.4113247535356,1000
2024-09-16 14:05:48.613000,415.44332954094847,6
2024-09-16 14:05:48.618000,415.4263285665735,998
2024-09-16 14:05:48.623000,415.4604265320752,997
2024-09-16 14:05:48.675000,415.4570560598557,1005
2024-09-16 14:05:48.764000,415.4634455932157,12
2024-09-16 14:05:48.790000,415.4188294643905,996
2024-09-16 14:05:48.841000,415.42041757545314,997
2024-09-16 14:05:48.853000,415.4728806827145,101
2024-09-16 14:05:48.858000,415.4348781333615,13
2024-09-16 14:05:48.862000,415.4198837216363,7
2024-09-16 14:05:48.902000,415.4305577822333,11
2024-09-16 14:05:48.921000,415.46021084286855,14
2024-09-16 14:05:48.961000,415.4707804976399,97
2024-09-16 14:05:49.017000,415.4060424662831,95
2024-09-16 14:05:49.021000,415.3949867032871,1001
2024-09-16 14:05:49.035000,415.4338946166704,105
2024-09-16 14:05:49.089000,415.4023478595854,97
2024-09-16 14:05:49.097000,415.394869681774,1000
2024-09-16 14:05:49.152000,415.3999417993175,14
2024-09-16 14:05:49.271000,415.4102238064,995
2024-09-16 14:05:49.293000,415.3862027314842,97
2024-09-16 14:05:49.410000,415.4077045625331,100
2024-09-16 14:05:49.419000,415.40960783058665,100
2024-09-16 14:05:49.419000,415.4062761664183,103
2024-09-16 14:05:49.476000,415.4036654932897,15
2024-09-16 14:05:49.478000,415.39918356763735,11
2024-09-16 14:05:49.482000,415.4118576430996,5
2024-09-16 14:05:49.547000,415.3941177053022,1001
2024-09-16 14:05:49.572000,415.3943757126552,5
2024-09-16 14:05:49.638000,415.4187966344567,14
2024-09-16 14:05:49.706000,415.40388684467314,103
2024-09-16 14:05:49.741000,415.39707739941696,12
2024-09-16 14:05:50.052000,415.3927533839695,6
2024-09-16 14:05:51.335000,415.3947942302625,8
2024-09-16 14:05:51.424000,415.387356337225,102
2024-09-16 14:05:51.446000,415.4060512526553,997
2024-09-16 14:05:51.558000,415.37943277984414,105
2024-09-16 14:05:51.645000,415.3935312474768,15
2024-09-16 14:05:51.668000,415.373759602086,14
2024-09-16 14:05:51.692000,415.4080285420361,7
2024-09-16 14:05:51.725000,415.3949844974935,15
2024-09-16 14:05:51.833000,415.383867482221,7
2024-09-16 14:05:51.840000,415.3838785919861,102
2024-09-16 14:05:51.947000,415.3777594272553,11
2024-09-16 14:05:53.119000,415.3710423006521,1002
2024-09-16 14:05:53.152000,415.3869083267898,97
2024-09-16 14:05:53.172000,415.3746760415231,1000
2024-09-16 14:05:53.219000,415.394183032788,1005
2024-09-16 14:05:53.236000,415.40767955694673,104
2024-09-16 14:05:53.383000,415.383206502422,98
2024-09-16 14:05:53.389000,415.3716994806471,1005
2024-09-16 14:05:53.486000,415.4252613987229,8
2024-09-16 14:05:53.560000,415.4130153132419,104
2024-09-16 14:05:53.605000,415.3873620051957,6
2024-09-16 14:05:53.642000,415.3976773607993,96
2024-09-16 14:05:53.705000,415.42036627415706,995
2024-09-16 14:05:53.712000,415.3823342974492,104
2024-09-16 14:05:53.775000,415.3846250903708,995
2024-09-16 14:05:53.780000,415.3973518727879,1005
2024-09-16 14:05:53.827000,415.4027358576846,95
2024-09-16 14:05:53.844000,415.3870433508787,9
2024-09-16 14:05:53.894000,415.3891012305074,1003
2024-09-16 14:05:53.923000,415.3973915869138,996
2024-09-16 14:05:53.962000,415.4011010074555,9
2024-09-16 14:05:53.975000,415.3924986987879,6
2024-09-16 14:05:54.008000,415.273118800552,11
2024-09-16 14:05:54.037000,415.3629912509895,1004
2024-09-16 14:05:54.196000,415.3063964897008,8
2024-09-16 14:05:54.259000,415.2719687469307,5
2024-09-16 14:05:54.268000,415.3187797656154,998
2024-09-16 14:05:54.409000,415.2876478064527,99
2024-09-16 14:05:54.443000,415.3730098514774,5
2024-09-16 14:05:54.464000,415.2977267322101,8
2024-09-16 14:05:54.495000,415.2896773035783,1000
2024-09-16 14:05:54.509000,415.316866865802,1004
2024-09-16 14:05:54.611000,415.26725122008105,997
2024-09-16 14:05:54.634000,415.3428072084161,1004
2024-09-16 14:05:54.640000,415.37366092239415,999
2024-09-16 14:05:54.693000,415.286828673491,1002
2024-09-16 14:05:54.787000,415.3600739621242,95
2024-09-16 14:05:54.793000,415.3533135182281,12
2024-09-16 14:05:54.795000,415.3422134088007,95
2024-09-16 14:05:54.849000,415.28018298174806,99
2024-09-16 14:05:54.866000,415.3718175009407,99
2024-09-16 14:05:55.031000,415.2549798715596,11
2024-09-16 14:05:55.160000,415.2571591859967,1000
2024-09-16 14:05:55.549000,415.2570010856715,995
2024-09-16 14:05:55.765000,415.2705718537547,105
2024-09-16 14:05:56.280000,415.2691221058023,13
2024-09-16 14:05:56.401000,415.2657437308992,105
2024-09-16 14:05:56.485000,415.2519396543246,11
2024-09-16 14:05:56.708000,415.2358427027309,997
2024-09-16 14:05:56.735000,415.24685725903583,13
2024-09-16 14:05:57.032000,415.1986986419668,103
2024-09-16 14:05:57.082000,415.19129261952446,96
2024-09-16 14:05:57.113000,415.1931889055379,6
2024-09-16 14:05:57.174000,415.1861874554944,12
2024-09-16 14:05:57.188000,415.2144996039162,10
2024-09-16 14:05:57.211000,415.1766726614465,100
2024-09-16 14:05:57.261000,415.170973924472,1002
2024-09-16 14:05:57.261000,415.1948008977186,7
2024-09-16 14:05:57.275000,415.16573236938166,104
2024-09-16 14:05:57.361000,415.175250513203,97
2024-09-16 14:05:57.400000,415.201212508406,96
2024-09-16 14:05:57.415000,415.2300993721215,998
2024-09-16 14:05:57.465000,415.1957767487463,98
2024-09-16 14:05:57.482000,415.20938521480906,999
2024-09-16 14:05:57.495000,415.1728379841847,1004
2024-09-16 14:05:57.537000,415.1912769538089,1003
2024-09-16 14:05:57.553000,415.16340213903663,995
2024-09-16 14:05:57.602000,415.1964728189999,97
2024-09-16 14:05:57.660000,415.1950559018444,102
2024-09-16 14:05:57.672000,415.1925052987379,6
2024-09-16 14:05:57.736000,415.2168801192863,12
2024-09-16 14:05:57.752000,415.2047869160355,15
2024-09-16 14:05:57.776000,415.2100233723218,97
2024-09-16 14:05:57.808000,415.1754781030571,103
2024-09-16 14:05:57.897000,415.1767402801448,104
2024-09-16 14:05:57.910000,415.17028095616286,98
2024-09-16 14:05:57.911000,415.1937700721043,1005
2024-09-16 14:05:57.955000,415.1885901394658,104
2024-09-16 14:05:57.988000,415.1673236032332,1003
2024-09-16 14:05:58.016000,415.1614749065006,97
2024-09-16 14:05:58.067000,415.14621060873856,13
2024-09-16 14:05:58.102000,415.20795591185606,104
2024-09-16 14:05:58.199000,415.1774526173437,14
2024-09-16 14:05:58.206000,415.17733337229583,13
2024-09-16 14:05:58.219000,415.1667642744337,997
2024-09-16 14:05:58.265000,415.12338388435376,105
2024-09-16 14:05:58.411000,415.156430681393,101
2024-09-16 14:05:58.459000,415.21929822574486,8
2024-09-16 14:05:58.477000,415.1282410501177,996
2024-09-16 14:05:58.581000,415.13265934345344,13
2024-09-16 14:05:58.632000,415.2036668850752,1000
2024-09-16 14:05:58.723000,415.1268020543909,6
2024-09-16 14:05:58.726000,415.1556348014988,8
2024-09-16 14:05:58.753000,415.1413033004056,9
2024-09-16 14:05:58.798000,415.1614011818929,104
2024-09-16 14:05:58.807000,415.1871560671676,100
2024-09-16 14:05:58.831000,415.1693652314661,8
2024-09-16 14:05:58.874000,415.185652419304,102
2024-09-16 14:05:58.875000,415.165394388381,5
2024-09-16 14:05:58.911000,415.1901456884559,11
2024-09-16 14:05:58.914000,415.2033877515785,10
2024-09-16 14:05:58.945000,415.2121528560378,101
2024-09-16 14:05:59.064000,415.1984505188221,99
2024-09-16 14:05:59.092000,415.1977129873006,14
2024-09-16 14:05:59.097000,415.2043796441676,12
2024-09-16 14:05:59.127000,415.1771645932743,13
2024-09-16 14:05:59.193000,415.19975995894725,15
2024-09-16 14:05:59.264000,415.1934762938717,7
2024-09-16 14:05:59.458000,415.17193909567226,5
2024-09-16 14:05:59.542000,415.1625318413563,997
2024-09-16 14:05:59.550000,415.20340590914014,1003
