Timestamp,Price,Size
2024-09-18 12:42:00.061000,416.8135919898706,13
2024-09-18 12:42:00.124000,416.80651811237817,1005
2024-09-18 12:42:00.133000,416.7897099305264,102
2024-09-18 12:42:00.174000,416.8094356011981,95
2024-09-18 12:42:00.239000,416.80709826374624,99
2024-09-18 12:42:00.246000,416.8195971731848,8
2024-09-18 12:42:00.442000,416.7968128986992,1000
2024-09-18 12:42:00.452000,416.7967010902859,1001
2024-09-18 12:42:00.490000,416.81550380018297,100
2024-09-18 12:42:00.534000,416.7925356958737,98
2024-09-18 12:42:00.545000,416.7986989123887,11
2024-09-18 12:42:00.617000,416.77989429378187,98
2024-09-18 12:42:00.666000,416.8014560475856,1005
2024-09-18 12:42:00.688000,416.8195216663407,1000
2024-09-18 12:42:00.689000,416.7847712104976,105
2024-09-18 12:42:00.735000,416.79526341648057,997
2024-09-18 12:42:00.763000,416.8134397452839,999
2024-09-18 12:42:00.788000,416.8220792660671,1000
2024-09-18 12:42:00.806000,416.7936091879071,97
2024-09-18 12:42:00.868000,416.8142851602453,5
2024-09-18 12:42:00.931000,416.784847507202,1005
2024-09-18 12:42:00.979000,416.80815766044543,7
2024-09-18 12:42:01.028000,416.8361518164226,995
2024-09-18 12:42:01.119000,416.8234906266641,100
2024-09-18 12:42:01.138000,416.8268228589124,997
2024-09-18 12:42:01.140000,416.8783214275887,1000
2024-09-18 12:42:01.238000,416.8343502030239,13
2024-09-18 12:42:01.281000,416.8129361912853,1005
2024-09-18 12:42:01.373000,416.8473410661962,996
2024-09-18 12:42:01.378000,416.8278441343619,1002
2024-09-18 12:42:01.463000,416.8784935901605,1002
2024-09-18 12:42:01.482000,416.8682056744153,103
2024-09-18 12:42:01.509000,416.82415004050426,995
2024-09-18 12:42:01.526000,416.8919548164442,12
2024-09-18 12:42:01.557000,416.84823388283934,1003
2024-09-18 12:42:01.571000,416.8431811113823,97
2024-09-18 12:42:01.643000,416.84872145903626,998
2024-09-18 12:42:01.709000,416.808708119124,997
2024-09-18 12:42:01.759000,416.8312176098816,10
2024-09-18 12:42:01.830000,416.8289038011659,102
2024-09-18 12:42:01.848000,416.8700044882952,1000
2024-09-18 12:42:01.933000,416.8558193787839,1004
2024-09-18 12:42:02.310000,416.8815936281285,1004
2024-09-18 12:42:02.323000,416.8470561436921,5
2024-09-18 12:42:02.350000,416.89781746329936,1003
2024-09-18 12:42:02.357000,416.8540459477138,104
2024-09-18 12:42:02.417000,416.8388504886852,10
2024-09-18 12:42:02.452000,416.84395069702975,102
2024-09-18 12:42:02.460000,416.8397419741473,5
2024-09-18 12:42:02.467000,416.8492358541645,1005
2024-09-18 12:42:02.515000,416.8398599136999,6
2024-09-18 12:42:02.516000,416.856628869766,1001
2024-09-18 12:42:02.595000,416.8506268403748,9
2024-09-18 12:42:02.605000,416.8640588258941,1002
2024-09-18 12:42:02.627000,416.8937185012186,9
2024-09-18 12:42:02.640000,416.8544033558504,95
2024-09-18 12:42:02.690000,416.8783688223206,996
2024-09-18 12:42:02.693000,416.8858303905562,11
2024-09-18 12:42:02.750000,416.84747200611406,11
2024-09-18 12:42:02.781000,416.89256430669707,95
2024-09-18 12:42:02.839000,416.8452699926439,1000
2024-09-18 12:42:03.037000,416.879323006413,1001
2024-09-18 12:42:03.085000,416.8646785701805,13
2024-09-18 12:42:03.478000,416.8740279757165,104
2024-09-18 12:42:03.791000,416.9087950294682,996
2024-09-18 12:42:03.887000,416.8913966293401,102
2024-09-18 12:42:04.013000,416.84455183286457,1000
2024-09-18 12:42:04.068000,416.868850777646,1004
2024-09-18 12:42:04.112000,416.8259502895248,995
2024-09-18 12:42:04.168000,416.8245709802061,5
2024-09-18 12:42:04.289000,416.8422706409635,102
2024-09-18 12:42:04.343000,416.8235815534373,9
2024-09-18 12:42:04.433000,416.8487936347736,1004
2024-09-18 12:42:04.445000,416.84787279685696,97
2024-09-18 12:42:04.459000,416.834999575484,102
2024-09-18 12:42:04.543000,416.86428273491424,11
2024-09-18 12:42:04.596000,416.8681500593868,5
2024-09-18 12:42:04.615000,416.8494644005797,5
2024-09-18 12:42:04.641000,416.841115135559,1001
2024-09-18 12:42:04.704000,416.84937869115066,102
2024-09-18 12:42:04.706000,416.8320337289982,100
2024-09-18 12:42:04.709000,416.8425443508912,1000
2024-09-18 12:42:04.721000,416.83632152013297,97
2024-09-18 12:42:04.913000,416.8430184781435,95
2024-09-18 12:42:04.918000,416.8144326082633,998
2024-09-18 12:42:04.960000,416.8455136124378,1003
2024-09-18 12:42:04.991000,416.8310528766965,95
2024-09-18 12:42:05.073000,416.85477171461145,10
2024-09-18 12:42:05.096000,416.9074437836244,103
2024-09-18 12:42:05.272000,416.8885387071122,7
2024-09-18 12:42:05.310000,416.86197462227904,102
2024-09-18 12:42:05.417000,416.8890786010124,1005
2024-09-18 12:42:05.440000,416.8992301950285,96
2024-09-18 12:42:05.501000,416.9240308774306,96
2024-09-18 12:42:05.560000,416.8775131384244,95
2024-09-18 12:42:05.713000,416.8861707439227,1005
2024-09-18 12:42:05.730000,416.8874224660775,995
2024-09-18 12:42:05.741000,416.8719179287757,99
2024-09-18 12:42:05.750000,416.89488071310666,101
2024-09-18 12:42:05.798000,416.8950064506397,96
2024-09-18 12:42:05.989000,416.890783134328,6
2024-09-18 12:42:06.120000,416.9194333140268,6
2024-09-18 12:42:06.153000,416.92306009285545,998
2024-09-18 12:42:06.261000,416.95851127155095,105
2024-09-18 12:42:06.313000,416.9116053667237,8
2024-09-18 12:42:06.341000,416.9411979394948,102
2024-09-18 12:42:06.363000,416.94444376252994,10
2024-09-18 12:42:06.482000,416.9146995813335,15
2024-09-18 12:42:06.490000,416.9451265534957,5
2024-09-18 12:42:06.567000,416.9316972876038,96
2024-09-18 12:42:06.670000,416.9659083689331,15
2024-09-18 12:42:06.675000,416.9331569437251,101
2024-09-18 12:42:06.690000,416.9597279409131,96
2024-09-18 12:42:06.716000,416.9283711550469,13
2024-09-18 12:42:06.751000,416.95583999521455,997
2024-09-18 12:42:06.777000,416.9442391469827,99
2024-09-18 12:42:06.823000,416.9285088452342,1002
2024-09-18 12:42:06.829000,416.9304152013166,1005
2024-09-18 12:42:06.831000,416.910015309494,997
2024-09-18 12:42:07.011000,416.9582055126591,997
2024-09-18 12:42:07.040000,416.9089933722117,999
2024-09-18 12:42:07.125000,416.9728147266792,98
2024-09-18 12:42:07.127000,416.97030347852143,100
2024-09-18 12:42:07.206000,416.8749820298291,100
2024-09-18 12:42:07.229000,416.97348087148754,1004
2024-09-18 12:42:07.250000,416.9598588511722,1000
2024-09-18 12:42:07.297000,416.9649539682813,97
2024-09-18 12:42:07.303000,416.972834723073,1004
2024-09-18 12:42:07.326000,416.9480000423564,102
2024-09-18 12:42:07.327000,416.8913938960851,104
2024-09-18 12:42:07.395000,416.85743745484,1003
2024-09-18 12:42:07.429000,416.8828986782282,97
2024-09-18 12:42:07.491000,416.94331150580393,100
2024-09-18 12:42:07.534000,416.9747559724882,998
2024-09-18 12:42:07.555000,416.8759048602554,1004
2024-09-18 12:42:07.573000,416.9791324645744,104
2024-09-18 12:42:07.574000,416.96471947440136,14
2024-09-18 12:42:07.574000,416.96001404169806,12
2024-09-18 12:42:07.580000,416.9550552756125,11
2024-09-18 12:42:07.590000,416.9709768677649,1001
2024-09-18 12:42:07.613000,416.940016499138,998
2024-09-18 12:42:07.783000,416.9876400404365,9
2024-09-18 12:42:07.794000,416.87772950455263,1002
2024-09-18 12:42:07.876000,416.978487888261,102
2024-09-18 12:42:07.884000,416.8902905288797,102
2024-09-18 12:42:07.907000,416.9812621302682,1000
2024-09-18 12:42:07.941000,416.8853158796985,6
2024-09-18 12:42:08.010000,416.8752297094679,9
2024-09-18 12:42:08.023000,416.8877974066069,995
2024-09-18 12:42:08.047000,416.8696606945975,1002
2024-09-18 12:42:08.095000,416.89658865253904,14
2024-09-18 12:42:08.125000,416.8900733043433,7
2024-09-18 12:42:08.135000,416.91890061324574,10
2024-09-18 12:42:08.144000,416.9090891759308,98
2024-09-18 12:42:08.152000,416.9019132003332,6
2024-09-18 12:42:08.162000,416.879227228476,1004
2024-09-18 12:42:08.223000,416.903671929843,1003
2024-09-18 12:42:08.246000,416.8918615453237,998
2024-09-18 12:42:08.251000,416.8934834012956,15
2024-09-18 12:42:08.254000,416.8653625398953,1004
2024-09-18 12:42:08.334000,416.8676845965638,99
2024-09-18 12:42:08.456000,416.8847102302099,103
2024-09-18 12:42:08.491000,416.9094193051093,998
2024-09-18 12:42:08.512000,416.9126536167121,100
2024-09-18 12:42:08.535000,416.89942661114856,1002
2024-09-18 12:42:08.577000,416.87955811572937,10
2024-09-18 12:42:08.585000,416.8840412381595,99
2024-09-18 12:42:08.641000,416.89678434659487,15
2024-09-18 12:42:08.646000,416.8778977507261,104
2024-09-18 12:42:08.759000,416.8930583513381,996
2024-09-18 12:42:08.874000,416.90588286052713,9
2024-09-18 12:42:08.894000,416.9130138061793,100
2024-09-18 12:42:08.957000,416.900228669683,11
2024-09-18 12:42:08.977000,416.8895210863224,1005
2024-09-18 12:42:09.438000,416.8663218368511,104
2024-09-18 12:42:10.083000,416.9103908693435,14
2024-09-18 12:42:10.122000,416.894973193034,11
2024-09-18 12:42:10.251000,416.9128994302717,1005
2024-09-18 12:42:10.268000,416.92182984766697,95
2024-09-18 12:42:10.331000,416.9322277282483,7
2024-09-18 12:42:10.416000,416.92624383057057,996
2024-09-18 12:42:10.484000,416.90839732655286,105
2024-09-18 12:42:10.494000,416.9266301888209,10
2024-09-18 12:42:10.666000,416.9124297715899,9
2024-09-18 12:42:10.792000,416.9367448240507,1005
2024-09-18 12:42:10.798000,416.86204437790815,6
2024-09-18 12:42:10.882000,416.9339850222394,98
2024-09-18 12:42:10.923000,416.9517111536395,14
2024-09-18 12:42:10.993000,416.8713704136747,998
2024-09-18 12:42:11.489000,416.8686412821617,99
2024-09-18 12:42:11.653000,416.8468174689121,1003
2024-09-18 12:42:11.751000,416.88356500866007,1002
2024-09-18 12:42:11.997000,416.8870676466513,103
2024-09-18 12:42:12.059000,416.9061414818954,100
2024-09-18 12:42:12.121000,416.8821692449709,99
2024-09-18 12:42:12.300000,416.88282791375445,8
2024-09-18 12:42:12.306000,416.8986637324769,9
2024-09-18 12:42:12.362000,416.8881563766844,96
2024-09-18 12:42:12.427000,416.874155606673,1005
2024-09-18 12:42:12.475000,416.85485455911726,998
2024-09-18 12:42:12.478000,416.8869850954329,96
2024-09-18 12:42:12.491000,416.8779122611882,1002
2024-09-18 12:42:12.492000,416.8731994142,5
2024-09-18 12:42:12.536000,416.8646169339439,997
2024-09-18 12:42:12.562000,416.85355361596464,97
2024-09-18 12:42:12.620000,416.9088335059836,9
2024-09-18 12:42:12.639000,416.881398243116,1005
2024-09-18 12:42:12.649000,416.8877183999112,104
2024-09-18 12:42:12.672000,416.8814163602444,1005
2024-09-18 12:42:12.695000,416.87627272856383,6
2024-09-18 12:42:12.754000,416.8794324833172,997
2024-09-18 12:42:12.760000,416.8695037021564,11
2024-09-18 12:42:12.795000,416.8752783819256,99
2024-09-18 12:42:12.809000,416.8601151651099,12
2024-09-18 12:42:12.829000,416.8681851649198,1000
2024-09-18 12:42:12.849000,416.8929028462144,997
2024-09-18 12:42:12.901000,416.902072836177,102
2024-09-18 12:42:12.909000,416.8900905564514,6
2024-09-18 12:42:12.938000,416.87496678188097,103
2024-09-18 12:42:12.939000,416.8890291344841,101
2024-09-18 12:42:12.999000,416.8709670001222,999
2024-09-18 12:42:13.021000,416.8941285385427,995
2024-09-18 12:42:13.052000,416.9046095070193,1002
2024-09-18 12:42:13.114000,416.9115007771435,1001
2024-09-18 12:42:13.124000,416.929171972756,100
2024-09-18 12:42:13.160000,416.9120038360131,1002
2024-09-18 12:42:13.218000,416.91674188921866,997
2024-09-18 12:42:13.247000,416.9173109476625,998
2024-09-18 12:42:13.295000,416.9204790114126,95
2024-09-18 12:42:13.305000,416.92270270178665,14
2024-09-18 12:42:13.344000,416.9194914407827,98
2024-09-18 12:42:13.378000,416.9059476260444,9
2024-09-18 12:42:13.438000,416.8982724172762,6
2024-09-18 12:42:13.517000,416.9106519962872,1004
2024-09-18 12:42:13.529000,416.9132817644164,95
2024-09-18 12:42:13.531000,416.9092063683127,998
2024-09-18 12:42:13.549000,416.90704252524927,97
2024-09-18 12:42:13.674000,416.9118052820321,15
2024-09-18 12:42:13.799000,416.9072578065358,1000
2024-09-18 12:42:13.856000,416.9142841692886,99
2024-09-18 12:42:13.927000,416.9168433237805,95
2024-09-18 12:42:14.014000,416.8701632013285,97
2024-09-18 12:42:14.062000,416.9133716826688,9
2024-09-18 12:42:14.103000,416.9060541874167,11
2024-09-18 12:42:14.117000,416.9029519891175,997
2024-09-18 12:42:14.120000,416.91440342387966,96
2024-09-18 12:42:14.135000,416.88739262535694,14
2024-09-18 12:42:14.214000,416.8626575535131,96
2024-09-18 12:42:14.221000,416.8978903693448,12
2024-09-18 12:42:14.353000,416.8874721759654,98
2024-09-18 12:42:14.395000,416.889038354785,1000
2024-09-18 12:42:14.454000,416.90113563673697,1004
2024-09-18 12:42:14.507000,416.87810389770783,14
2024-09-18 12:42:14.510000,416.898430571293,15
2024-09-18 12:42:14.535000,416.88000384982246,998
2024-09-18 12:42:14.594000,416.87619156265936,99
2024-09-18 12:42:14.599000,416.8969461230619,997
2024-09-18 12:42:14.603000,416.8724637098316,103
2024-09-18 12:42:14.626000,416.8971645218186,95
2024-09-18 12:42:14.636000,416.9043521979213,9
2024-09-18 12:42:14.672000,416.91025413837576,101
2024-09-18 12:42:14.681000,416.89203974927176,999
2024-09-18 12:42:14.772000,416.8758608312149,1000
2024-09-18 12:42:14.784000,416.8908385424795,1001
2024-09-18 12:42:14.806000,416.88453335177377,96
2024-09-18 12:42:14.841000,416.8789624010878,100
2024-09-18 12:42:14.842000,416.8804148204944,97
2024-09-18 12:42:14.876000,416.8879770707055,8
2024-09-18 12:42:14.892000,416.90390752721066,1000
2024-09-18 12:42:15.029000,416.8747923157155,99
2024-09-18 12:42:15.052000,416.8680645176912,97
2024-09-18 12:42:15.078000,416.8775124183294,999
2024-09-18 12:42:15.086000,416.9036506657959,102
2024-09-18 12:42:15.092000,416.8757500968517,14
2024-09-18 12:42:15.123000,416.8797108807927,99
2024-09-18 12:42:15.135000,416.8674852173189,95
2024-09-18 12:42:15.188000,416.8789556722838,999
2024-09-18 12:42:15.217000,416.8888827990845,9
2024-09-18 12:42:15.249000,416.91087798716273,1003
2024-09-18 12:42:15.294000,416.87520654628827,13
2024-09-18 12:42:15.388000,416.8950103296624,101
2024-09-18 12:42:15.463000,416.91200093725627,9
2024-09-18 12:42:15.491000,416.9220355576999,12
2024-09-18 12:42:15.582000,416.86461173455865,5
2024-09-18 12:42:15.653000,416.9037275293991,10
2024-09-18 12:42:15.660000,416.8735548232014,13
2024-09-18 12:42:15.674000,416.89974925533744,98
2024-09-18 12:42:15.714000,416.897862735736,1004
2024-09-18 12:42:15.749000,416.912228865851,8
2024-09-18 12:42:15.841000,416.8936973252009,8
2024-09-18 12:42:15.842000,416.90143709940463,1002
2024-09-18 12:42:15.890000,416.8898736020282,101
2024-09-18 12:42:15.892000,416.8963381920348,8
2024-09-18 12:42:15.958000,416.8686550343773,96
2024-09-18 12:42:15.987000,416.8922276737471,103
2024-09-18 12:42:15.987000,416.9052138491789,1004
2024-09-18 12:42:16.106000,416.8659047174595,97
2024-09-18 12:42:16.413000,416.8584567368886,100
2024-09-18 12:42:16.785000,416.8651818871687,1004
2024-09-18 12:42:17,416.81069036024326,15
2024-09-18 12:42:17.001000,416.8270078495896,6
2024-09-18 12:42:17.024000,416.6994503156957,5
2024-09-18 12:42:17.050000,416.77670300259945,104
2024-09-18 12:42:17.056000,416.71980897227394,1002
2024-09-18 12:42:17.075000,416.7196127295109,102
2024-09-18 12:42:17.114000,416.72205819629306,13
2024-09-18 12:42:17.156000,416.69015327416326,12
2024-09-18 12:42:17.198000,416.70580785566045,102
2024-09-18 12:42:17.199000,416.7376148407984,1004
2024-09-18 12:42:17.280000,416.7344648634527,96
2024-09-18 12:42:17.289000,416.7839655829603,103
2024-09-18 12:42:17.373000,416.71738614441057,995
2024-09-18 12:42:17.502000,416.7964748462126,1002
2024-09-18 12:42:17.597000,416.7712147249362,10
2024-09-18 12:42:17.638000,416.7042211943326,103
2024-09-18 12:42:17.660000,416.7946946102135,998
2024-09-18 12:42:17.708000,416.69450482126047,99
2024-09-18 12:42:17.764000,416.6992300455844,998
2024-09-18 12:42:17.771000,416.7956653663697,97
2024-09-18 12:42:17.779000,416.83443906718367,7
2024-09-18 12:42:17.795000,416.72521042541183,12
2024-09-18 12:42:17.811000,416.8511089451421,999
2024-09-18 12:42:17.859000,416.6905349214029,1004
2024-09-18 12:42:17.868000,416.7446099266125,14
2024-09-18 12:42:17.894000,416.72266422976674,6
2024-09-18 12:42:19.123000,416.69413440952,5
2024-09-18 12:42:19.356000,416.7105124265213,97
2024-09-18 12:42:19.539000,416.7042804848022,997
2024-09-18 12:42:19.570000,416.6863741407098,999
2024-09-18 12:42:19.590000,416.6944510172794,13
2024-09-18 12:42:19.609000,416.6983766154738,997
2024-09-18 12:42:19.720000,416.7124202123729,1005
2024-09-18 12:42:20.013000,416.7022259464242,105
2024-09-18 12:42:20.020000,416.712649902389,11
2024-09-18 12:42:20.057000,416.7147113779986,1003
2024-09-18 12:42:20.132000,416.7192933193891,12
2024-09-18 12:42:20.170000,416.6784519337443,99
2024-09-18 12:42:20.230000,416.6839296799696,13
2024-09-18 12:42:20.337000,416.6915215925989,14
2024-09-18 12:42:20.374000,416.740830706092,996
2024-09-18 12:42:20.466000,416.6763339494514,1000
2024-09-18 12:42:20.494000,416.7089710764986,99
2024-09-18 12:42:20.507000,416.6972927702545,101
2024-09-18 12:42:20.602000,416.73723339246055,1005
2024-09-18 12:42:20.656000,416.713018874728,100
2024-09-18 12:42:20.781000,416.7167747906372,100
2024-09-18 12:42:20.792000,416.7244648298773,97
2024-09-18 12:42:20.837000,416.74052611697465,5
2024-09-18 12:42:20.927000,416.6751502781281,1004
2024-09-18 12:42:20.990000,416.6952171304954,103
2024-09-18 12:42:21.107000,416.68038666689625,1003
2024-09-18 12:42:21.166000,416.6934843773238,8
2024-09-18 12:42:21.419000,416.6940325237136,103
2024-09-18 12:42:21.423000,416.6980528623282,101
2024-09-18 12:42:21.472000,416.6780521799976,1000
2024-09-18 12:42:21.949000,416.6979523296121,104
2024-09-18 12:42:21.956000,416.7006103140511,997
2024-09-18 12:42:21.987000,416.68683690018753,1001
2024-09-18 12:42:22.182000,416.69104762938304,998
2024-09-18 12:42:22.194000,416.7053447848862,1005
2024-09-18 12:42:22.220000,416.7159882532774,995
2024-09-18 12:42:22.239000,416.6255360949252,102
2024-09-18 12:42:22.305000,416.641457610581,7
2024-09-18 12:42:22.398000,416.6575828750098,999
2024-09-18 12:42:22.435000,416.63246679695885,14
2024-09-18 12:42:22.453000,416.6637170792752,1004
2024-09-18 12:42:22.519000,416.6458162078639,7
2024-09-18 12:42:22.681000,416.7059418409905,1000
2024-09-18 12:42:22.844000,416.6444392303513,105
2024-09-18 12:42:22.909000,416.7001154776393,997
2024-09-18 12:42:22.995000,416.6561166580789,103
2024-09-18 12:42:22.997000,416.6343198279261,13
2024-09-18 12:42:23.697000,416.6518276277991,12
2024-09-18 12:42:24.033000,416.65595840612656,997
2024-09-18 12:42:24.042000,416.6364786040416,105
2024-09-18 12:42:24.078000,416.636270524561,103
2024-09-18 12:42:24.138000,416.6570239197754,97
2024-09-18 12:42:24.142000,416.7030327294373,5
2024-09-18 12:42:24.179000,416.6817738008457,1003
2024-09-18 12:42:24.238000,416.6650084520619,103
2024-09-18 12:42:24.277000,416.724309939116,102
2024-09-18 12:42:24.441000,416.7026233040803,101
2024-09-18 12:42:24.449000,416.6572172908493,100
2024-09-18 12:42:24.476000,416.64611282604034,100
2024-09-18 12:42:24.527000,416.6872349982247,999
2024-09-18 12:42:24.527000,416.6846273787317,98
2024-09-18 12:42:24.591000,416.66776196408034,998
2024-09-18 12:42:24.620000,416.65607083461566,105
2024-09-18 12:42:24.694000,416.67366001373415,996
2024-09-18 12:42:24.814000,416.6528548702132,7
2024-09-18 12:42:24.822000,416.6683094297466,1001
2024-09-18 12:42:25.015000,416.8559063779269,5
2024-09-18 12:42:25.081000,416.7815243721629,98
2024-09-18 12:42:25.190000,416.8061109512084,102
2024-09-18 12:42:25.192000,416.7416079375169,6
2024-09-18 12:42:25.283000,416.8475488937429,5
2024-09-18 12:42:25.478000,416.7709387936645,98
2024-09-18 12:42:25.672000,416.74205567806274,12
2024-09-18 12:42:25.769000,416.7658558088017,11
2024-09-18 12:42:25.853000,416.8098215140099,5
2024-09-18 12:42:25.882000,416.8014139683097,11
2024-09-18 12:42:25.993000,416.8401433482138,9
2024-09-18 12:42:26.015000,416.8311505847778,103
2024-09-18 12:42:26.051000,416.8351767804403,105
2024-09-18 12:42:26.071000,416.844536651626,999
2024-09-18 12:42:26.122000,416.8919311559015,98
2024-09-18 12:42:26.147000,416.91150948484665,97
2024-09-18 12:42:26.186000,416.9166533020873,95
2024-09-18 12:42:26.271000,416.9003240228049,9
2024-09-18 12:42:26.271000,416.8869880267782,1005
2024-09-18 12:42:26.272000,416.8977076053157,101
2024-09-18 12:42:26.326000,416.9070142103899,12
2024-09-18 12:42:26.333000,416.862983773136,997
2024-09-18 12:42:26.336000,416.85487071370727,995
2024-09-18 12:42:26.362000,416.8494017665947,1001
2024-09-18 12:42:26.374000,416.9106765076394,103
2024-09-18 12:42:26.376000,416.8783699842557,10
2024-09-18 12:42:26.402000,416.8428434176639,99
2024-09-18 12:42:26.484000,416.8849534768428,100
2024-09-18 12:42:26.554000,416.89006440125695,15
2024-09-18 12:42:26.584000,416.8361324319521,999
2024-09-18 12:42:26.603000,416.8636663690359,100
2024-09-18 12:42:26.697000,416.8947162529008,103
2024-09-18 12:42:26.706000,416.8659861085036,102
2024-09-18 12:42:26.783000,416.8609785756229,95
2024-09-18 12:42:26.827000,416.8751591035062,99
2024-09-18 12:42:26.856000,416.90066105653705,995
2024-09-18 12:42:26.883000,416.8897475552836,101
2024-09-18 12:42:26.899000,416.8752777736427,104
2024-09-18 12:42:26.951000,416.85129970879575,11
2024-09-18 12:42:27.197000,416.9407201702423,999
2024-09-18 12:42:27.286000,416.9381538269018,998
2024-09-18 12:42:27.428000,416.93103093248266,8
2024-09-18 12:42:27.442000,416.91855400374175,105
2024-09-18 12:42:27.457000,416.9355410369462,99
2024-09-18 12:42:27.471000,416.9246044176284,15
2024-09-18 12:42:27.523000,416.9447294612201,1001
2024-09-18 12:42:27.730000,416.9380541269661,1003
2024-09-18 12:42:27.872000,416.9229983815864,5
2024-09-18 12:42:28.043000,416.9065193956232,10
2024-09-18 12:42:28.159000,416.91333207602815,104
2024-09-18 12:42:28.244000,416.9244082980188,1001
2024-09-18 12:42:28.262000,416.9148859582197,997
2024-09-18 12:42:28.269000,416.9134216819242,100
2024-09-18 12:42:28.270000,416.9292161721772,11
2024-09-18 12:42:28.324000,416.9153623082795,5
2024-09-18 12:42:28.466000,416.9272844761869,1004
2024-09-18 12:42:28.515000,416.9165396648421,5
2024-09-18 12:42:28.741000,416.9254202838485,96
2024-09-18 12:42:28.897000,416.9296023743127,8
2024-09-18 12:42:29.056000,416.9600307118158,101
2024-09-18 12:42:29.115000,416.9767688178003,1000
2024-09-18 12:42:29.195000,416.9761052489296,999
2024-09-18 12:42:29.203000,416.9592146934745,1000
2024-09-18 12:42:29.318000,416.9217711218489,98
2024-09-18 12:42:29.318000,416.9269593181724,95
2024-09-18 12:42:29.333000,416.9654084966458,996
2024-09-18 12:42:29.338000,416.992888348412,996
2024-09-18 12:42:29.347000,416.9299036285718,102
2024-09-18 12:42:29.388000,416.9640693574906,10
2024-09-18 12:42:29.394000,416.9644881044587,998
2024-09-18 12:42:29.465000,416.93913576021424,12
2024-09-18 12:42:29.481000,416.9222135473486,13
2024-09-18 12:42:29.484000,416.9083322389702,1003
2024-09-18 12:42:29.500000,416.94816941381305,13
2024-09-18 12:42:29.610000,416.9506998644293,9
2024-09-18 12:42:29.676000,416.98586744507344,1000
2024-09-18 12:42:29.705000,416.9859502285037,995
2024-09-18 12:42:29.733000,416.9617663916257,995
2024-09-18 12:42:29.763000,416.9388498145063,98
2024-09-18 12:42:29.778000,416.93494039120753,98
2024-09-18 12:42:29.842000,416.9355608814797,98
2024-09-18 12:42:29.848000,416.9394907287916,1002
2024-09-18 12:42:29.857000,416.93469955587983,11
2024-09-18 12:42:29.993000,416.93594178139006,13
2024-09-18 12:42:30.047000,416.9402214502303,1000
2024-09-18 12:42:30.076000,416.89197340772586,999
2024-09-18 12:42:30.086000,416.9068878069468,8
2024-09-18 12:42:30.107000,416.9485695437827,998
2024-09-18 12:42:30.260000,416.8973329446746,95
2024-09-18 12:42:30.358000,416.9569194833337,1000
2024-09-18 12:42:30.469000,416.9497349868013,96
2024-09-18 12:42:30.519000,416.9571865990807,15
2024-09-18 12:42:30.536000,416.9322860216501,11
2024-09-18 12:42:30.683000,416.8884263851271,1005
2024-09-18 12:42:30.710000,416.95892940135775,103
2024-09-18 12:42:30.759000,416.9024062835453,6
2024-09-18 12:42:30.774000,416.91081349260367,1000
2024-09-18 12:42:30.786000,416.88329953549294,997
2024-09-18 12:42:30.807000,416.9277687359132,98
2024-09-18 12:42:30.863000,416.94243976923286,15
2024-09-18 12:42:30.921000,416.9374518293322,14
2024-09-18 12:42:30.938000,416.9145245136156,100
2024-09-18 12:42:30.960000,416.9213667387929,1003
2024-09-18 12:42:30.962000,416.9041872865473,1002
2024-09-18 12:42:31.017000,416.9092631939564,96
2024-09-18 12:42:31.017000,416.9121230761381,6
2024-09-18 12:42:31.121000,416.9082552360703,104
2024-09-18 12:42:31.188000,416.9121393856389,13
2024-09-18 12:42:31.237000,416.9009877082876,10
2024-09-18 12:42:31.283000,416.8945138814124,11
2024-09-18 12:42:31.360000,416.9150182268154,98
2024-09-18 12:42:31.416000,416.9129908671112,95
2024-09-18 12:42:31.476000,416.9180737166088,103
2024-09-18 12:42:31.482000,416.9093085821463,7
2024-09-18 12:42:31.535000,416.8927806183785,13
2024-09-18 12:42:31.551000,416.9023520882064,1004
2024-09-18 12:42:31.579000,416.89295619170406,1004
2024-09-18 12:42:31.670000,416.9167322848056,10
2024-09-18 12:42:31.673000,416.9269660365858,999
2024-09-18 12:42:31.707000,416.9062261101436,7
2024-09-18 12:42:31.781000,416.8941269922385,104
2024-09-18 12:42:31.826000,416.9043937500796,13
2024-09-18 12:42:31.881000,416.937177664807,999
2024-09-18 12:42:31.891000,416.9227597102805,99
2024-09-18 12:42:31.934000,416.8987425250927,10
2024-09-18 12:42:31.955000,416.89318780875726,995
2024-09-18 12:42:31.991000,416.90654237310895,996
2024-09-18 12:42:32.110000,416.9266918163688,13
2024-09-18 12:42:32.185000,416.8644563758566,95
2024-09-18 12:42:32.232000,416.8641763941207,1004
2024-09-18 12:42:32.275000,416.87882962462425,6
2024-09-18 12:42:32.294000,416.9524479123291,103
2024-09-18 12:42:32.320000,416.934140719307,15
2024-09-18 12:42:32.346000,416.898556734396,102
2024-09-18 12:42:32.519000,416.88994768875904,11
2024-09-18 12:42:32.548000,416.95234690853056,1001
2024-09-18 12:42:32.658000,416.9250439730061,8
2024-09-18 12:42:32.697000,416.8894078562736,999
2024-09-18 12:42:32.706000,416.9096036876023,1001
2024-09-18 12:42:32.745000,416.94256060902615,6
2024-09-18 12:42:32.759000,416.90936441503897,1004
2024-09-18 12:42:32.790000,416.94836345560543,1000
2024-09-18 12:42:32.836000,416.8874483221024,95
2024-09-18 12:42:32.914000,416.9262935905713,1003
2024-09-18 12:42:32.935000,416.8780438002127,103
2024-09-18 12:42:32.966000,416.9442275951819,10
2024-09-18 12:42:33.018000,416.8449380092007,7
2024-09-18 12:42:33.071000,416.85968808353584,996
2024-09-18 12:42:33.102000,416.91313558080384,1005
2024-09-18 12:42:33.106000,416.8870787117072,101
2024-09-18 12:42:33.131000,416.8627248852256,100
2024-09-18 12:42:33.161000,416.8659832211874,9
2024-09-18 12:42:33.198000,416.8630739670577,98
2024-09-18 12:42:33.234000,416.8969505590682,998
2024-09-18 12:42:33.273000,416.8722532663348,1001
2024-09-18 12:42:33.305000,416.8425454642559,996
2024-09-18 12:42:33.321000,416.9084431483357,12
2024-09-18 12:42:33.373000,416.86776013984,1001
2024-09-18 12:42:33.408000,416.90437094904655,1000
2024-09-18 12:42:33.409000,416.8599144545656,102
2024-09-18 12:42:33.435000,416.8782710948218,995
2024-09-18 12:42:33.445000,416.8493701204933,1004
2024-09-18 12:42:33.461000,416.9129296417748,996
2024-09-18 12:42:33.481000,416.8904717828861,10
2024-09-18 12:42:33.616000,416.86757539034255,11
2024-09-18 12:42:33.641000,416.85738163840807,997
2024-09-18 12:42:33.700000,416.8559349510072,999
2024-09-18 12:42:33.832000,416.8964493956168,1000
2024-09-18 12:42:33.904000,416.9000114251599,14
2024-09-18 12:42:33.924000,416.87412448593295,6
2024-09-18 12:42:34.075000,416.8666693527904,1004
2024-09-18 12:42:34.281000,416.88620917273903,1005
2024-09-18 12:42:34.381000,416.8841618600615,7
2024-09-18 12:42:34.418000,416.88773357963385,996
2024-09-18 12:42:34.821000,416.8836143084741,97
2024-09-18 12:42:34.935000,416.87741277017903,1005
2024-09-18 12:42:35.172000,416.9004341671606,1002
2024-09-18 12:42:35.336000,416.9190313751772,101
2024-09-18 12:42:35.339000,416.8629287009516,6
2024-09-18 12:42:35.368000,416.9033314477101,9
2024-09-18 12:42:35.459000,416.8777839567358,1003
2024-09-18 12:42:35.625000,416.8950645782369,5
2024-09-18 12:42:36.780000,416.90017876614144,998
2024-09-18 12:42:37.100000,416.9433195700666,15
2024-09-18 12:42:37.101000,416.93771896436135,10
2024-09-18 12:42:37.114000,416.9127324482488,99
2024-09-18 12:42:37.132000,416.94400781116553,98
2024-09-18 12:42:37.149000,416.9301628114542,5
2024-09-18 12:42:37.155000,416.935103696769,1002
2024-09-18 12:42:37.173000,416.9241527148733,7
2024-09-18 12:42:37.174000,416.942307163175,13
2024-09-18 12:42:37.226000,416.9358939989267,13
2024-09-18 12:42:37.311000,416.9468664737519,95
2024-09-18 12:42:37.319000,416.9210800520679,101
2024-09-18 12:42:37.389000,416.8821575603242,7
2024-09-18 12:42:37.403000,416.8881679987578,5
2024-09-18 12:42:37.416000,416.8730332654655,11
2024-09-18 12:42:37.421000,416.8961187778018,9
2024-09-18 12:42:37.513000,416.9061021097028,997
2024-09-18 12:42:37.562000,416.88508375564646,1001
2024-09-18 12:42:37.572000,416.9159029109032,103
2024-09-18 12:42:37.643000,416.8796269275376,104
2024-09-18 12:42:37.655000,416.88165353853697,11
2024-09-18 12:42:37.704000,416.9314319826821,100
2024-09-18 12:42:37.729000,416.9228770221537,998
2024-09-18 12:42:37.747000,416.88360540871753,996
2024-09-18 12:42:37.804000,416.9117241307297,998
2024-09-18 12:42:37.812000,416.9442034403238,12
2024-09-18 12:42:37.867000,416.9244597692979,95
2024-09-18 12:42:37.921000,416.9244830120063,1002
2024-09-18 12:42:37.932000,416.92446228678847,98
2024-09-18 12:42:37.989000,416.93095976134674,101
2024-09-18 12:42:38.012000,416.934893633335,9
2024-09-18 12:42:38.018000,416.83043961991024,11
2024-09-18 12:42:38.035000,416.8353079874335,999
2024-09-18 12:42:38.039000,416.93486327886063,104
2024-09-18 12:42:38.140000,416.8600267568365,15
2024-09-18 12:42:38.194000,416.9071388436608,104
2024-09-18 12:42:38.243000,416.8187089406861,13
2024-09-18 12:42:38.333000,416.910987778725,11
2024-09-18 12:42:38.492000,416.8333272207768,11
2024-09-18 12:42:38.552000,416.8577628745456,6
2024-09-18 12:42:38.605000,416.8994256572531,12
2024-09-18 12:42:38.622000,416.8392521264866,995
2024-09-18 12:42:38.630000,416.9081558191187,997
2024-09-18 12:42:38.707000,416.9214771811538,102
2024-09-18 12:42:38.752000,416.8681797429036,5
2024-09-18 12:42:38.765000,416.8375052976187,1002
2024-09-18 12:42:38.880000,416.8625468496034,13
2024-09-18 12:42:38.899000,416.9478039606042,1005
2024-09-18 12:42:38.932000,416.8478507036664,99
2024-09-18 12:42:38.997000,416.8914468745394,11
2024-09-18 12:42:39.025000,416.93346005378527,1001
2024-09-18 12:42:39.078000,416.93105140992816,1004
2024-09-18 12:42:39.149000,416.9258521797293,11
2024-09-18 12:42:39.227000,416.87025934618896,101
2024-09-18 12:42:39.254000,416.87069892068587,10
2024-09-18 12:42:39.269000,416.8863167444397,996
2024-09-18 12:42:39.323000,416.8652299602733,996
2024-09-18 12:42:39.374000,416.9146724059233,98
2024-09-18 12:42:39.402000,416.8872115021272,100
2024-09-18 12:42:39.404000,416.8936203685389,6
2024-09-18 12:42:39.419000,416.8567356219842,104
2024-09-18 12:42:39.437000,416.8683211174738,9
2024-09-18 12:42:39.437000,416.8738889760065,100
2024-09-18 12:42:39.441000,416.896300468185,12
2024-09-18 12:42:39.501000,416.9180392783337,7
2024-09-18 12:42:39.532000,416.88773638245016,11
2024-09-18 12:42:39.580000,416.90466540018485,1005
2024-09-18 12:42:39.587000,416.87286234003193,95
2024-09-18 12:42:39.611000,416.8705099281161,10
2024-09-18 12:42:39.666000,416.8917523992092,13
2024-09-18 12:42:39.708000,416.9055921276571,998
2024-09-18 12:42:39.738000,416.8898346288977,1001
2024-09-18 12:42:39.768000,416.917270325596,100
2024-09-18 12:42:39.768000,416.92626963167606,103
2024-09-18 12:42:39.772000,416.8863352468453,13
2024-09-18 12:42:39.791000,416.9248853472192,1003
2024-09-18 12:42:39.799000,416.9209961186885,9
2024-09-18 12:42:39.981000,416.854141818902,1004
2024-09-18 12:42:39.991000,416.8874733774805,998
2024-09-18 12:42:40.073000,416.9762655837407,1002
2024-09-18 12:42:40.082000,416.9618608776347,1001
2024-09-18 12:42:40.135000,416.9415670408857,97
2024-09-18 12:42:40.151000,416.8813699234163,1005
2024-09-18 12:42:40.159000,416.8815889915976,98
2024-09-18 12:42:40.278000,416.9610240352934,104
2024-09-18 12:42:40.295000,416.9039442813445,998
2024-09-18 12:42:40.302000,416.9634776657218,10
2024-09-18 12:42:40.335000,416.9813626945598,102
2024-09-18 12:42:40.352000,416.9371398148318,104
2024-09-18 12:42:40.414000,416.95316617361055,99
2024-09-18 12:42:40.420000,416.94125904369184,997
2024-09-18 12:42:40.482000,416.8988001913984,997
2024-09-18 12:42:40.497000,416.9304833984731,1002
2024-09-18 12:42:40.548000,416.9127812356546,104
2024-09-18 12:42:40.636000,416.93892923590494,15
2024-09-18 12:42:40.640000,416.9512528787387,6
2024-09-18 12:42:40.641000,416.9410968304748,105
2024-09-18 12:42:40.718000,416.89463912353926,1002
2024-09-18 12:42:40.802000,416.9471163083516,1002
2024-09-18 12:42:40.925000,416.8973773296644,1002
2024-09-18 12:42:41.052000,416.9397558026636,1005
2024-09-18 12:42:41.082000,416.9475228253732,101
2024-09-18 12:42:41.121000,416.8848176250699,98
2024-09-18 12:42:41.143000,416.9649689425273,996
2024-09-18 12:42:41.153000,416.96679071136487,12
2024-09-18 12:42:41.240000,416.959724321343,99
2024-09-18 12:42:41.291000,416.93674997793767,998
2024-09-18 12:42:41.309000,416.9443148053891,11
2024-09-18 12:42:41.346000,416.9412004368225,14
2024-09-18 12:42:41.463000,416.8810491188287,998
2024-09-18 12:42:41.506000,416.9406588103006,98
2024-09-18 12:42:41.511000,416.9345339982514,1004
2024-09-18 12:42:41.591000,416.947835319403,1005
2024-09-18 12:42:41.592000,416.9559812172842,102
2024-09-18 12:42:41.633000,416.9618200595539,5
2024-09-18 12:42:41.641000,416.88892464989226,6
2024-09-18 12:42:41.665000,416.901964110027,102
2024-09-18 12:42:41.717000,416.9244390701458,996
2024-09-18 12:42:41.793000,416.9618791771297,9
2024-09-18 12:42:41.812000,416.9574959428885,101
2024-09-18 12:42:41.881000,416.9362176039472,1003
2024-09-18 12:42:41.971000,416.8897630505471,999
2024-09-18 12:42:42.056000,416.91004167426246,6
2024-09-18 12:42:42.094000,416.9248537715552,103
2024-09-18 12:42:42.143000,416.8894326507141,998
2024-09-18 12:42:42.381000,416.903461264103,998
2024-09-18 12:42:42.692000,416.9012769567429,102
2024-09-18 12:42:43.149000,416.9427371674448,1002
2024-09-18 12:42:43.647000,416.9332587340177,1002
2024-09-18 12:42:43.987000,416.942576541719,11
2024-09-18 12:42:44.020000,416.9588554835037,996
2024-09-18 12:42:44.076000,416.944780665529,1005
2024-09-18 12:42:44.132000,416.9337042738213,1004
2024-09-18 12:42:44.176000,416.9525086324064,1003
2024-09-18 12:42:44.205000,416.96130287352594,998
2024-09-18 12:42:44.277000,416.9576617030168,98
2024-09-18 12:42:44.329000,416.9445862655997,15
2024-09-18 12:42:44.366000,416.9600854436704,96
2024-09-18 12:42:44.522000,416.9364525530141,102
2024-09-18 12:42:44.567000,416.9478541987007,1002
2024-09-18 12:42:44.581000,416.9373233060174,101
2024-09-18 12:42:44.595000,416.928578975102,98
2024-09-18 12:42:44.631000,416.9503369832673,101
2024-09-18 12:42:44.793000,416.9682096131991,9
2024-09-18 12:42:44.836000,416.9393332440108,6
2024-09-18 12:42:44.867000,416.93600292127735,997
2024-09-18 12:42:45.017000,416.9660598069778,9
2024-09-18 12:42:45.051000,416.9733834942362,103
2024-09-18 12:42:45.254000,416.944692495621,999
2024-09-18 12:42:45.569000,416.93692400411527,8
2024-09-18 12:42:45.800000,416.929937615121,1000
2024-09-18 12:42:45.905000,416.9580087015464,105
2024-09-18 12:42:45.924000,416.9777143154769,10
2024-09-18 12:42:46.021000,416.91970851855984,1003
2024-09-18 12:42:46.052000,416.9651274842158,8
2024-09-18 12:42:46.053000,416.94680379009554,997
2024-09-18 12:42:46.073000,416.9248966836393,96
2024-09-18 12:42:46.079000,416.9465085052594,99
2024-09-18 12:42:46.122000,416.91737206660105,15
2024-09-18 12:42:46.125000,416.9405907981351,11
2024-09-18 12:42:46.166000,416.9014372938914,15
2024-09-18 12:42:46.178000,416.89696915144543,103
2024-09-18 12:42:46.293000,416.9276891424242,96
2024-09-18 12:42:46.301000,416.9439210435107,1001
2024-09-18 12:42:46.352000,416.9251695238139,1004
2024-09-18 12:42:46.374000,416.9116125573052,7
2024-09-18 12:42:46.682000,416.922342209908,95
2024-09-18 12:42:46.687000,416.9420958124026,11
2024-09-18 12:42:46.725000,416.9458682297426,8
2024-09-18 12:42:46.731000,416.94567620184336,105
2024-09-18 12:42:46.795000,416.9295491519976,10
2024-09-18 12:42:46.899000,416.90167148979305,1000
2024-09-18 12:42:46.918000,416.8853754596111,1001
2024-09-18 12:42:46.920000,416.9658000642221,8
2024-09-18 12:42:46.996000,416.9283045421424,998
2024-09-18 12:42:47.017000,416.9278267957391,1001
2024-09-18 12:42:47.055000,416.9175488282399,13
2024-09-18 12:42:47.126000,416.9592375999568,1003
2024-09-18 12:42:47.227000,416.92398353740856,15
2024-09-18 12:42:47.358000,416.9181588363448,98
2024-09-18 12:42:47.524000,416.9631963268106,100
2024-09-18 12:42:47.541000,416.960776031739,13
2024-09-18 12:42:47.567000,416.95242708653353,13
2024-09-18 12:42:47.601000,416.9565213245323,97
2024-09-18 12:42:47.747000,416.9368975863183,1003
2024-09-18 12:42:47.938000,416.9174480349382,14
2024-09-18 12:42:47.981000,416.9564002962213,15
2024-09-18 12:42:48.038000,416.9594340786767,8
2024-09-18 12:42:48.232000,416.88263704240734,996
2024-09-18 12:42:48.240000,416.9581507436218,1001
2024-09-18 12:42:48.255000,416.9464936180685,995
2024-09-18 12:42:48.384000,416.9720744646698,14
2024-09-18 12:42:48.423000,416.90442156942936,11
2024-09-18 12:42:48.430000,416.93794938783367,998
2024-09-18 12:42:48.455000,416.907014111937,10
2024-09-18 12:42:48.456000,416.9631014781267,1003
2024-09-18 12:42:48.546000,416.8900258097494,7
2024-09-18 12:42:48.592000,416.9255244290291,97
2024-09-18 12:42:48.598000,416.90886279544895,998
2024-09-18 12:42:48.627000,416.9439278630806,13
2024-09-18 12:42:48.659000,416.905604188691,10
2024-09-18 12:42:48.689000,416.8852493456446,100
2024-09-18 12:42:48.729000,416.9747142029557,97
2024-09-18 12:42:48.780000,416.9611318514542,100
2024-09-18 12:42:48.823000,416.9683138947897,998
2024-09-18 12:42:48.837000,416.9654778839696,14
2024-09-18 12:42:48.857000,416.96798845716967,103
2024-09-18 12:42:48.872000,416.89808826423246,105
2024-09-18 12:42:48.929000,416.8917464319375,9
2024-09-18 12:42:48.934000,416.9050451564767,996
2024-09-18 12:42:48.977000,416.9820435851721,98
2024-09-18 12:42:49.088000,416.8685566624199,105
2024-09-18 12:42:49.093000,416.840588214272,98
2024-09-18 12:42:49.134000,416.8321575373584,103
2024-09-18 12:42:49.222000,416.8402238926468,8
2024-09-18 12:42:49.224000,416.8341763644602,15
2024-09-18 12:42:49.227000,416.8643432723208,1005
2024-09-18 12:42:49.244000,416.83565803557497,5
2024-09-18 12:42:49.251000,416.86442722247017,97
2024-09-18 12:42:49.323000,416.8309435787143,14
2024-09-18 12:42:49.410000,416.8407310277989,999
2024-09-18 12:42:49.517000,416.8383502679696,102
2024-09-18 12:42:49.538000,416.8528943227526,999
2024-09-18 12:42:49.541000,416.8792652953237,1001
2024-09-18 12:42:49.548000,416.8399368344024,99
2024-09-18 12:42:49.611000,416.8203652339469,98
2024-09-18 12:42:49.676000,416.8332960137651,999
2024-09-18 12:42:49.736000,416.82782011985176,1005
2024-09-18 12:42:49.804000,416.86201598373583,1003
2024-09-18 12:42:49.815000,416.9088294232988,6
2024-09-18 12:42:49.967000,416.83359096487777,103
2024-09-18 12:42:50.006000,416.8784953957339,14
2024-09-18 12:42:50.719000,416.8404437813291,7
2024-09-18 12:42:51.014000,416.8259745122217,14
2024-09-18 12:42:51.353000,416.8326158409553,99
2024-09-18 12:42:51.911000,416.84399363728096,5
2024-09-18 12:42:51.964000,416.8280464153417,1002
2024-09-18 12:42:52.124000,416.84799130796375,8
2024-09-18 12:42:52.161000,416.865793007351,1002
2024-09-18 12:42:52.255000,416.8891604995519,11
2024-09-18 12:42:52.262000,416.88278729423513,9
2024-09-18 12:42:52.310000,416.86005295876174,1000
2024-09-18 12:42:52.337000,416.86042321786607,102
2024-09-18 12:42:52.455000,416.8744488822652,6
2024-09-18 12:42:52.490000,416.8298890384307,1002
2024-09-18 12:42:52.492000,416.8465835435697,6
2024-09-18 12:42:52.525000,416.82719486104605,6
2024-09-18 12:42:52.629000,416.84377969394274,996
2024-09-18 12:42:52.642000,416.82990196320463,1003
2024-09-18 12:42:52.646000,416.8305395305112,998
2024-09-18 12:42:52.700000,416.8463703547828,9
2024-09-18 12:42:52.714000,416.8895610115837,1004
2024-09-18 12:42:52.743000,416.8794368649632,96
2024-09-18 12:42:52.763000,416.8514925379676,101
2024-09-18 12:42:52.813000,416.8286101974503,1002
2024-09-18 12:42:52.990000,416.8862648594159,102
2024-09-18 12:42:53.184000,416.8726931594391,13
2024-09-18 12:42:53.492000,416.87689036269217,11
2024-09-18 12:42:53.720000,416.8698591892124,103
2024-09-18 12:42:53.789000,416.8894070097824,98
2024-09-18 12:42:53.877000,416.8963115787762,995
2024-09-18 12:42:53.931000,416.8749599613438,1005
2024-09-18 12:42:54.180000,416.88399384717263,1002
2024-09-18 12:42:55.089000,416.8774598092486,13
2024-09-18 12:42:55.136000,416.8767406767888,1004
2024-09-18 12:42:55.160000,416.84476095127707,95
2024-09-18 12:42:55.204000,416.88049618334577,6
2024-09-18 12:42:55.211000,416.8399848939001,98
2024-09-18 12:42:55.278000,416.843454336845,995
2024-09-18 12:42:55.296000,416.8272768339661,14
2024-09-18 12:42:55.398000,416.7289517866545,12
2024-09-18 12:42:55.572000,416.76416746684674,998
2024-09-18 12:42:55.574000,416.8927564881175,9
2024-09-18 12:42:55.576000,416.8570934389053,100
2024-09-18 12:42:55.602000,416.7561144789337,995
2024-09-18 12:42:55.669000,416.8625030560079,98
2024-09-18 12:42:55.674000,416.7450758562497,105
2024-09-18 12:42:55.712000,416.73744300548594,997
2024-09-18 12:42:55.754000,416.8753180053444,6
2024-09-18 12:42:55.755000,416.785370058457,96
2024-09-18 12:42:55.806000,416.724696766246,105
2024-09-18 12:42:55.810000,416.7577121504668,11
2024-09-18 12:42:55.811000,416.763521244773,996
2024-09-18 12:42:55.875000,416.7499246617971,103
2024-09-18 12:42:55.877000,416.732664200917,102
2024-09-18 12:42:55.883000,416.8054670434859,105
2024-09-18 12:42:55.930000,416.85566753139,15
2024-09-18 12:42:55.957000,416.75157883508274,103
2024-09-18 12:42:55.959000,416.7344053133527,1005
2024-09-18 12:42:56.025000,416.7894827489053,1005
2024-09-18 12:42:56.083000,416.7762045124122,14
2024-09-18 12:42:56.086000,416.76289288959714,95
2024-09-18 12:42:56.103000,416.8126571429634,98
2024-09-18 12:42:56.156000,416.80539504594174,7
2024-09-18 12:42:56.227000,416.77550110743897,1000
2024-09-18 12:42:56.307000,416.8053941913598,7
2024-09-18 12:42:56.356000,416.7950088390522,98
2024-09-18 12:42:56.360000,416.805298335467,10
2024-09-18 12:42:56.457000,416.8268791901675,95
2024-09-18 12:42:56.468000,416.7933968846367,98
2024-09-18 12:42:56.526000,416.7984663291069,1005
2024-09-18 12:42:56.597000,416.8067828348504,105
2024-09-18 12:42:56.667000,416.8226482551581,105
2024-09-18 12:42:56.802000,416.7904532507328,996
2024-09-18 12:42:56.855000,416.8067675655332,101
2024-09-18 12:42:56.861000,416.8039597127221,97
2024-09-18 12:42:56.878000,416.8187519225545,1004
2024-09-18 12:42:56.904000,416.7859715525501,102
2024-09-18 12:42:56.917000,416.8016242519051,998
2024-09-18 12:42:56.957000,416.8054267635163,95
2024-09-18 12:42:56.981000,416.8015681966072,98
2024-09-18 12:42:57.005000,416.8087911017956,97
2024-09-18 12:42:57.020000,416.78029995925857,14
2024-09-18 12:42:57.047000,416.81598563178505,105
2024-09-18 12:42:57.096000,416.8003006981956,97
2024-09-18 12:42:57.172000,416.8108336612395,10
2024-09-18 12:42:57.236000,416.78626928205335,997
2024-09-18 12:42:57.531000,416.8242132519322,8
2024-09-18 12:42:57.558000,416.80028783694974,6
2024-09-18 12:42:57.726000,416.7911797743055,11
2024-09-18 12:42:58.053000,416.78912033238055,1005
2024-09-18 12:42:58.175000,416.8236372158698,8
2024-09-18 12:42:58.196000,416.765429772944,13
2024-09-18 12:42:58.247000,416.7855655098261,12
2024-09-18 12:42:58.255000,416.76899100125513,15
2024-09-18 12:42:58.281000,416.7471190476521,9
2024-09-18 12:42:58.297000,416.8162784321881,5
2024-09-18 12:42:58.564000,416.7379841338315,101
2024-09-18 12:42:58.592000,416.8005635344848,103
2024-09-18 12:42:58.624000,416.8052723796358,1000
2024-09-18 12:42:58.654000,416.7681504206113,103
2024-09-18 12:42:58.655000,416.76034327451424,8
2024-09-18 12:42:58.701000,416.76023791308,100
2024-09-18 12:42:58.748000,416.7645707708896,101
2024-09-18 12:42:58.821000,416.7402960471375,998
2024-09-18 12:42:58.829000,416.7856453603592,996
2024-09-18 12:42:58.837000,416.7590365444109,15
2024-09-18 12:42:58.861000,416.8178008352286,98
2024-09-18 12:42:58.946000,416.795346468139,1001
2024-09-18 12:42:58.994000,416.7762475336093,12
2024-09-18 12:42:58.997000,416.7513620225715,105
2024-09-18 12:42:59.024000,416.7969776074028,6
2024-09-18 12:42:59.057000,416.7959763922638,999
2024-09-18 12:42:59.135000,416.8525179943447,8
2024-09-18 12:42:59.231000,416.78638352958967,1003
2024-09-18 12:42:59.262000,416.7790698580172,10
2024-09-18 12:42:59.417000,416.84035365581127,97
2024-09-18 12:42:59.463000,416.7684640083684,12
2024-09-18 12:42:59.530000,416.7664580804428,997
2024-09-18 12:42:59.677000,416.7786030562533,997
2024-09-18 12:42:59.810000,416.77661026683,98
2024-09-18 12:42:59.827000,416.774168516711,1002
2024-09-18 12:42:59.844000,416.82095186622473,998
2024-09-18 12:42:59.914000,416.79438492794975,9
2024-09-18 12:42:59.924000,416.7749051989719,10
2024-09-18 12:42:59.992000,416.8111491936352,12
