Timestamp,Price,Size
2024-09-20 09:37:00.069000,422.2180016151405,102
2024-09-20 09:37:00.171000,422.3193344596814,13
2024-09-20 09:37:00.332000,422.244921026222,1005
2024-09-20 09:37:00.335000,422.2633313264213,15
2024-09-20 09:37:00.390000,422.3103924977067,15
2024-09-20 09:37:00.417000,422.23640140102464,98
2024-09-20 09:37:00.418000,422.2502285131557,7
2024-09-20 09:37:00.423000,422.2817481515669,5
2024-09-20 09:37:00.432000,422.31729381750415,997
2024-09-20 09:37:00.457000,422.29249928675046,1002
2024-09-20 09:37:00.461000,422.2444639493353,999
2024-09-20 09:37:00.489000,422.3159014030628,97
2024-09-20 09:37:00.520000,422.32564898385885,1003
2024-09-20 09:37:00.520000,422.2473900842948,104
2024-09-20 09:37:00.529000,422.2960725703134,15
2024-09-20 09:37:00.542000,422.2362737986852,14
2024-09-20 09:37:00.570000,422.2589243283133,11
2024-09-20 09:37:00.580000,422.26028097201726,1000
2024-09-20 09:37:00.645000,422.3174838721692,10
2024-09-20 09:37:00.656000,422.2522033196503,104
2024-09-20 09:37:00.674000,422.2602651158156,101
2024-09-20 09:37:00.678000,422.2447274992883,5
2024-09-20 09:37:00.689000,422.3257540917498,7
2024-09-20 09:37:00.735000,422.3049052014765,997
2024-09-20 09:37:00.768000,422.2536173222098,100
2024-09-20 09:37:00.842000,422.2759915519839,6
2024-09-20 09:37:00.919000,422.2908066961903,99
2024-09-20 09:37:00.933000,422.25756235575614,103
2024-09-20 09:37:01.187000,422.2539552529446,100
2024-09-20 09:37:01.237000,422.2487941092979,6
2024-09-20 09:37:01.255000,422.2363850444883,14
2024-09-20 09:37:01.367000,422.2733124535232,999
2024-09-20 09:37:01.377000,422.2525401946488,15
2024-09-20 09:37:01.382000,422.2349390249339,7
2024-09-20 09:37:01.416000,422.2599040129601,96
2024-09-20 09:37:01.680000,422.2652114109269,13
2024-09-20 09:37:01.875000,422.234049637378,11
2024-09-20 09:37:02.019000,422.2268763710188,5
2024-09-20 09:37:03.262000,422.240658152881,11
2024-09-20 09:37:03.329000,422.2355491954576,1004
2024-09-20 09:37:03.390000,422.22026859095,999
2024-09-20 09:37:03.517000,422.22558844843513,6
2024-09-20 09:37:03.573000,422.2412254585485,7
2024-09-20 09:37:03.602000,422.22442896396495,995
2024-09-20 09:37:03.758000,422.2343530355234,9
2024-09-20 09:37:03.807000,422.2215277848014,1005
2024-09-20 09:37:03.821000,422.2069202233618,101
2024-09-20 09:37:03.834000,422.2201056651464,1004
2024-09-20 09:37:03.840000,422.2301980331984,999
2024-09-20 09:37:03.846000,422.2358095469867,1001
2024-09-20 09:37:03.983000,422.21167575458776,997
2024-09-20 09:37:04.052000,422.2364282000322,5
2024-09-20 09:37:04.054000,422.2643665472374,1000
2024-09-20 09:37:04.158000,422.2660611927804,6
2024-09-20 09:37:04.171000,422.2722815267992,9
2024-09-20 09:37:04.206000,422.2344572262479,1004
2024-09-20 09:37:04.235000,422.2512842994718,10
2024-09-20 09:37:04.252000,422.2330074050194,11
2024-09-20 09:37:04.260000,422.2317974327681,7
2024-09-20 09:37:04.292000,422.2210530245399,11
2024-09-20 09:37:04.312000,422.209900604739,998
2024-09-20 09:37:04.348000,422.22857790040166,1003
2024-09-20 09:37:04.362000,422.2469208893493,95
2024-09-20 09:37:04.396000,422.2514084356794,999
2024-09-20 09:37:04.409000,422.261893688694,12
2024-09-20 09:37:04.483000,422.2725931571172,14
2024-09-20 09:37:04.526000,422.2682608044171,102
2024-09-20 09:37:04.555000,422.2772185815039,996
2024-09-20 09:37:04.563000,422.2179131201153,97
2024-09-20 09:37:04.600000,422.2729724930935,995
2024-09-20 09:37:04.607000,422.2665165835557,99
2024-09-20 09:37:04.674000,422.24895215372624,1001
2024-09-20 09:37:04.702000,422.24251855080325,15
2024-09-20 09:37:04.705000,422.2334776855724,995
2024-09-20 09:37:04.706000,422.2263472927865,997
2024-09-20 09:37:04.716000,422.2442260853049,5
2024-09-20 09:37:04.747000,422.2522921268142,996
2024-09-20 09:37:04.803000,422.2566825730621,12
2024-09-20 09:37:04.902000,422.2366644049846,6
2024-09-20 09:37:04.906000,422.26460007874977,15
2024-09-20 09:37:04.964000,422.2250671485684,998
2024-09-20 09:37:05.108000,422.27364520167896,95
2024-09-20 09:37:05.181000,422.2854876215356,95
2024-09-20 09:37:05.203000,422.2926533762127,96
2024-09-20 09:37:05.233000,422.32391471975006,13
2024-09-20 09:37:05.236000,422.36307231457,12
2024-09-20 09:37:05.301000,422.33334171525365,105
2024-09-20 09:37:05.304000,422.3545609151969,104
2024-09-20 09:37:05.326000,422.3500768012176,1002
2024-09-20 09:37:05.460000,422.3274489917453,97
2024-09-20 09:37:05.468000,422.28226632412776,10
2024-09-20 09:37:05.483000,422.3650905679834,95
2024-09-20 09:37:05.502000,422.3520017413944,101
2024-09-20 09:37:05.703000,422.2567617805311,10
2024-09-20 09:37:05.774000,422.3123960399974,96
2024-09-20 09:37:05.833000,422.25310439352927,100
2024-09-20 09:37:06.093000,422.3730777275355,13
2024-09-20 09:37:06.207000,422.4237472344794,1002
2024-09-20 09:37:06.208000,422.36145486025646,8
2024-09-20 09:37:06.217000,422.3782131883245,8
2024-09-20 09:37:06.293000,422.375715209241,97
2024-09-20 09:37:06.417000,422.3823582742407,1003
2024-09-20 09:37:06.496000,422.40053209253074,1001
2024-09-20 09:37:06.504000,422.37941547043096,12
2024-09-20 09:37:06.605000,422.4263975075592,10
2024-09-20 09:37:06.657000,422.40524641854506,996
2024-09-20 09:37:06.687000,422.4175356851122,105
2024-09-20 09:37:06.729000,422.3646744862728,14
2024-09-20 09:37:06.837000,422.3501968182681,104
2024-09-20 09:37:06.857000,422.3986762148777,1004
2024-09-20 09:37:06.884000,422.42638921549366,14
2024-09-20 09:37:07.005000,422.4319257396318,104
2024-09-20 09:37:07.056000,422.44241098153566,96
2024-09-20 09:37:07.194000,422.44926267782,5
2024-09-20 09:37:07.316000,422.4601010833498,95
2024-09-20 09:37:07.320000,422.420564297572,1001
2024-09-20 09:37:07.323000,422.4447938996352,102
2024-09-20 09:37:07.416000,422.41485063144273,1002
2024-09-20 09:37:07.418000,422.425319836704,99
2024-09-20 09:37:07.482000,422.4645148015373,10
2024-09-20 09:37:07.519000,422.4392781899631,15
2024-09-20 09:37:07.540000,422.44383069747295,8
2024-09-20 09:37:07.552000,422.4323199211313,7
2024-09-20 09:37:07.588000,422.4728882677861,99
2024-09-20 09:37:07.589000,422.4469323606904,1005
2024-09-20 09:37:07.688000,422.4617158766664,8
2024-09-20 09:37:07.718000,422.45576279776736,104
2024-09-20 09:37:07.731000,422.46785255604976,11
2024-09-20 09:37:07.807000,422.46205265498287,1001
2024-09-20 09:37:07.833000,422.42000833057085,101
2024-09-20 09:37:07.961000,422.4500798489349,996
2024-09-20 09:37:08.004000,422.4392590742256,11
2024-09-20 09:37:08.057000,422.454354626132,9
2024-09-20 09:37:08.154000,422.4629319354745,7
2024-09-20 09:37:08.195000,422.45259322135695,8
2024-09-20 09:37:08.383000,422.4667604318338,13
2024-09-20 09:37:08.517000,422.4606825356764,12
2024-09-20 09:37:08.539000,422.4569821759004,6
2024-09-20 09:37:08.590000,422.4673627781484,103
2024-09-20 09:37:08.769000,422.4517887245888,8
2024-09-20 09:37:08.901000,422.47836704613854,997
2024-09-20 09:37:09.139000,422.4975438373922,7
2024-09-20 09:37:09.169000,422.4631335822034,95
2024-09-20 09:37:09.372000,422.4644683574356,1000
2024-09-20 09:37:09.372000,422.4343876647124,1004
2024-09-20 09:37:09.378000,422.4482131707168,95
2024-09-20 09:37:09.433000,422.4783983514174,97
2024-09-20 09:37:09.492000,422.46157647181616,98
2024-09-20 09:37:09.514000,422.4552870065106,1001
2024-09-20 09:37:09.529000,422.4432513427358,1003
2024-09-20 09:37:09.563000,422.4337563701257,9
2024-09-20 09:37:09.600000,422.4536341615163,9
2024-09-20 09:37:09.614000,422.4498244107391,97
2024-09-20 09:37:09.668000,422.48593238609766,98
2024-09-20 09:37:09.727000,422.4515592354825,14
2024-09-20 09:37:09.787000,422.4521939985565,14
2024-09-20 09:37:09.928000,422.4569800588829,996
2024-09-20 09:37:10.012000,422.49926334776734,99
2024-09-20 09:37:10.126000,422.5023798013936,7
2024-09-20 09:37:10.167000,422.5186053879799,105
2024-09-20 09:37:10.360000,422.5140502886275,1004
2024-09-20 09:37:10.560000,422.4996578208613,100
2024-09-20 09:37:10.577000,422.4977213326652,95
2024-09-20 09:37:10.591000,422.494510270708,9
2024-09-20 09:37:10.611000,422.4958807971487,97
2024-09-20 09:37:10.631000,422.494838884161,12
2024-09-20 09:37:10.713000,422.5087636463137,14
2024-09-20 09:37:10.800000,422.4899820043443,7
2024-09-20 09:37:10.800000,422.5222735537325,1002
2024-09-20 09:37:10.888000,422.5197566219071,96
2024-09-20 09:37:11.059000,422.490141409913,103
2024-09-20 09:37:11.255000,422.4703080078105,103
2024-09-20 09:37:11.280000,422.5267720686877,1000
2024-09-20 09:37:11.345000,422.5098976392693,995
2024-09-20 09:37:11.415000,422.5019041551709,11
2024-09-20 09:37:11.468000,422.5514814671424,997
2024-09-20 09:37:11.481000,422.4951246262556,1002
2024-09-20 09:37:11.496000,422.4674755929842,11
2024-09-20 09:37:11.530000,422.4782052790421,1004
2024-09-20 09:37:11.553000,422.4789484579515,997
2024-09-20 09:37:11.574000,422.5006322457479,6
2024-09-20 09:37:11.600000,422.5335230957183,96
2024-09-20 09:37:11.606000,422.4825204423532,10
2024-09-20 09:37:11.634000,422.5243173725696,14
2024-09-20 09:37:11.668000,422.4808006708403,5
2024-09-20 09:37:11.701000,422.4882324921815,7
2024-09-20 09:37:11.859000,422.4736684111478,999
2024-09-20 09:37:11.861000,422.5276453627405,999
2024-09-20 09:37:11.864000,422.5014130030213,6
2024-09-20 09:37:11.880000,422.4912140800882,15
2024-09-20 09:37:11.893000,422.49490542366425,9
2024-09-20 09:37:11.939000,422.47693603476654,995
2024-09-20 09:37:11.947000,422.5072986075424,1005
2024-09-20 09:37:12.034000,422.5192132925815,104
2024-09-20 09:37:12.162000,422.46692539480784,995
2024-09-20 09:37:12.176000,422.4585635973661,1003
2024-09-20 09:37:12.182000,422.4945728278191,1000
2024-09-20 09:37:12.189000,422.5178946546144,7
2024-09-20 09:37:12.216000,422.5473908159704,99
2024-09-20 09:37:12.270000,422.5615091201775,1002
2024-09-20 09:37:12.307000,422.48235530499744,96
2024-09-20 09:37:12.441000,422.4566988165499,102
2024-09-20 09:37:12.458000,422.4943324484448,1001
2024-09-20 09:37:12.460000,422.4884001774435,8
2024-09-20 09:37:12.570000,422.408401651252,1000
2024-09-20 09:37:12.622000,422.518067760217,1004
2024-09-20 09:37:12.652000,422.4073771409458,101
2024-09-20 09:37:12.674000,422.5449128652568,14
2024-09-20 09:37:12.778000,422.39666011089,999
2024-09-20 09:37:12.796000,422.4105148784077,1004
2024-09-20 09:37:12.945000,422.4278859989678,95
2024-09-20 09:37:12.980000,422.5191845844747,1000
2024-09-20 09:37:12.993000,422.40451124886937,104
2024-09-20 09:37:13.018000,422.3887853931481,12
2024-09-20 09:37:13.123000,422.369666890971,14
2024-09-20 09:37:13.396000,422.38451851619016,7
2024-09-20 09:37:13.515000,422.3972160500214,7
2024-09-20 09:37:13.718000,422.3899531135732,1004
2024-09-20 09:37:13.801000,422.3820369935514,99
2024-09-20 09:37:13.844000,422.38565700286784,13
2024-09-20 09:37:13.887000,422.37168461147695,104
2024-09-20 09:37:13.910000,422.3929504151384,12
2024-09-20 09:37:13.982000,422.3862760764607,13
2024-09-20 09:37:14.117000,422.37222362233456,13
2024-09-20 09:37:14.552000,422.3808839220256,102
2024-09-20 09:37:14.668000,422.3851645357612,997
2024-09-20 09:37:14.700000,422.3831371487999,1002
2024-09-20 09:37:15.120000,422.4130962648697,996
2024-09-20 09:37:15.141000,422.4095829729265,1000
2024-09-20 09:37:15.151000,422.3442002540848,1004
2024-09-20 09:37:15.178000,422.34023501779546,996
2024-09-20 09:37:15.205000,422.405671700267,1002
2024-09-20 09:37:15.273000,422.3729560546761,997
2024-09-20 09:37:15.301000,422.4128404787947,997
2024-09-20 09:37:15.316000,422.3484493369307,6
2024-09-20 09:37:15.322000,422.41027058321606,997
2024-09-20 09:37:15.438000,422.42258078209903,9
2024-09-20 09:37:15.445000,422.3981001577025,8
2024-09-20 09:37:15.454000,422.39265520119113,6
2024-09-20 09:37:15.530000,422.3111026745842,998
2024-09-20 09:37:15.614000,422.3785502526319,13
2024-09-20 09:37:15.691000,422.4232747120062,102
2024-09-20 09:37:15.718000,422.3663490336817,104
2024-09-20 09:37:15.852000,422.4058688031719,1003
2024-09-20 09:37:15.883000,422.4077666414386,11
2024-09-20 09:37:15.908000,422.3933775449813,10
2024-09-20 09:37:15.931000,422.4080579764262,97
2024-09-20 09:37:15.947000,422.4209305260973,1003
2024-09-20 09:37:16.066000,422.345768303398,99
2024-09-20 09:37:16.557000,422.35088925730855,11
2024-09-20 09:37:16.725000,422.3620991326858,102
2024-09-20 09:37:17.013000,422.35316727876034,15
2024-09-20 09:37:17.111000,422.3614310384941,8
2024-09-20 09:37:17.115000,422.3617534035433,101
2024-09-20 09:37:17.187000,422.4061484333057,103
2024-09-20 09:37:17.205000,422.35961422303706,95
2024-09-20 09:37:17.433000,422.3493729891554,1000
2024-09-20 09:37:17.502000,422.4248275539699,10
2024-09-20 09:37:17.627000,422.37500773723536,998
2024-09-20 09:37:17.684000,422.39568885759184,105
2024-09-20 09:37:17.721000,422.3726762461311,7
2024-09-20 09:37:17.803000,422.4435008313597,15
2024-09-20 09:37:17.888000,422.3702083735516,97
2024-09-20 09:37:17.896000,422.4030755943452,996
2024-09-20 09:37:17.906000,422.4220965712749,1005
2024-09-20 09:37:17.956000,422.3645309254032,998
2024-09-20 09:37:17.983000,422.4174286919898,99
2024-09-20 09:37:17.983000,422.3798264919992,999
2024-09-20 09:37:18.029000,422.4579295047515,1005
2024-09-20 09:37:18.031000,422.4406614663493,98
2024-09-20 09:37:18.042000,422.4405350230077,12
2024-09-20 09:37:18.097000,422.42778744975607,96
2024-09-20 09:37:18.168000,422.4295211515093,1001
2024-09-20 09:37:18.177000,422.4129458765018,10
2024-09-20 09:37:18.180000,422.4222468438976,15
2024-09-20 09:37:18.228000,422.41382158999113,15
2024-09-20 09:37:18.287000,422.4207813497765,96
2024-09-20 09:37:18.301000,422.44185854804186,1001
2024-09-20 09:37:18.360000,422.4284533014839,99
2024-09-20 09:37:18.435000,422.4082655002596,1004
2024-09-20 09:37:18.519000,422.426328653216,7
2024-09-20 09:37:18.578000,422.4038864677565,10
2024-09-20 09:37:18.588000,422.3945341384041,997
2024-09-20 09:37:18.660000,422.40074479074406,10
2024-09-20 09:37:18.744000,422.4151068971305,1000
2024-09-20 09:37:18.747000,422.4143092517842,5
2024-09-20 09:37:18.752000,422.4256752370535,14
2024-09-20 09:37:18.849000,422.4441421571441,13
2024-09-20 09:37:18.865000,422.41220518549073,98
2024-09-20 09:37:18.908000,422.42328924018034,11
2024-09-20 09:37:19.015000,422.4374293943605,15
2024-09-20 09:37:19.062000,422.4494022805248,999
2024-09-20 09:37:19.121000,422.4496228176181,999
2024-09-20 09:37:19.134000,422.44323227481055,99
2024-09-20 09:37:19.165000,422.4707555169503,1001
2024-09-20 09:37:19.185000,422.4615563060428,5
2024-09-20 09:37:19.193000,422.458340026925,999
2024-09-20 09:37:19.211000,422.4526989503647,100
2024-09-20 09:37:19.220000,422.4433941210935,102
2024-09-20 09:37:19.242000,422.4536062671321,6
2024-09-20 09:37:19.369000,422.44951453222393,11
2024-09-20 09:37:19.393000,422.4523713510695,100
2024-09-20 09:37:19.439000,422.4606175010405,1000
2024-09-20 09:37:19.463000,422.4273140856371,103
2024-09-20 09:37:19.522000,422.46758717647526,13
2024-09-20 09:37:19.536000,422.42864347831824,100
2024-09-20 09:37:19.597000,422.44647153159485,1000
2024-09-20 09:37:19.626000,422.45142898606986,98
2024-09-20 09:37:19.645000,422.4727259604436,104
2024-09-20 09:37:19.676000,422.4468065141685,105
2024-09-20 09:37:19.711000,422.45061061258895,5
2024-09-20 09:37:19.755000,422.4605839078074,1005
2024-09-20 09:37:19.762000,422.4591998938878,7
2024-09-20 09:37:19.819000,422.4371810296181,1003
2024-09-20 09:37:19.947000,422.46050214537553,999
2024-09-20 09:37:19.981000,422.4266711238224,12
2024-09-20 09:37:19.993000,422.465491534899,15
2024-09-20 09:37:20.031000,422.4303081753785,996
2024-09-20 09:37:20.036000,422.4148248613094,1001
2024-09-20 09:37:20.058000,422.4408945052295,12
2024-09-20 09:37:20.115000,422.4462144537381,8
2024-09-20 09:37:20.128000,422.4334384635959,1003
2024-09-20 09:37:20.132000,422.4580192179861,102
2024-09-20 09:37:20.241000,422.4159964903384,997
2024-09-20 09:37:20.306000,422.45949163956,105
2024-09-20 09:37:20.439000,422.4316577942857,999
2024-09-20 09:37:20.444000,422.4580210338029,10
2024-09-20 09:37:20.486000,422.47290213080805,98
2024-09-20 09:37:20.490000,422.4524924899512,1000
2024-09-20 09:37:20.712000,422.4607314828329,15
2024-09-20 09:37:20.825000,422.4474972651893,1005
2024-09-20 09:37:21.040000,422.4908230930267,10
2024-09-20 09:37:21.197000,422.4729458781756,995
2024-09-20 09:37:21.199000,422.4938475758187,99
2024-09-20 09:37:21.274000,422.4797268230844,1003
2024-09-20 09:37:21.308000,422.5338842171731,995
2024-09-20 09:37:21.315000,422.4889926311018,104
2024-09-20 09:37:21.387000,422.541899588024,996
2024-09-20 09:37:21.560000,422.51510260588566,98
2024-09-20 09:37:21.573000,422.5300552231007,95
2024-09-20 09:37:21.628000,422.4741746699665,6
2024-09-20 09:37:21.704000,422.4823345207162,14
2024-09-20 09:37:21.783000,422.4968828022755,100
2024-09-20 09:37:21.857000,422.55704838505153,999
2024-09-20 09:37:21.946000,422.4734992110969,7
2024-09-20 09:37:22.190000,422.50990033419856,10
2024-09-20 09:37:22.383000,422.5071013776305,12
2024-09-20 09:37:22.393000,422.5102460720483,99
2024-09-20 09:37:22.421000,422.53622058591696,1002
2024-09-20 09:37:22.581000,422.4993086029064,9
2024-09-20 09:37:22.675000,422.4953888783022,96
2024-09-20 09:37:22.724000,422.509863720448,103
2024-09-20 09:37:22.766000,422.509198181319,1005
2024-09-20 09:37:22.944000,422.5078998875358,11
2024-09-20 09:37:23.074000,422.54324136935935,102
2024-09-20 09:37:23.083000,422.5145547557501,105
2024-09-20 09:37:23.163000,422.5435828974187,1004
2024-09-20 09:37:23.336000,422.5079199912946,996
2024-09-20 09:37:23.396000,422.5378481673717,996
2024-09-20 09:37:23.479000,422.5306531907275,95
2024-09-20 09:37:23.515000,422.5341641939343,9
2024-09-20 09:37:23.518000,422.509454718515,10
2024-09-20 09:37:23.534000,422.5084791387637,11
2024-09-20 09:37:23.687000,422.5399854237292,1005
2024-09-20 09:37:23.799000,422.53774876007645,1005
2024-09-20 09:37:23.819000,422.530058501416,15
2024-09-20 09:37:23.851000,422.5303827899783,103
2024-09-20 09:37:23.856000,422.5381990374701,5
2024-09-20 09:37:23.877000,422.5368362804306,98
2024-09-20 09:37:23.925000,422.5308966177092,100
2024-09-20 09:37:24.099000,422.56145533060624,104
2024-09-20 09:37:24.131000,422.5373713569377,13
2024-09-20 09:37:24.237000,422.5477495910214,998
2024-09-20 09:37:24.372000,422.5412592145702,102
2024-09-20 09:37:24.387000,422.5796853220536,13
2024-09-20 09:37:24.506000,422.5587329102776,103
2024-09-20 09:37:24.710000,422.5518925536004,1002
2024-09-20 09:37:24.726000,422.5419524242331,11
2024-09-20 09:37:24.868000,422.579795443184,101
2024-09-20 09:37:24.919000,422.5466347748972,95
2024-09-20 09:37:24.996000,422.5678251070591,13
2024-09-20 09:37:25.066000,422.6024954810565,103
2024-09-20 09:37:25.106000,422.59748924908433,10
2024-09-20 09:37:25.191000,422.5735324039133,103
2024-09-20 09:37:25.247000,422.60058324504905,14
2024-09-20 09:37:25.278000,422.6039220297299,1000
2024-09-20 09:37:25.331000,422.5885292256779,5
2024-09-20 09:37:25.376000,422.5741588096669,12
2024-09-20 09:37:25.714000,422.6121440480112,15
2024-09-20 09:37:25.811000,422.5850361026834,12
2024-09-20 09:37:25.887000,422.5880757401333,6
2024-09-20 09:37:25.945000,422.6196135667182,95
2024-09-20 09:37:26.003000,422.68477305832346,1004
2024-09-20 09:37:26.044000,422.6458460976373,1002
2024-09-20 09:37:26.115000,422.6328652093003,999
2024-09-20 09:37:26.132000,422.65118256529246,9
2024-09-20 09:37:26.158000,422.6580470811612,1004
2024-09-20 09:37:26.205000,422.6321236431066,999
2024-09-20 09:37:26.247000,422.6414533639829,5
2024-09-20 09:37:26.251000,422.6191455328759,99
2024-09-20 09:37:26.269000,422.6730709421912,12
2024-09-20 09:37:26.328000,422.6550339612053,999
2024-09-20 09:37:26.354000,422.656428896512,1000
2024-09-20 09:37:26.480000,422.6704964541345,101
2024-09-20 09:37:26.483000,422.6611075997276,96
2024-09-20 09:37:26.507000,422.6575072913936,1005
2024-09-20 09:37:26.554000,422.64984181168256,14
2024-09-20 09:37:26.575000,422.6429692785988,996
2024-09-20 09:37:26.610000,422.6800523434802,998
2024-09-20 09:37:26.618000,422.6402315918405,6
2024-09-20 09:37:26.669000,422.6342325613752,103
2024-09-20 09:37:26.687000,422.6260259818331,101
2024-09-20 09:37:26.689000,422.6510133396522,13
2024-09-20 09:37:26.738000,422.679231085114,105
2024-09-20 09:37:26.861000,422.6717955507544,6
2024-09-20 09:37:26.982000,422.6612589849611,1001
2024-09-20 09:37:26.994000,422.6605106724302,8
2024-09-20 09:37:27.001000,422.5831566075381,12
2024-09-20 09:37:27.005000,422.5776668484776,997
2024-09-20 09:37:27.053000,422.5359568169269,11
2024-09-20 09:37:27.063000,422.56163575278896,96
2024-09-20 09:37:27.067000,422.554577677713,995
2024-09-20 09:37:27.114000,422.57397899673424,6
2024-09-20 09:37:27.156000,422.5877158064542,996
2024-09-20 09:37:27.224000,422.5770073185396,1001
2024-09-20 09:37:27.297000,422.5801680880346,95
2024-09-20 09:37:27.349000,422.5672160498935,8
2024-09-20 09:37:27.366000,422.6003151412536,96
2024-09-20 09:37:27.379000,422.57651000739816,8
2024-09-20 09:37:27.381000,422.5918927327341,96
2024-09-20 09:37:27.472000,422.57354519157263,999
2024-09-20 09:37:27.500000,422.6349629250732,15
2024-09-20 09:37:27.539000,422.55332458412175,96
2024-09-20 09:37:27.565000,422.602458516797,13
2024-09-20 09:37:27.673000,422.6146404435004,99
2024-09-20 09:37:27.675000,422.5686618348033,97
2024-09-20 09:37:27.709000,422.6209435735751,12
2024-09-20 09:37:27.767000,422.5908148982602,105
2024-09-20 09:37:27.795000,422.558633344277,99
2024-09-20 09:37:27.841000,422.5479382644692,996
2024-09-20 09:37:27.881000,422.5355886610592,8
2024-09-20 09:37:27.888000,422.5409474318215,1003
2024-09-20 09:37:27.940000,422.5756407849766,14
2024-09-20 09:37:27.956000,422.5962685136428,1002
2024-09-20 09:37:28.002000,422.5651587221423,1004
2024-09-20 09:37:28.006000,422.5767363382116,1003
2024-09-20 09:37:28.033000,422.568920121472,98
2024-09-20 09:37:28.101000,422.5547203472357,98
2024-09-20 09:37:28.125000,422.61142931306216,1004
2024-09-20 09:37:28.261000,422.58770250101344,996
2024-09-20 09:37:28.322000,422.573396181372,998
2024-09-20 09:37:28.371000,422.58384560695055,8
2024-09-20 09:37:28.381000,422.5893588492463,995
2024-09-20 09:37:28.388000,422.548648594371,1000
2024-09-20 09:37:28.596000,422.5473742931144,1000
2024-09-20 09:37:28.603000,422.5429604450688,1002
2024-09-20 09:37:28.637000,422.5339256052336,14
2024-09-20 09:37:28.692000,422.5775630493383,5
2024-09-20 09:37:28.716000,422.5804603551933,998
2024-09-20 09:37:28.742000,422.55594596663184,6
2024-09-20 09:37:28.759000,422.5917422722914,998
2024-09-20 09:37:28.785000,422.5497732066834,15
2024-09-20 09:37:28.797000,422.5695197244447,10
2024-09-20 09:37:28.873000,422.5773664374865,1000
2024-09-20 09:37:28.951000,422.59331201279406,103
2024-09-20 09:37:28.968000,422.6206448934063,1002
2024-09-20 09:37:29,422.6478118437514,8
2024-09-20 09:37:29.204000,422.6518277893682,95
2024-09-20 09:37:29.672000,422.63147333924775,6
2024-09-20 09:37:30.015000,422.6435589883949,995
2024-09-20 09:37:30.552000,422.65080728668215,98
2024-09-20 09:37:32.082000,422.63456122804126,101
2024-09-20 09:37:32.098000,422.5927898313402,103
2024-09-20 09:37:32.113000,422.6236654722333,96
2024-09-20 09:37:32.129000,422.629589985106,10
2024-09-20 09:37:32.251000,422.6158197409031,995
2024-09-20 09:37:32.284000,422.6042085312889,96
2024-09-20 09:37:32.642000,422.63293800141935,100
2024-09-20 09:37:32.716000,422.6198483741534,5
2024-09-20 09:37:32.745000,422.60162162533226,995
2024-09-20 09:37:32.774000,422.6199995988984,7
2024-09-20 09:37:32.847000,422.627314830867,15
2024-09-20 09:37:33,422.6115168421071,103
2024-09-20 09:37:33.069000,422.6368037060786,5
2024-09-20 09:37:33.069000,422.6479788736406,95
2024-09-20 09:37:33.074000,422.6133971763202,7
2024-09-20 09:37:33.090000,422.6052583613668,995
2024-09-20 09:37:33.091000,422.63906710525487,1001
2024-09-20 09:37:33.092000,422.6325268288153,1005
2024-09-20 09:37:33.121000,422.64847822844615,9
2024-09-20 09:37:33.124000,422.5906838229111,996
2024-09-20 09:37:33.126000,422.620562289674,15
2024-09-20 09:37:33.138000,422.6279602646824,10
2024-09-20 09:37:33.146000,422.5929256681385,1001
2024-09-20 09:37:33.193000,422.6641805874518,5
2024-09-20 09:37:33.217000,422.6579155154,13
2024-09-20 09:37:33.294000,422.61374817106014,12
2024-09-20 09:37:33.315000,422.6606723474794,7
2024-09-20 09:37:33.330000,422.5960499816824,999
2024-09-20 09:37:33.358000,422.5943443227794,12
2024-09-20 09:37:33.395000,422.6226271009595,1004
2024-09-20 09:37:33.488000,422.59653087038487,1000
2024-09-20 09:37:33.609000,422.64999687282335,8
2024-09-20 09:37:33.674000,422.6092051222364,15
2024-09-20 09:37:33.737000,422.5864723861436,98
2024-09-20 09:37:33.819000,422.660582284337,1005
2024-09-20 09:37:33.824000,422.6230073496071,5
2024-09-20 09:37:33.829000,422.6031049506435,997
2024-09-20 09:37:33.964000,422.66257861328086,995
2024-09-20 09:37:34.046000,422.6009194197193,1001
2024-09-20 09:37:34.341000,422.5974526407479,105
2024-09-20 09:37:34.364000,422.6084905353386,6
2024-09-20 09:37:34.365000,422.594669621129,1003
2024-09-20 09:37:34.671000,422.5950722995341,996
2024-09-20 09:37:34.886000,422.5836577333399,999
2024-09-20 09:37:35.070000,422.6056623991544,101
2024-09-20 09:37:35.212000,422.5958387731371,102
2024-09-20 09:37:35.669000,422.5813420505846,96
2024-09-20 09:37:35.750000,422.6076876395835,105
2024-09-20 09:37:35.782000,422.5870483072705,99
2024-09-20 09:37:35.796000,422.58440430974986,14
2024-09-20 09:37:35.895000,422.6028470688036,1000
2024-09-20 09:37:36.109000,422.57748449289903,96
2024-09-20 09:37:36.207000,422.55092933116055,99
2024-09-20 09:37:36.376000,422.5326858443304,102
2024-09-20 09:37:36.481000,422.5568790133161,997
2024-09-20 09:37:36.543000,422.57416942760347,10
2024-09-20 09:37:36.582000,422.5926893627996,15
2024-09-20 09:37:36.740000,422.5547350588084,1000
2024-09-20 09:37:36.755000,422.5821169308296,5
2024-09-20 09:37:36.762000,422.5597484201096,12
2024-09-20 09:37:36.822000,422.5500187943555,95
2024-09-20 09:37:36.937000,422.56599732571095,8
2024-09-20 09:37:37.058000,422.5696070337473,104
2024-09-20 09:37:37.451000,422.5720992188464,103
2024-09-20 09:37:37.527000,422.5750889552907,6
2024-09-20 09:37:38.030000,422.5787759726799,1004
2024-09-20 09:37:38.032000,422.5504382831962,105
2024-09-20 09:37:38.326000,422.58592319264176,999
2024-09-20 09:37:38.357000,422.5686947368339,98
2024-09-20 09:37:38.451000,422.56261361187154,100
2024-09-20 09:37:38.512000,422.5940930822512,996
2024-09-20 09:37:38.571000,422.597124009599,995
2024-09-20 09:37:38.615000,422.5658765489555,999
2024-09-20 09:37:38.715000,422.5793591391359,103
2024-09-20 09:37:38.726000,422.5790810470125,8
2024-09-20 09:37:38.782000,422.5697858383626,996
2024-09-20 09:37:38.869000,422.5679752642812,8
2024-09-20 09:37:38.895000,422.59426404141135,999
2024-09-20 09:37:38.951000,422.5398415401581,14
2024-09-20 09:37:39.057000,422.5606306639003,997
2024-09-20 09:37:40.359000,422.5813662547799,8
2024-09-20 09:37:40.576000,422.58820197045264,98
2024-09-20 09:37:40.594000,422.5717136829366,99
2024-09-20 09:37:41.030000,422.5606631232642,9
2024-09-20 09:37:41.097000,422.599674075618,12
2024-09-20 09:37:41.204000,422.59965227855423,101
2024-09-20 09:37:41.299000,422.56136642164455,98
2024-09-20 09:37:41.336000,422.5682121435293,996
2024-09-20 09:37:41.339000,422.5722410381396,15
2024-09-20 09:37:41.347000,422.6054027474205,1005
2024-09-20 09:37:41.358000,422.5897280555925,14
2024-09-20 09:37:41.360000,422.5513394113856,996
2024-09-20 09:37:41.365000,422.6143863600674,100
2024-09-20 09:37:41.399000,422.6025344379752,99
2024-09-20 09:37:41.426000,422.5755970200382,5
2024-09-20 09:37:41.438000,422.5671111523095,10
2024-09-20 09:37:41.491000,422.564688436364,998
2024-09-20 09:37:41.506000,422.60155381183375,8
2024-09-20 09:37:41.558000,422.5720028047281,12
2024-09-20 09:37:41.577000,422.56697446507405,997
2024-09-20 09:37:41.714000,422.5757472673584,1005
2024-09-20 09:37:41.758000,422.5937731186123,995
2024-09-20 09:37:41.908000,422.5562876217129,9
2024-09-20 09:37:41.946000,422.5748192247224,1004
2024-09-20 09:37:41.976000,422.5469203672786,995
2024-09-20 09:37:42.057000,422.56423668690655,105
2024-09-20 09:37:42.566000,422.55254873876106,100
2024-09-20 09:37:42.648000,422.56951859865353,998
2024-09-20 09:37:43.009000,422.5689316788858,102
2024-09-20 09:37:43.026000,422.5363115776275,14
2024-09-20 09:37:43.071000,422.5531740105381,1001
2024-09-20 09:37:43.171000,422.54021873680006,7
2024-09-20 09:37:43.181000,422.5454164623039,1003
2024-09-20 09:37:43.200000,422.55022480139695,5
2024-09-20 09:37:43.226000,422.518025278424,6
2024-09-20 09:37:43.238000,422.5412067578104,97
2024-09-20 09:37:43.277000,422.5274650664147,12
2024-09-20 09:37:43.291000,422.492926793032,104
2024-09-20 09:37:43.326000,422.5455754957524,995
2024-09-20 09:37:43.413000,422.56851730061913,11
2024-09-20 09:37:43.437000,422.5653320669801,101
2024-09-20 09:37:43.495000,422.533732407907,995
2024-09-20 09:37:43.501000,422.56089985977934,103
2024-09-20 09:37:43.560000,422.5179019632145,101
2024-09-20 09:37:43.605000,422.4858644979036,998
2024-09-20 09:37:43.648000,422.5207717423119,1000
2024-09-20 09:37:43.666000,422.5507386981503,95
2024-09-20 09:37:43.669000,422.5078165281978,105
2024-09-20 09:37:43.716000,422.5461695315465,999
2024-09-20 09:37:43.743000,422.5377132996789,12
2024-09-20 09:37:43.757000,422.5253503717937,997
2024-09-20 09:37:43.830000,422.55239862487065,1004
2024-09-20 09:37:43.866000,422.5557537619902,15
2024-09-20 09:37:43.898000,422.5540705991198,1005
2024-09-20 09:37:43.912000,422.5600898824033,998
2024-09-20 09:37:43.987000,422.5304862759961,999
2024-09-20 09:37:44.141000,422.475028062201,1004
2024-09-20 09:37:44.306000,422.46998685765135,997
2024-09-20 09:37:44.500000,422.4598853798123,995
2024-09-20 09:37:44.531000,422.4691328693906,10
2024-09-20 09:37:44.662000,422.4706694126626,14
2024-09-20 09:37:44.873000,422.4334779105824,997
2024-09-20 09:37:44.924000,422.4614728071609,98
2024-09-20 09:37:44.932000,422.4749816522695,7
2024-09-20 09:37:44.957000,422.4493236425046,999
2024-09-20 09:37:44.990000,422.46664017756825,1003
2024-09-20 09:37:45.041000,422.47859854919534,1005
2024-09-20 09:37:45.068000,422.4969946797948,996
2024-09-20 09:37:45.166000,422.510474839652,1004
2024-09-20 09:37:45.227000,422.524406462536,13
2024-09-20 09:37:45.232000,422.46619661971937,100
2024-09-20 09:37:45.232000,422.4799922986924,1004
2024-09-20 09:37:45.253000,422.4642913572309,995
2024-09-20 09:37:45.262000,422.488676021483,1003
2024-09-20 09:37:45.282000,422.51405031768894,1000
2024-09-20 09:37:45.334000,422.49156555156816,10
2024-09-20 09:37:45.349000,422.4877267454309,95
2024-09-20 09:37:45.365000,422.4770734678713,5
2024-09-20 09:37:45.372000,422.4872833676628,11
2024-09-20 09:37:45.382000,422.4623464017655,1001
2024-09-20 09:37:45.390000,422.4983251674514,1004
2024-09-20 09:37:45.440000,422.4751063121366,97
2024-09-20 09:37:45.469000,422.4985652384788,103
2024-09-20 09:37:45.534000,422.4667136585392,5
2024-09-20 09:37:45.589000,422.5096871825922,998
2024-09-20 09:37:45.642000,422.5101312374535,1000
2024-09-20 09:37:45.646000,422.4995081335836,105
2024-09-20 09:37:45.712000,422.4837605801317,104
2024-09-20 09:37:45.744000,422.4723987201855,8
2024-09-20 09:37:45.894000,422.50739794548406,105
2024-09-20 09:37:45.928000,422.4796997192352,98
2024-09-20 09:37:45.994000,422.4617486361763,9
2024-09-20 09:37:46.032000,422.4825469194058,101
2024-09-20 09:37:47.008000,422.49712669547694,95
2024-09-20 09:37:47.152000,422.4859200814612,100
2024-09-20 09:37:47.242000,422.482027727335,995
2024-09-20 09:37:47.246000,422.4845085125078,997
2024-09-20 09:37:47.268000,422.4925075488456,104
2024-09-20 09:37:47.299000,422.48564630001886,999
2024-09-20 09:37:47.708000,422.4703424223409,5
2024-09-20 09:37:47.831000,422.4767987374424,999
2024-09-20 09:37:47.924000,422.4803903837823,103
2024-09-20 09:37:48.001000,422.4946646678936,6
2024-09-20 09:37:48.132000,422.5113643767627,6
2024-09-20 09:37:48.200000,422.5302562634221,1003
2024-09-20 09:37:48.331000,422.4931183898052,1004
2024-09-20 09:37:48.457000,422.5002209696439,98
2024-09-20 09:37:48.524000,422.4887572511625,14
2024-09-20 09:37:48.586000,422.53393496273145,995
2024-09-20 09:37:48.608000,422.5170735996336,6
2024-09-20 09:37:48.612000,422.4913995999974,101
2024-09-20 09:37:48.765000,422.5156934340296,101
2024-09-20 09:37:48.801000,422.5235476268824,9
2024-09-20 09:37:49.053000,422.4889374571444,999
2024-09-20 09:37:49.074000,422.4969069173992,9
2024-09-20 09:37:49.079000,422.4948601428596,105
2024-09-20 09:37:49.132000,422.5161126352714,15
2024-09-20 09:37:49.136000,422.5267291286193,103
2024-09-20 09:37:49.263000,422.4837715167785,999
2024-09-20 09:37:49.326000,422.5054759991392,105
2024-09-20 09:37:49.346000,422.51414800561565,1004
2024-09-20 09:37:49.389000,422.4880932171215,1004
2024-09-20 09:37:49.447000,422.5167072334119,10
2024-09-20 09:37:49.462000,422.49234805897817,96
2024-09-20 09:37:49.484000,422.5090709291193,1005
2024-09-20 09:37:49.534000,422.502082550164,1002
2024-09-20 09:37:49.705000,422.4888546301263,999
2024-09-20 09:37:49.913000,422.4937888443185,1003
2024-09-20 09:37:50.058000,422.5234503820077,12
2024-09-20 09:37:50.298000,422.5204662314133,95
2024-09-20 09:37:50.369000,422.5052796181416,100
2024-09-20 09:37:50.375000,422.5236579109312,101
2024-09-20 09:37:50.461000,422.5412571719895,1000
2024-09-20 09:37:50.527000,422.52886707454616,103
2024-09-20 09:37:50.531000,422.5058702996569,1003
2024-09-20 09:37:50.713000,422.5344490942686,8
2024-09-20 09:37:51.038000,422.5420395299083,95
2024-09-20 09:37:51.093000,422.5347940518091,5
2024-09-20 09:37:51.180000,422.5505653222524,96
2024-09-20 09:37:51.250000,422.526349276212,103
2024-09-20 09:37:51.513000,422.5603261927735,95
2024-09-20 09:37:51.518000,422.52516254542894,1005
2024-09-20 09:37:51.533000,422.5092368926054,10
2024-09-20 09:37:51.552000,422.5489430632119,14
2024-09-20 09:37:51.579000,422.5376384543134,98
2024-09-20 09:37:51.630000,422.5269216252016,105
2024-09-20 09:37:51.638000,422.5340581134826,8
2024-09-20 09:37:51.673000,422.55193278394586,1001
2024-09-20 09:37:51.678000,422.5251491673494,5
2024-09-20 09:37:51.682000,422.5356770438621,8
2024-09-20 09:37:51.766000,422.55735345514535,10
2024-09-20 09:37:51.794000,422.5551932516298,104
2024-09-20 09:37:51.849000,422.5446006546416,5
2024-09-20 09:37:51.862000,422.543062169704,15
2024-09-20 09:37:51.904000,422.5359198213744,12
2024-09-20 09:37:52.001000,422.53948110102766,9
2024-09-20 09:37:53.029000,422.5090100195842,13
2024-09-20 09:37:53.074000,422.4674571760978,97
2024-09-20 09:37:53.115000,422.4892294289778,102
2024-09-20 09:37:53.134000,422.5073374314079,1000
2024-09-20 09:37:53.154000,422.5023910715936,5
2024-09-20 09:37:53.180000,422.50409706236087,1000
2024-09-20 09:37:53.202000,422.485778968821,15
2024-09-20 09:37:53.211000,422.4544212516415,995
2024-09-20 09:37:53.232000,422.5135944305444,99
2024-09-20 09:37:53.280000,422.4853373262584,10
2024-09-20 09:37:53.351000,422.50716279592353,98
2024-09-20 09:37:53.370000,422.5043898016776,998
2024-09-20 09:37:53.447000,422.4806109960525,99
2024-09-20 09:37:53.461000,422.53736572132806,104
2024-09-20 09:37:53.492000,422.4616750570355,13
2024-09-20 09:37:53.558000,422.5093798998107,100
2024-09-20 09:37:53.567000,422.5195789280225,97
2024-09-20 09:37:53.567000,422.49296328609233,5
2024-09-20 09:37:53.638000,422.4856923897141,6
2024-09-20 09:37:53.767000,422.4676793599898,97
2024-09-20 09:37:53.843000,422.52387348608767,5
2024-09-20 09:37:54.084000,422.5092271432941,98
2024-09-20 09:37:54.100000,422.511009119028,1003
2024-09-20 09:37:54.161000,422.5064668607269,998
2024-09-20 09:37:54.238000,422.4974316253681,101
2024-09-20 09:37:54.354000,422.4645658237861,6
2024-09-20 09:37:54.391000,422.5129875571925,8
2024-09-20 09:37:54.431000,422.4950778170588,1003
2024-09-20 09:37:54.486000,422.4938896125206,100
2024-09-20 09:37:54.651000,422.4472757945088,9
2024-09-20 09:37:54.771000,422.4466901402487,98
2024-09-20 09:37:54.802000,422.523490622082,97
2024-09-20 09:37:54.822000,422.4912345970662,9
2024-09-20 09:37:54.853000,422.5222977136892,1000
2024-09-20 09:37:54.866000,422.47584813989806,12
2024-09-20 09:37:54.949000,422.45069037766376,98
2024-09-20 09:37:54.992000,422.53258849536326,95
2024-09-20 09:37:55.129000,422.4314056144312,101
2024-09-20 09:37:55.268000,422.4369407867963,9
2024-09-20 09:37:55.280000,422.4879825258655,999
2024-09-20 09:37:55.300000,422.45812271314384,1000
2024-09-20 09:37:55.330000,422.4478382289952,11
2024-09-20 09:37:55.350000,422.4467934554024,95
2024-09-20 09:37:55.551000,422.4749852173167,998
2024-09-20 09:37:55.600000,422.46274290122034,995
2024-09-20 09:37:55.652000,422.48191683290094,12
2024-09-20 09:37:55.683000,422.4350333763709,10
2024-09-20 09:37:55.730000,422.4358697770177,100
2024-09-20 09:37:56.073000,422.4280787642432,104
2024-09-20 09:37:56.458000,422.4305707278704,95
2024-09-20 09:37:56.664000,422.4132454393545,105
2024-09-20 09:37:56.722000,422.403860038909,995
2024-09-20 09:37:56.838000,422.4170243423084,1002
2024-09-20 09:37:57.001000,422.442478444868,998
2024-09-20 09:37:57.006000,422.4408473052397,1004
2024-09-20 09:37:57.017000,422.44645073019046,7
2024-09-20 09:37:57.034000,422.4046161254603,6
2024-09-20 09:37:57.161000,422.4670685496149,103
2024-09-20 09:37:57.176000,422.41817203510624,9
2024-09-20 09:37:57.320000,422.4366010852629,1003
2024-09-20 09:37:57.377000,422.4136455754777,102
2024-09-20 09:37:57.424000,422.45514376353015,996
2024-09-20 09:37:57.456000,422.44483142638416,6
2024-09-20 09:37:57.466000,422.46094178421714,103
2024-09-20 09:37:57.531000,422.4213126140104,1003
2024-09-20 09:37:57.573000,422.4656860426521,1005
2024-09-20 09:37:57.605000,422.4159392737773,997
2024-09-20 09:37:57.625000,422.4482700205956,1000
2024-09-20 09:37:57.638000,422.420922731936,1002
2024-09-20 09:37:57.669000,422.4351400468776,10
2024-09-20 09:37:57.792000,422.43128501331336,995
2024-09-20 09:37:57.826000,422.4241837000829,1002
2024-09-20 09:37:57.925000,422.4331382000827,8
2024-09-20 09:37:57.925000,422.4039178652734,11
2024-09-20 09:37:57.943000,422.441176515718,13
2024-09-20 09:37:57.954000,422.4462694733298,15
2024-09-20 09:37:57.961000,422.4152057085048,9
2024-09-20 09:37:58.019000,422.4828412645475,1004
2024-09-20 09:37:58.275000,422.4641304235408,9
2024-09-20 09:37:58.283000,422.4811844159646,14
2024-09-20 09:37:58.342000,422.4612678623464,99
2024-09-20 09:37:58.352000,422.4520019095622,105
2024-09-20 09:37:58.370000,422.4414608918133,104
2024-09-20 09:37:58.477000,422.46040739267687,8
2024-09-20 09:37:58.505000,422.4968604676878,96
2024-09-20 09:37:58.621000,422.4567380888146,102
2024-09-20 09:37:58.653000,422.4749213644082,6
2024-09-20 09:37:58.714000,422.4631788054572,100
2024-09-20 09:37:58.810000,422.46080904866807,1003
2024-09-20 09:37:58.846000,422.4436249104649,98
2024-09-20 09:37:58.856000,422.4679165797332,6
2024-09-20 09:37:58.857000,422.464686122377,999
2024-09-20 09:37:58.926000,422.4525133996611,7
2024-09-20 09:37:59.093000,422.403624955702,10
2024-09-20 09:37:59.200000,422.4306157333816,996
2024-09-20 09:37:59.229000,422.446790541979,96
2024-09-20 09:37:59.394000,422.39282191451065,1000
2024-09-20 09:37:59.507000,422.4168753509587,1005
2024-09-20 09:37:59.539000,422.40290766098144,1000
2024-09-20 09:37:59.570000,422.4294394980899,997
2024-09-20 09:37:59.645000,422.4122717681733,105
2024-09-20 09:37:59.683000,422.4368785796513,99
2024-09-20 09:37:59.716000,422.44704865599147,104
2024-09-20 09:37:59.900000,422.44115669571306,995
2024-09-20 09:37:59.977000,422.4409063700817,995
