Timestamp,Price,Size
2024-09-16 14:32:00.020000,415.4912759157744,1002
2024-09-16 14:32:00.024000,415.4369710201248,1004
2024-09-16 14:32:00.041000,415.4499644816887,9
2024-09-16 14:32:00.091000,415.4543019795513,15
2024-09-16 14:32:00.107000,415.4827710049495,10
2024-09-16 14:32:00.131000,415.5097691728857,1001
2024-09-16 14:32:00.202000,415.4779478034634,11
2024-09-16 14:32:00.220000,415.5264848368092,104
2024-09-16 14:32:00.265000,415.4810263932751,1001
2024-09-16 14:32:00.341000,415.46504564494296,11
2024-09-16 14:32:00.410000,415.45343498807154,103
2024-09-16 14:32:00.428000,415.453775905118,96
2024-09-16 14:32:00.453000,415.5183587344109,995
2024-09-16 14:32:00.462000,415.4861055720949,6
2024-09-16 14:32:00.500000,415.4333841112999,102
2024-09-16 14:32:00.513000,415.5273752098403,8
2024-09-16 14:32:00.519000,415.4963627444425,10
2024-09-16 14:32:00.519000,415.4765184446797,95
2024-09-16 14:32:00.525000,415.4802574569272,103
2024-09-16 14:32:00.559000,415.4875665997184,100
2024-09-16 14:32:00.596000,415.4331161947403,1005
2024-09-16 14:32:00.616000,415.51191359952304,996
2024-09-16 14:32:00.691000,415.5076401369106,1000
2024-09-16 14:32:00.697000,415.4823603541949,1000
2024-09-16 14:32:00.755000,415.481520590086,98
2024-09-16 14:32:00.817000,415.4519523746285,1004
2024-09-16 14:32:00.880000,415.483767346144,7
2024-09-16 14:32:00.930000,415.4266506621778,1003
2024-09-16 14:32:00.958000,415.4551073285555,102
2024-09-16 14:32:01.052000,415.5686371934125,1002
2024-09-16 14:32:01.060000,415.58463120731744,1000
2024-09-16 14:32:01.088000,415.585092609608,1003
2024-09-16 14:32:01.096000,415.561391948471,105
2024-09-16 14:32:01.142000,415.5572901978384,104
2024-09-16 14:32:01.162000,415.5809879449328,105
2024-09-16 14:32:01.208000,415.5306921499373,12
2024-09-16 14:32:01.336000,415.5304021798355,1002
2024-09-16 14:32:01.340000,415.5871585691317,999
2024-09-16 14:32:01.356000,415.5853914050061,1000
2024-09-16 14:32:01.414000,415.5489929466888,103
2024-09-16 14:32:01.511000,415.5915001952406,997
2024-09-16 14:32:01.575000,415.5587685810537,999
2024-09-16 14:32:01.602000,415.5358827395084,14
2024-09-16 14:32:01.647000,415.5905451576777,1001
2024-09-16 14:32:01.659000,415.5787329201811,1000
2024-09-16 14:32:01.716000,415.594696224899,15
2024-09-16 14:32:01.734000,415.53937386687846,6
2024-09-16 14:32:01.837000,415.5759306811953,10
2024-09-16 14:32:01.868000,415.58289217637423,99
2024-09-16 14:32:01.870000,415.59661120966086,101
2024-09-16 14:32:01.933000,415.5969806220965,998
2024-09-16 14:32:03.009000,415.54318896263,995
2024-09-16 14:32:03.041000,415.5656816978508,101
2024-09-16 14:32:03.051000,415.5540776917568,103
2024-09-16 14:32:03.103000,415.5559773570349,14
2024-09-16 14:32:03.153000,415.5465071021776,104
2024-09-16 14:32:03.196000,415.5226025200663,1005
2024-09-16 14:32:03.204000,415.53073253042993,6
2024-09-16 14:32:03.214000,415.56692428394007,98
2024-09-16 14:32:03.343000,415.5201719433208,102
2024-09-16 14:32:03.360000,415.5645884383852,1002
2024-09-16 14:32:03.376000,415.5336461296603,996
2024-09-16 14:32:03.384000,415.5445707566978,997
2024-09-16 14:32:03.466000,415.5253720915688,10
2024-09-16 14:32:03.472000,415.5284168943187,6
2024-09-16 14:32:03.478000,415.5486499753175,104
2024-09-16 14:32:03.486000,415.5343277438269,99
2024-09-16 14:32:03.489000,415.5318347996108,995
2024-09-16 14:32:03.511000,415.5505122893692,10
2024-09-16 14:32:03.528000,415.5380867764084,96
2024-09-16 14:32:03.758000,415.5440503915706,995
2024-09-16 14:32:03.809000,415.5340870952126,5
2024-09-16 14:32:03.837000,415.5367950372491,96
2024-09-16 14:32:03.957000,415.5352111817679,5
2024-09-16 14:32:03.966000,415.5370398927693,995
2024-09-16 14:32:04.140000,415.50608617006895,999
2024-09-16 14:32:04.204000,415.5316008938465,1001
2024-09-16 14:32:04.244000,415.5164794851672,6
2024-09-16 14:32:04.314000,415.5069679818057,995
2024-09-16 14:32:04.324000,415.522879766289,15
2024-09-16 14:32:04.351000,415.5373498419125,998
2024-09-16 14:32:04.363000,415.5367772933948,6
2024-09-16 14:32:04.379000,415.5367543636298,9
2024-09-16 14:32:04.382000,415.5126056091973,13
2024-09-16 14:32:04.401000,415.56599848858286,1005
2024-09-16 14:32:04.479000,415.5269693595317,14
2024-09-16 14:32:04.531000,415.54137971713686,13
2024-09-16 14:32:04.542000,415.5587351472117,995
2024-09-16 14:32:04.563000,415.4996487028719,96
2024-09-16 14:32:04.567000,415.5231129355817,997
2024-09-16 14:32:04.595000,415.52599601699393,8
2024-09-16 14:32:04.638000,415.4875923385297,1001
2024-09-16 14:32:04.672000,415.5531975228928,9
2024-09-16 14:32:04.743000,415.5369971752064,13
2024-09-16 14:32:04.768000,415.5189605678889,9
2024-09-16 14:32:04.821000,415.5078114817725,1003
2024-09-16 14:32:04.827000,415.50139617555095,96
2024-09-16 14:32:04.863000,415.54384787467416,1001
2024-09-16 14:32:04.885000,415.5103588876208,97
2024-09-16 14:32:04.886000,415.5001261156685,11
2024-09-16 14:32:04.931000,415.5299752660309,5
2024-09-16 14:32:05.010000,415.5489768649289,996
2024-09-16 14:32:05.027000,415.5468952391705,1005
2024-09-16 14:32:05.058000,415.5496550760476,98
2024-09-16 14:32:05.131000,415.5453519486936,6
2024-09-16 14:32:05.133000,415.5593841280349,12
2024-09-16 14:32:05.134000,415.55273476428886,995
2024-09-16 14:32:05.134000,415.6094877777621,995
2024-09-16 14:32:05.201000,415.5663578099712,995
2024-09-16 14:32:05.287000,415.5684719723579,1000
2024-09-16 14:32:05.316000,415.5677337294171,10
2024-09-16 14:32:05.579000,415.5616498967164,10
2024-09-16 14:32:05.580000,415.5724565761065,995
2024-09-16 14:32:05.616000,415.5570855784321,10
2024-09-16 14:32:05.717000,415.5454456505713,1005
2024-09-16 14:32:05.824000,415.5593665703046,15
2024-09-16 14:32:05.886000,415.5889262816949,99
2024-09-16 14:32:05.887000,415.5329563457307,12
2024-09-16 14:32:05.969000,415.5598255755718,1005
2024-09-16 14:32:05.979000,415.5800358169473,998
2024-09-16 14:32:05.999000,415.5673011399821,11
2024-09-16 14:32:06.078000,415.6172981022398,99
2024-09-16 14:32:06.099000,415.6744688090752,8
2024-09-16 14:32:06.247000,415.6096372077848,995
2024-09-16 14:32:06.299000,415.65079164052855,13
2024-09-16 14:32:06.309000,415.622308432913,10
2024-09-16 14:32:06.341000,415.67702652594096,1001
2024-09-16 14:32:06.368000,415.6223448961948,96
2024-09-16 14:32:06.386000,415.6597732124768,14
2024-09-16 14:32:06.424000,415.6636252617912,997
2024-09-16 14:32:06.424000,415.6405742149318,997
2024-09-16 14:32:06.504000,415.6143685573529,998
2024-09-16 14:32:06.515000,415.6563057490951,97
2024-09-16 14:32:06.538000,415.6617301650231,101
2024-09-16 14:32:06.538000,415.6314026161085,102
2024-09-16 14:32:06.549000,415.6528280431568,1000
2024-09-16 14:32:06.553000,415.67841227640224,13
2024-09-16 14:32:06.568000,415.6725535950814,99
2024-09-16 14:32:06.569000,415.6400239735793,1002
2024-09-16 14:32:06.689000,415.6405399968951,8
2024-09-16 14:32:06.736000,415.6235389814674,998
2024-09-16 14:32:06.859000,415.6021314216286,1001
2024-09-16 14:32:06.909000,415.6305372818789,9
2024-09-16 14:32:06.951000,415.6323467079978,8
2024-09-16 14:32:06.955000,415.6312555740264,103
2024-09-16 14:32:07.036000,415.6363646819851,997
2024-09-16 14:32:07.351000,415.6167879503778,96
2024-09-16 14:32:07.547000,415.6274658443135,1003
2024-09-16 14:32:07.723000,415.6458490702197,105
2024-09-16 14:32:07.763000,415.6545236822566,1000
2024-09-16 14:32:07.787000,415.6043690827938,95
2024-09-16 14:32:07.967000,415.6125192207399,14
2024-09-16 14:32:07.991000,415.64236264249246,6
2024-09-16 14:32:08.004000,415.58294622616177,15
2024-09-16 14:32:08.090000,415.63722008170015,11
2024-09-16 14:32:08.096000,415.6529597873263,14
2024-09-16 14:32:08.149000,415.59973133303583,1002
2024-09-16 14:32:08.177000,415.6461784135167,10
2024-09-16 14:32:08.323000,415.5880715543635,6
2024-09-16 14:32:08.340000,415.6159643682503,8
2024-09-16 14:32:08.345000,415.58252815352586,997
2024-09-16 14:32:08.351000,415.6338999631204,15
2024-09-16 14:32:08.367000,415.6208370467371,101
2024-09-16 14:32:08.373000,415.57614312204055,105
2024-09-16 14:32:08.460000,415.6525477592864,98
2024-09-16 14:32:08.496000,415.6215859819621,996
2024-09-16 14:32:08.624000,415.5819641694392,105
2024-09-16 14:32:08.643000,415.6296628480565,998
2024-09-16 14:32:08.661000,415.61664208329904,999
2024-09-16 14:32:08.689000,415.6026608350671,95
2024-09-16 14:32:08.727000,415.6453645884653,10
2024-09-16 14:32:08.776000,415.59030818034057,996
2024-09-16 14:32:08.800000,415.6417427335379,995
2024-09-16 14:32:08.827000,415.6247517214584,997
2024-09-16 14:32:08.845000,415.6574246934287,97
2024-09-16 14:32:08.891000,415.64764158897793,13
2024-09-16 14:32:08.894000,415.6504870201352,1004
2024-09-16 14:32:08.943000,415.5729490818972,12
2024-09-16 14:32:08.963000,415.597096451116,97
2024-09-16 14:32:09.003000,415.56744549088194,6
2024-09-16 14:32:09.010000,415.5765492742951,998
2024-09-16 14:32:09.040000,415.5891063514134,13
2024-09-16 14:32:09.073000,415.5627822416787,1005
2024-09-16 14:32:09.087000,415.5584927020631,104
2024-09-16 14:32:09.095000,415.572279422582,9
2024-09-16 14:32:09.222000,415.56144439073466,1002
2024-09-16 14:32:09.242000,415.5647920705725,102
2024-09-16 14:32:09.251000,415.5408567413498,1004
2024-09-16 14:32:09.323000,415.55497955087856,13
2024-09-16 14:32:09.351000,415.5651387864288,996
2024-09-16 14:32:09.382000,415.5526648780521,999
2024-09-16 14:32:09.410000,415.57115140905375,1001
2024-09-16 14:32:09.494000,415.5690901893161,997
2024-09-16 14:32:09.510000,415.537307569796,1003
2024-09-16 14:32:09.510000,415.57671046551206,1001
2024-09-16 14:32:09.604000,415.5539167553295,1002
2024-09-16 14:32:09.659000,415.5705716681121,12
2024-09-16 14:32:09.687000,415.5585689195715,14
2024-09-16 14:32:09.758000,415.5773820487518,1001
2024-09-16 14:32:09.848000,415.5528637686013,103
2024-09-16 14:32:09.865000,415.58724726300295,97
2024-09-16 14:32:09.867000,415.5613523461316,10
2024-09-16 14:32:09.936000,415.59554825153066,1000
2024-09-16 14:32:09.937000,415.561021597309,995
2024-09-16 14:32:10.296000,415.5632212550644,12
2024-09-16 14:32:10.330000,415.5975619832017,103
2024-09-16 14:32:10.668000,415.5549290342752,102
2024-09-16 14:32:10.741000,415.5724386276427,6
2024-09-16 14:32:10.801000,415.6096645758672,99
2024-09-16 14:32:10.814000,415.6091479145351,105
2024-09-16 14:32:10.831000,415.6008302082647,98
2024-09-16 14:32:10.834000,415.5980006380713,996
2024-09-16 14:32:10.849000,415.59634923516455,13
2024-09-16 14:32:10.884000,415.60264227619615,6
2024-09-16 14:32:10.969000,415.6228944057768,995
2024-09-16 14:32:11.020000,415.58859063289344,14
2024-09-16 14:32:11.112000,415.5870410492624,14
2024-09-16 14:32:11.141000,415.6130993394244,14
2024-09-16 14:32:11.197000,415.5973886747922,100
2024-09-16 14:32:11.243000,415.59435504219937,7
2024-09-16 14:32:11.262000,415.6194450521436,96
2024-09-16 14:32:11.295000,415.624962667924,100
2024-09-16 14:32:11.502000,415.5961834905736,1002
2024-09-16 14:32:11.513000,415.5944757135504,1002
2024-09-16 14:32:11.674000,415.6105824994939,9
2024-09-16 14:32:11.721000,415.5933826233856,6
2024-09-16 14:32:11.768000,415.61898085752017,1002
2024-09-16 14:32:11.774000,415.6163083872287,1001
2024-09-16 14:32:11.776000,415.6036374342346,1003
2024-09-16 14:32:11.823000,415.6126979636147,11
2024-09-16 14:32:11.855000,415.6125577668295,1000
2024-09-16 14:32:11.861000,415.6049539797692,14
2024-09-16 14:32:11.916000,415.6050143893656,8
2024-09-16 14:32:11.969000,415.5962406055526,1002
2024-09-16 14:32:11.992000,415.6018467197096,1002
2024-09-16 14:32:12.067000,415.57302511421415,5
2024-09-16 14:32:12.222000,415.5999107650471,102
2024-09-16 14:32:12.245000,415.5630374710785,1000
2024-09-16 14:32:12.365000,415.5894074727293,1000
2024-09-16 14:32:12.572000,415.5750507210511,99
2024-09-16 14:32:12.909000,415.5594950875378,11
2024-09-16 14:32:13.090000,415.5719210401597,12
2024-09-16 14:32:13.121000,415.5459300545956,15
2024-09-16 14:32:13.124000,415.5608494480852,97
2024-09-16 14:32:13.141000,415.5257351562229,996
2024-09-16 14:32:13.194000,415.53389736004425,1005
2024-09-16 14:32:13.254000,415.54977403437,104
2024-09-16 14:32:13.348000,415.5287756569808,97
2024-09-16 14:32:13.349000,415.5522773927286,6
2024-09-16 14:32:13.361000,415.55690682408607,7
2024-09-16 14:32:13.388000,415.5593419357208,104
2024-09-16 14:32:13.405000,415.5359365347384,11
2024-09-16 14:32:13.423000,415.5803008899052,996
2024-09-16 14:32:13.429000,415.55097326950056,7
2024-09-16 14:32:13.447000,415.5609136780797,7
2024-09-16 14:32:13.471000,415.5563902815148,104
2024-09-16 14:32:13.520000,415.5502642786709,103
2024-09-16 14:32:13.527000,415.5384864565508,5
2024-09-16 14:32:13.529000,415.5505421381652,999
2024-09-16 14:32:13.654000,415.569769129787,102
2024-09-16 14:32:13.749000,415.52942963101776,6
2024-09-16 14:32:13.804000,415.528252921284,14
2024-09-16 14:32:13.837000,415.5572492129068,5
2024-09-16 14:32:13.863000,415.52564867078286,14
2024-09-16 14:32:13.937000,415.5205356452884,11
2024-09-16 14:32:13.938000,415.5343005200589,99
2024-09-16 14:32:14.083000,415.5289332964844,15
2024-09-16 14:32:14.126000,415.5430121376272,14
2024-09-16 14:32:14.172000,415.521610833996,103
2024-09-16 14:32:14.195000,415.54197795892304,997
2024-09-16 14:32:14.211000,415.5240141177339,1002
2024-09-16 14:32:14.229000,415.5272833573117,997
2024-09-16 14:32:14.253000,415.5404140724994,101
2024-09-16 14:32:14.297000,415.5373804082713,95
2024-09-16 14:32:14.548000,415.5358083396802,1002
2024-09-16 14:32:14.700000,415.5294770964253,14
2024-09-16 14:32:14.703000,415.52289635275145,1001
2024-09-16 14:32:14.734000,415.513003516702,7
2024-09-16 14:32:14.903000,415.5320504513985,8
2024-09-16 14:32:14.944000,415.5162956495348,999
2024-09-16 14:32:14.944000,415.51722669315046,999
2024-09-16 14:32:14.998000,415.5266790086465,98
2024-09-16 14:32:15.048000,415.53642875738205,102
2024-09-16 14:32:15.187000,415.5352274158543,998
2024-09-16 14:32:15.192000,415.5084312923489,9
2024-09-16 14:32:15.200000,415.5198151048264,1003
2024-09-16 14:32:15.409000,415.47733508772495,1001
2024-09-16 14:32:15.544000,415.4969377040324,1005
2024-09-16 14:32:15.641000,415.52179058935866,100
2024-09-16 14:32:15.926000,415.4929790357105,11
2024-09-16 14:32:15.974000,415.4995924133819,9
2024-09-16 14:32:16.016000,415.47768055560056,9
2024-09-16 14:32:16.033000,415.4938513899765,104
2024-09-16 14:32:16.037000,415.4329279078108,996
2024-09-16 14:32:16.059000,415.4315986047604,13
2024-09-16 14:32:16.120000,415.45605952982737,102
2024-09-16 14:32:16.137000,415.4742419538614,1000
2024-09-16 14:32:16.179000,415.46719698057416,98
2024-09-16 14:32:16.188000,415.4645885847885,102
2024-09-16 14:32:16.219000,415.3989240785494,12
2024-09-16 14:32:16.237000,415.4468949105521,9
2024-09-16 14:32:16.495000,415.4620490318191,14
2024-09-16 14:32:16.515000,415.4219659286154,98
2024-09-16 14:32:16.574000,415.45307952230655,1003
2024-09-16 14:32:16.602000,415.4270537727264,102
2024-09-16 14:32:16.683000,415.3995126281138,1000
2024-09-16 14:32:16.684000,415.42301890723377,995
2024-09-16 14:32:16.695000,415.4450345947862,1001
2024-09-16 14:32:16.701000,415.4332725995469,101
2024-09-16 14:32:16.743000,415.4418713183612,105
2024-09-16 14:32:16.787000,415.3990866825762,98
2024-09-16 14:32:16.800000,415.44823706221695,99
2024-09-16 14:32:16.849000,415.4516074785089,98
2024-09-16 14:32:16.854000,415.410608029917,1004
2024-09-16 14:32:16.872000,415.4705332986334,999
2024-09-16 14:32:16.961000,415.4410441694197,11
2024-09-16 14:32:16.970000,415.4884293438449,1000
2024-09-16 14:32:17.183000,415.3993845918939,5
2024-09-16 14:32:17.405000,415.3832206091394,99
2024-09-16 14:32:17.469000,415.3969926312228,8
2024-09-16 14:32:17.508000,415.4207480901255,105
2024-09-16 14:32:17.561000,415.4228659297613,10
2024-09-16 14:32:17.662000,415.3991308585017,103
2024-09-16 14:32:18.081000,415.4817170806047,96
2024-09-16 14:32:18.227000,415.46025357827193,9
2024-09-16 14:32:18.228000,415.5004681576958,1001
2024-09-16 14:32:18.339000,415.42518973142137,1005
2024-09-16 14:32:18.342000,415.50474600588376,14
2024-09-16 14:32:18.428000,415.49635421137054,105
2024-09-16 14:32:18.442000,415.5014326401376,996
2024-09-16 14:32:18.458000,415.4388040206438,999
2024-09-16 14:32:18.509000,415.4941199057105,103
2024-09-16 14:32:18.509000,415.4401016055636,99
2024-09-16 14:32:18.522000,415.4837139517122,95
2024-09-16 14:32:18.590000,415.4943752033304,8
2024-09-16 14:32:18.597000,415.4596420591289,9
2024-09-16 14:32:18.671000,415.4846272484886,100
2024-09-16 14:32:18.900000,415.4951906908513,999
2024-09-16 14:32:18.935000,415.4966737920724,96
2024-09-16 14:32:18.971000,415.4901542398865,97
2024-09-16 14:32:18.994000,415.4905177992373,996
2024-09-16 14:32:19.061000,415.42996748163085,13
2024-09-16 14:32:19.062000,415.43708562657343,998
2024-09-16 14:32:19.062000,415.5097263159541,996
2024-09-16 14:32:19.089000,415.4338222445441,1002
2024-09-16 14:32:19.104000,415.5067761785381,6
2024-09-16 14:32:19.211000,415.4920531420311,1004
2024-09-16 14:32:19.227000,415.45054188814527,14
2024-09-16 14:32:19.318000,415.5055728344005,13
2024-09-16 14:32:19.444000,415.5041593952649,11
2024-09-16 14:32:19.464000,415.4849313967063,98
2024-09-16 14:32:19.497000,415.4327370322657,10
2024-09-16 14:32:19.531000,415.4960857021831,1001
2024-09-16 14:32:19.571000,415.4534311037757,10
2024-09-16 14:32:19.600000,415.4369706105405,1002
2024-09-16 14:32:19.676000,415.46784712231016,104
2024-09-16 14:32:19.699000,415.4957327102277,10
2024-09-16 14:32:19.768000,415.4415688966071,100
2024-09-16 14:32:19.789000,415.44315952335273,100
2024-09-16 14:32:19.792000,415.4907398434141,98
2024-09-16 14:32:19.851000,415.5064761134419,97
2024-09-16 14:32:19.862000,415.4345426840309,1000
2024-09-16 14:32:19.863000,415.485321114551,998
2024-09-16 14:32:19.909000,415.43505857159954,1005
2024-09-16 14:32:19.940000,415.450441489696,13
2024-09-16 14:32:20.188000,415.4921218884178,100
2024-09-16 14:32:20.213000,415.4832105763719,105
2024-09-16 14:32:20.382000,418.51257096494703,95
2024-09-16 14:32:20.392000,415.48384042806543,97
2024-09-16 14:32:20.474000,415.4922216331663,1002
2024-09-16 14:32:20.783000,415.48421475983366,13
2024-09-16 14:32:21.053000,415.48173698210553,101
2024-09-16 14:32:21.121000,415.5029441725794,12
2024-09-16 14:32:21.135000,415.4860852316858,10
2024-09-16 14:32:21.179000,415.4994407808196,995
2024-09-16 14:32:21.183000,415.5208208231328,101
2024-09-16 14:32:21.199000,415.5411293517205,98
2024-09-16 14:32:21.207000,415.49367864758506,995
2024-09-16 14:32:21.211000,415.51899492475866,9
2024-09-16 14:32:21.238000,415.5566944438328,15
2024-09-16 14:32:21.278000,415.485912807548,1002
2024-09-16 14:32:21.469000,415.4975186929264,104
2024-09-16 14:32:21.673000,415.4751266341853,101
2024-09-16 14:32:21.747000,415.5304318612892,10
2024-09-16 14:32:21.788000,415.5003148301192,995
2024-09-16 14:32:21.793000,415.4939195755002,1003
2024-09-16 14:32:21.904000,415.490090249199,5
2024-09-16 14:32:21.920000,415.4741546515662,97
2024-09-16 14:32:21.991000,415.5089775935923,96
2024-09-16 14:32:22.044000,415.48046147835504,997
2024-09-16 14:32:22.108000,415.47075434963926,105
2024-09-16 14:32:22.156000,415.51357372259577,15
2024-09-16 14:32:22.158000,415.494594836784,1001
2024-09-16 14:32:22.185000,415.4739720258966,96
2024-09-16 14:32:22.291000,415.4876678090539,105
2024-09-16 14:32:22.344000,415.4869619820669,1003
2024-09-16 14:32:22.366000,415.4775000609088,1001
2024-09-16 14:32:22.490000,415.49952927555177,1001
2024-09-16 14:32:22.504000,415.5172673519816,5
2024-09-16 14:32:22.597000,415.4939189074883,14
2024-09-16 14:32:22.642000,415.4925353186163,103
2024-09-16 14:32:22.665000,415.494464632239,1004
2024-09-16 14:32:22.671000,415.4827160598799,99
2024-09-16 14:32:22.710000,415.4698311261644,1001
2024-09-16 14:32:22.726000,415.4953407467703,1001
2024-09-16 14:32:22.774000,415.51723914659743,14
2024-09-16 14:32:22.939000,415.48537013568,1002
2024-09-16 14:32:22.939000,415.5151127423728,95
2024-09-16 14:32:22.953000,415.4778838959398,100
2024-09-16 14:32:22.960000,415.5150177524864,105
2024-09-16 14:32:22.988000,415.4865390187156,997
2024-09-16 14:32:23.033000,415.4844165676779,98
2024-09-16 14:32:23.153000,415.532101517576,105
2024-09-16 14:32:23.229000,415.4974672637892,1000
2024-09-16 14:32:23.230000,415.4337182596104,14
2024-09-16 14:32:23.233000,415.43513673159725,998
2024-09-16 14:32:23.269000,415.49640697321945,1004
2024-09-16 14:32:23.321000,415.5414908373622,8
2024-09-16 14:32:23.327000,415.5333684026499,15
2024-09-16 14:32:23.351000,415.4745774849101,997
2024-09-16 14:32:23.380000,415.5256150635482,997
2024-09-16 14:32:23.466000,415.524407460037,105
2024-09-16 14:32:23.647000,415.48770464417856,101
2024-09-16 14:32:23.698000,415.4403344291216,1001
2024-09-16 14:32:23.791000,415.4711152604608,995
2024-09-16 14:32:23.818000,415.49355304868857,15
2024-09-16 14:32:23.833000,415.4375661590103,997
2024-09-16 14:32:23.850000,415.4824837217817,1005
2024-09-16 14:32:23.917000,415.5434067254019,97
2024-09-16 14:32:23.933000,415.4867538133403,97
2024-09-16 14:32:23.945000,415.4659682915714,104
2024-09-16 14:32:23.958000,415.4323134608248,98
2024-09-16 14:32:24.082000,415.6040802857089,6
2024-09-16 14:32:24.108000,415.550345659679,1004
2024-09-16 14:32:24.129000,415.60119218240897,9
2024-09-16 14:32:24.164000,415.5391854944177,14
2024-09-16 14:32:24.181000,415.5743740994113,10
2024-09-16 14:32:24.221000,415.5644976822961,105
2024-09-16 14:32:24.306000,415.5637482268846,10
2024-09-16 14:32:24.306000,415.5559713823918,997
2024-09-16 14:32:24.312000,415.5534547181827,1005
2024-09-16 14:32:24.336000,415.53577654460304,1002
2024-09-16 14:32:24.360000,415.5721407454728,101
2024-09-16 14:32:24.367000,415.5559380482909,13
2024-09-16 14:32:24.421000,415.5509192938524,14
2024-09-16 14:32:24.512000,415.565182414584,998
2024-09-16 14:32:24.525000,415.5329676202917,11
2024-09-16 14:32:24.526000,415.5560601028135,1004
2024-09-16 14:32:24.538000,415.5143102229279,103
2024-09-16 14:32:24.545000,415.55209847380985,99
2024-09-16 14:32:24.553000,415.5884647062696,98
2024-09-16 14:32:24.632000,415.5584786680972,11
2024-09-16 14:32:24.663000,415.5621306351276,97
2024-09-16 14:32:24.765000,415.5211312493176,98
2024-09-16 14:32:24.809000,415.5800427165028,97
2024-09-16 14:32:24.886000,415.5577327709258,101
2024-09-16 14:32:24.961000,415.53007223833606,101
2024-09-16 14:32:24.992000,415.6093191325169,5
2024-09-16 14:32:25.006000,415.6746917029701,1001
2024-09-16 14:32:25.056000,415.7269785706391,15
2024-09-16 14:32:25.098000,415.67156150329583,14
2024-09-16 14:32:25.195000,415.7080284564672,96
2024-09-16 14:32:25.233000,415.7232104322355,12
2024-09-16 14:32:25.255000,415.6882983554149,11
2024-09-16 14:32:25.264000,415.69925295515645,98
2024-09-16 14:32:25.308000,415.6690682460712,7
2024-09-16 14:32:25.378000,415.74436251036354,12
2024-09-16 14:32:25.396000,415.6991164830959,105
2024-09-16 14:32:25.435000,415.6335024012197,103
2024-09-16 14:32:25.467000,415.7063035977334,1005
2024-09-16 14:32:25.471000,415.73673035925344,998
2024-09-16 14:32:25.474000,415.7024051452356,15
2024-09-16 14:32:25.492000,415.6312928446381,1000
2024-09-16 14:32:25.562000,415.6879258243351,1003
2024-09-16 14:32:25.610000,415.7304870901404,996
2024-09-16 14:32:25.621000,415.6941146989326,995
2024-09-16 14:32:25.661000,415.74125741999455,1002
2024-09-16 14:32:25.692000,415.7332105498031,7
2024-09-16 14:32:25.757000,415.7444636316528,5
2024-09-16 14:32:25.906000,415.6467434337092,95
2024-09-16 14:32:25.942000,415.68865865845294,13
2024-09-16 14:32:25.952000,415.6943368007098,10
2024-09-16 14:32:25.966000,415.63259500545337,12
2024-09-16 14:32:26.149000,415.7569688065568,100
2024-09-16 14:32:26.163000,415.7362744152159,13
2024-09-16 14:32:26.164000,415.75924434046505,997
2024-09-16 14:32:26.242000,415.6798458245952,997
2024-09-16 14:32:26.343000,415.76938573838447,97
2024-09-16 14:32:26.408000,415.71246789491295,1002
2024-09-16 14:32:26.430000,415.76380398606585,104
2024-09-16 14:32:26.524000,415.712388367212,15
2024-09-16 14:32:26.554000,415.7650201290304,14
2024-09-16 14:32:26.567000,415.71866395604,13
2024-09-16 14:32:26.572000,415.7523663266828,99
2024-09-16 14:32:26.578000,415.7175919389897,14
2024-09-16 14:32:26.676000,415.74556877960833,14
2024-09-16 14:32:26.809000,415.7009311297184,1001
2024-09-16 14:32:26.894000,415.6962909440741,10
2024-09-16 14:32:26.940000,415.7121337175081,100
2024-09-16 14:32:27.088000,415.771348540429,96
2024-09-16 14:32:27.101000,415.71511680616754,1004
2024-09-16 14:32:27.145000,415.6699180575508,105
2024-09-16 14:32:27.205000,415.7589966397953,11
2024-09-16 14:32:27.246000,415.70235962274427,105
2024-09-16 14:32:27.280000,415.75630856059416,101
2024-09-16 14:32:27.428000,415.6748545480253,1002
2024-09-16 14:32:27.491000,415.72233420911925,1004
2024-09-16 14:32:27.501000,415.7225078410928,98
2024-09-16 14:32:27.583000,415.7552230769828,99
2024-09-16 14:32:27.667000,415.7437663043782,100
2024-09-16 14:32:27.694000,415.7696131616045,999
2024-09-16 14:32:27.767000,415.7497697061707,97
2024-09-16 14:32:27.851000,415.77941303066666,1001
2024-09-16 14:32:27.935000,415.75583851518616,5
2024-09-16 14:32:27.939000,415.6852628300943,9
2024-09-16 14:32:27.996000,415.73714240352297,1001
2024-09-16 14:32:28.037000,415.7389726006536,995
2024-09-16 14:32:28.182000,415.73082737017927,5
2024-09-16 14:32:28.339000,415.7322120943978,998
2024-09-16 14:32:28.512000,415.7922698049924,9
2024-09-16 14:32:28.647000,415.78407851805497,15
2024-09-16 14:32:28.904000,415.7604017667811,105
2024-09-16 14:32:28.907000,415.7937939062313,101
2024-09-16 14:32:28.909000,415.7618222307889,102
2024-09-16 14:32:28.914000,415.8087359922374,98
2024-09-16 14:32:28.916000,415.7986595448568,7
2024-09-16 14:32:28.932000,415.7246926069524,8
2024-09-16 14:32:28.957000,415.694936031787,101
2024-09-16 14:32:29.684000,415.7167302339628,105
2024-09-16 14:32:30.032000,415.74840081628537,8
2024-09-16 14:32:30.099000,415.7116107931625,96
2024-09-16 14:32:30.113000,415.72300162287286,97
2024-09-16 14:32:30.160000,415.744259283052,1005
2024-09-16 14:32:30.288000,415.74089290582987,12
2024-09-16 14:32:30.437000,415.7456937271711,13
2024-09-16 14:32:30.449000,415.754469063043,1005
2024-09-16 14:32:30.456000,415.7299672045692,7
2024-09-16 14:32:30.517000,415.7247867721842,99
2024-09-16 14:32:30.606000,415.7550308038953,999
2024-09-16 14:32:30.643000,415.7595344880458,1000
2024-09-16 14:32:30.832000,415.7622171395206,14
2024-09-16 14:32:30.909000,415.7503793645312,98
2024-09-16 14:32:31.003000,415.76950004512,1004
2024-09-16 14:32:31.047000,415.784712686352,96
2024-09-16 14:32:31.146000,415.7537620523162,98
2024-09-16 14:32:31.200000,415.765997633296,997
2024-09-16 14:32:31.216000,415.8193946801307,1004
2024-09-16 14:32:31.359000,415.7950259402408,1005
2024-09-16 14:32:31.413000,415.808694418341,12
2024-09-16 14:32:31.529000,415.7704850576131,98
2024-09-16 14:32:31.574000,415.779613439432,101
2024-09-16 14:32:31.602000,415.7677564125714,9
2024-09-16 14:32:31.637000,415.784391064007,6
2024-09-16 14:32:31.641000,415.7988646758525,1000
2024-09-16 14:32:31.642000,415.7576839921751,5
2024-09-16 14:32:31.676000,415.760943644852,1000
2024-09-16 14:32:31.735000,415.758994725075,97
2024-09-16 14:32:31.888000,415.746937965393,102
2024-09-16 14:32:31.910000,415.7721984504992,95
2024-09-16 14:32:31.919000,415.77051334902967,103
2024-09-16 14:32:31.945000,415.7645696250968,12
2024-09-16 14:32:31.947000,415.7773454143984,99
2024-09-16 14:32:31.968000,418.5179925102625,1000
2024-09-16 14:32:32.134000,415.86596190536153,6
2024-09-16 14:32:32.181000,415.780904466705,96
2024-09-16 14:32:32.198000,415.819392543016,102
2024-09-16 14:32:32.535000,415.78241941166897,1000
2024-09-16 14:32:32.621000,415.7799868832792,997
2024-09-16 14:32:32.664000,415.83975331187577,1002
2024-09-16 14:32:32.738000,415.8417445380558,12
2024-09-16 14:32:32.790000,415.8445942031884,1000
2024-09-16 14:32:33.048000,415.9888811972159,96
2024-09-16 14:32:33.060000,415.9456850834474,8
2024-09-16 14:32:33.065000,415.9756658711528,10
2024-09-16 14:32:33.107000,415.9856720370095,8
2024-09-16 14:32:33.123000,415.9629793549842,999
2024-09-16 14:32:33.188000,415.9852953306773,98
2024-09-16 14:32:33.259000,415.9757092621226,1000
2024-09-16 14:32:33.275000,415.9430796148228,9
2024-09-16 14:32:33.320000,415.9355006788173,1002
2024-09-16 14:32:33.335000,415.95251666630656,11
2024-09-16 14:32:33.418000,415.97446787812834,100
2024-09-16 14:32:33.426000,415.9567367073568,995
2024-09-16 14:32:33.469000,415.9458817212018,12
2024-09-16 14:32:33.492000,415.9263512594858,95
2024-09-16 14:32:33.494000,415.9021183310479,102
2024-09-16 14:32:33.500000,415.9905839105464,996
2024-09-16 14:32:33.556000,415.9160612721331,14
2024-09-16 14:32:33.604000,415.88341293418216,102
2024-09-16 14:32:33.644000,415.9203360601076,15
2024-09-16 14:32:33.668000,415.9352122183117,6
2024-09-16 14:32:33.679000,415.98889916082686,6
2024-09-16 14:32:33.686000,415.9656719866134,1001
2024-09-16 14:32:33.742000,415.9380436554561,13
2024-09-16 14:32:33.857000,415.98369812426654,97
2024-09-16 14:32:33.920000,415.9385685660041,995
2024-09-16 14:32:33.962000,415.9549015049087,997
2024-09-16 14:32:34.020000,415.9743169665243,12
2024-09-16 14:32:34.102000,416.0343465148196,996
2024-09-16 14:32:34.102000,416.0282752828289,96
2024-09-16 14:32:34.155000,416.0252096856185,9
2024-09-16 14:32:34.293000,416.0347780350216,103
2024-09-16 14:32:34.311000,416.02595087205697,14
2024-09-16 14:32:34.402000,416.0071100036882,1002
2024-09-16 14:32:34.450000,416.01476725781225,1001
2024-09-16 14:32:34.639000,415.98855192505386,5
2024-09-16 14:32:34.675000,415.9767369196574,996
2024-09-16 14:32:34.834000,416.02336184952384,96
2024-09-16 14:32:34.838000,415.9588244176229,1000
2024-09-16 14:32:34.886000,416.0371696567775,101
2024-09-16 14:32:34.924000,416.039679635835,105
2024-09-16 14:32:34.989000,415.9901701371784,9
2024-09-16 14:32:35.290000,415.9192992648051,998
2024-09-16 14:32:35.391000,415.947419108703,11
2024-09-16 14:32:35.602000,415.9349113404446,1003
2024-09-16 14:32:35.659000,415.9462700353421,1000
2024-09-16 14:32:35.836000,415.9281695098515,14
2024-09-16 14:32:35.952000,415.9245596956373,1001
2024-09-16 14:32:36.085000,415.92547979940736,8
2024-09-16 14:32:36.088000,415.9325539589268,14
2024-09-16 14:32:36.267000,415.9585960626477,10
2024-09-16 14:32:36.464000,415.9126139126871,997
2024-09-16 14:32:36.811000,415.9426025688145,100
2024-09-16 14:32:36.833000,415.9377630636853,7
2024-09-16 14:32:37.038000,415.9543933188319,13
2024-09-16 14:32:37.117000,415.966567261237,8
2024-09-16 14:32:37.228000,415.9625091157772,1002
2024-09-16 14:32:37.289000,415.951654413176,1005
2024-09-16 14:32:37.649000,415.94511611197777,99
2024-09-16 14:32:37.733000,415.95315142740105,998
2024-09-16 14:32:37.797000,415.98706950878704,102
2024-09-16 14:32:38.015000,416.01637613752285,105
2024-09-16 14:32:38.202000,415.9912825099184,8
2024-09-16 14:32:38.225000,416.0127747695419,1003
2024-09-16 14:32:38.235000,415.9963207522848,8
2024-09-16 14:32:38.255000,416.0337905495928,1005
2024-09-16 14:32:38.256000,415.98948108353545,103
2024-09-16 14:32:38.326000,416.00265085084015,1005
2024-09-16 14:32:38.491000,416.00504377482304,1000
2024-09-16 14:32:38.511000,415.9975551938424,1001
2024-09-16 14:32:38.647000,416.0198959638842,1005
2024-09-16 14:32:38.705000,416.0172309727609,5
2024-09-16 14:32:38.788000,415.9952702020436,1002
2024-09-16 14:32:38.885000,416.0250327433072,1002
2024-09-16 14:32:39.058000,416.0911800255782,97
2024-09-16 14:32:39.333000,416.04312153525007,996
2024-09-16 14:32:39.379000,416.0849215070093,7
2024-09-16 14:32:39.469000,416.0763018712954,96
2024-09-16 14:32:39.516000,416.0602483373205,98
2024-09-16 14:32:39.762000,416.05965635650136,995
2024-09-16 14:32:39.855000,416.0658182022066,99
2024-09-16 14:32:40.268000,416.0851024761391,104
2024-09-16 14:32:40.294000,416.11428204918457,102
2024-09-16 14:32:40.514000,416.1085288663896,98
2024-09-16 14:32:40.519000,416.0821788152923,13
2024-09-16 14:32:40.624000,416.0888591015837,102
2024-09-16 14:32:40.690000,416.08383132916737,1003
2024-09-16 14:32:40.697000,416.1564697779318,1000
2024-09-16 14:32:40.706000,416.1347097222943,5
2024-09-16 14:32:40.762000,416.1288583437997,102
2024-09-16 14:32:40.791000,416.0899851505415,1001
2024-09-16 14:32:40.804000,416.1559309678097,101
2024-09-16 14:32:41.014000,416.1405180383755,15
2024-09-16 14:32:41.147000,416.1522945622701,104
2024-09-16 14:32:41.330000,416.1796564404856,15
2024-09-16 14:32:41.364000,416.16564846626966,10
2024-09-16 14:32:41.383000,416.1606615858898,104
2024-09-16 14:32:41.422000,416.1546395695824,5
2024-09-16 14:32:41.468000,416.1984477777564,100
2024-09-16 14:32:41.481000,416.1884657635284,104
2024-09-16 14:32:41.660000,416.206646747649,8
2024-09-16 14:32:41.697000,416.1599182170622,8
2024-09-16 14:32:41.830000,416.1549622641646,998
2024-09-16 14:32:42.058000,416.1859922418078,12
2024-09-16 14:32:42.167000,416.1961179299295,101
2024-09-16 14:32:42.193000,416.21628655257456,13
2024-09-16 14:32:42.295000,416.1996783755425,95
2024-09-16 14:32:42.332000,416.1978710145974,7
2024-09-16 14:32:42.364000,416.2130980004016,7
2024-09-16 14:32:42.488000,416.205635613925,101
2024-09-16 14:32:43.118000,416.1961426919299,14
2024-09-16 14:32:43.154000,416.1895196038716,96
2024-09-16 14:32:43.248000,416.1902105007287,104
2024-09-16 14:32:43.443000,416.1873202858183,5
2024-09-16 14:32:43.449000,416.2235107663557,11
2024-09-16 14:32:43.534000,416.1831323748572,1001
2024-09-16 14:32:43.758000,416.1995283104903,102
2024-09-16 14:32:43.819000,416.20655254255,12
2024-09-16 14:32:43.831000,416.15632133729,101
2024-09-16 14:32:43.854000,416.2041050316188,103
2024-09-16 14:32:43.919000,416.2036474725456,99
2024-09-16 14:32:43.965000,416.18443263524495,105
2024-09-16 14:32:43.977000,416.1819847893594,100
2024-09-16 14:32:44.117000,416.2040005583973,99
2024-09-16 14:32:44.210000,416.1769526743804,96
2024-09-16 14:32:44.214000,416.19995157812207,13
2024-09-16 14:32:44.292000,416.1316500983502,105
2024-09-16 14:32:44.308000,416.2033034046453,5
2024-09-16 14:32:44.361000,416.2117781379053,1003
2024-09-16 14:32:44.363000,416.20427213414905,11
2024-09-16 14:32:44.391000,416.20007257379,5
2024-09-16 14:32:44.397000,416.1487700482419,1004
2024-09-16 14:32:44.436000,416.2006640315805,15
2024-09-16 14:32:44.441000,416.20150546678906,7
2024-09-16 14:32:44.483000,416.16494761242257,1005
2024-09-16 14:32:44.639000,416.2020976830729,1000
2024-09-16 14:32:44.659000,416.1226267739091,997
2024-09-16 14:32:44.666000,416.18388003410513,99
2024-09-16 14:32:44.698000,416.220006366873,1001
2024-09-16 14:32:44.718000,416.1985515139129,8
2024-09-16 14:32:44.730000,416.1436436332477,95
2024-09-16 14:32:44.798000,416.17323688342657,6
2024-09-16 14:32:44.801000,416.195553603819,13
2024-09-16 14:32:44.896000,416.19256620218096,999
2024-09-16 14:32:44.919000,416.1753618815918,5
2024-09-16 14:32:44.925000,416.20008987060027,101
2024-09-16 14:32:44.944000,416.2022783955058,1000
2024-09-16 14:32:45.046000,416.10131595163375,1003
2024-09-16 14:32:45.153000,416.09536325135366,1000
2024-09-16 14:32:45.196000,416.0866718449686,14
2024-09-16 14:32:45.207000,416.1041220217462,1000
2024-09-16 14:32:45.233000,416.0830010933055,9
2024-09-16 14:32:45.625000,416.1164976080796,101
2024-09-16 14:32:45.751000,416.07723625557,8
2024-09-16 14:32:45.851000,416.0724434371725,995
2024-09-16 14:32:45.886000,416.0855064641488,103
2024-09-16 14:32:45.895000,416.13899410349546,104
2024-09-16 14:32:45.917000,418.9132540527395,104
2024-09-16 14:32:45.919000,418.79200986466606,997
2024-09-16 14:32:45.921000,416.0875786296637,11
2024-09-16 14:32:46.067000,416.0840084020351,103
2024-09-16 14:32:46.111000,416.07280205178233,97
2024-09-16 14:32:46.174000,416.0772243306993,100
2024-09-16 14:32:46.178000,416.0749477270976,11
2024-09-16 14:32:46.187000,416.0803286226044,105
2024-09-16 14:32:46.303000,416.0731491788336,8
2024-09-16 14:32:46.596000,416.0895170348498,999
2024-09-16 14:32:46.689000,416.06383758475,11
2024-09-16 14:32:46.750000,416.0893971090703,7
2024-09-16 14:32:46.888000,416.0928872295968,996
2024-09-16 14:32:47,416.1093846207602,11
2024-09-16 14:32:47.070000,416.0607301384737,995
2024-09-16 14:32:47.121000,416.1103882408074,8
2024-09-16 14:32:47.229000,416.0499850927845,99
2024-09-16 14:32:47.229000,416.11115414791607,1001
2024-09-16 14:32:47.258000,416.1366090065412,995
2024-09-16 14:32:47.285000,416.1290158496012,96
2024-09-16 14:32:47.378000,416.09832502472494,995
2024-09-16 14:32:47.437000,416.132201114774,1001
2024-09-16 14:32:47.441000,416.0777362390188,104
2024-09-16 14:32:47.462000,416.107791154289,1002
2024-09-16 14:32:47.465000,416.121049625804,11
2024-09-16 14:32:47.526000,416.0970284474666,14
2024-09-16 14:32:47.568000,416.1065419124639,99
2024-09-16 14:32:47.611000,416.07339312704585,12
2024-09-16 14:32:47.661000,416.0792097525845,96
2024-09-16 14:32:47.972000,416.1203359241851,102
2024-09-16 14:32:47.973000,416.1082762552781,997
2024-09-16 14:32:48.106000,416.1301437918074,13
2024-09-16 14:32:48.186000,416.1207235252178,101
2024-09-16 14:32:48.269000,416.1241526704183,999
2024-09-16 14:32:48.280000,416.13242832556347,995
2024-09-16 14:32:48.543000,416.1354578353877,97
2024-09-16 14:32:48.560000,416.1039012503724,1005
2024-09-16 14:32:48.567000,416.12178704552207,100
2024-09-16 14:32:48.655000,416.1316914549882,96
2024-09-16 14:32:48.725000,416.13104123396494,15
2024-09-16 14:32:48.793000,416.0947798472083,97
2024-09-16 14:32:48.883000,416.10290187951904,5
2024-09-16 14:32:48.975000,416.0749628085758,95
2024-09-16 14:32:48.998000,416.1077086422746,995
2024-09-16 14:32:49.021000,416.0673264634671,101
2024-09-16 14:32:49.176000,416.08756595264566,1001
2024-09-16 14:32:49.210000,416.0529939871224,999
2024-09-16 14:32:49.244000,416.03347522657344,10
2024-09-16 14:32:49.255000,416.03979936308656,6
2024-09-16 14:32:49.347000,416.0390570634581,7
2024-09-16 14:32:49.366000,416.0859502428127,5
2024-09-16 14:32:49.476000,416.04426444152375,13
2024-09-16 14:32:49.577000,416.0435297084378,6
2024-09-16 14:32:49.583000,416.0599952572398,1004
2024-09-16 14:32:49.588000,416.0569710567941,13
2024-09-16 14:32:49.590000,416.06101835366,97
2024-09-16 14:32:49.597000,416.03907287388125,12
2024-09-16 14:32:49.612000,416.0705753345752,998
2024-09-16 14:32:49.632000,416.0542903654048,99
2024-09-16 14:32:49.636000,416.0619764686847,997
2024-09-16 14:32:49.640000,416.04840559620936,8
2024-09-16 14:32:49.674000,416.0328778155209,15
2024-09-16 14:32:49.688000,416.0576264674626,997
2024-09-16 14:32:49.704000,416.0434801514159,1001
2024-09-16 14:32:49.739000,416.09082050794615,101
2024-09-16 14:32:49.750000,416.0848334313912,1002
2024-09-16 14:32:49.828000,416.0540910848394,996
2024-09-16 14:32:49.930000,416.07499748715327,14
2024-09-16 14:32:49.966000,416.0575020114935,15
2024-09-16 14:32:49.977000,416.0534093850851,96
2024-09-16 14:32:50.026000,416.1207120496906,105
2024-09-16 14:32:50.044000,416.1161670184205,7
2024-09-16 14:32:50.085000,416.07583613614224,98
2024-09-16 14:32:50.101000,416.0726670510107,1001
2024-09-16 14:32:50.119000,416.0548712109216,998
2024-09-16 14:32:50.151000,416.0606002987386,12
2024-09-16 14:32:50.172000,416.0808285521912,997
2024-09-16 14:32:50.561000,416.1061652449938,12
2024-09-16 14:32:50.642000,416.1049589819735,6
2024-09-16 14:32:50.657000,416.0769036241854,1002
2024-09-16 14:32:50.664000,416.1194158946258,101
2024-09-16 14:32:50.742000,416.06852018714267,999
2024-09-16 14:32:50.760000,416.068379342895,1001
2024-09-16 14:32:50.769000,416.0710399576101,995
2024-09-16 14:32:50.886000,416.07232595982674,1001
2024-09-16 14:32:50.925000,416.1165044162109,998
2024-09-16 14:32:50.943000,416.1304615752391,103
2024-09-16 14:32:51.013000,416.1366954558416,996
2024-09-16 14:32:51.026000,416.1191452707913,7
2024-09-16 14:32:51.256000,416.1222328854371,98
2024-09-16 14:32:51.359000,416.11773210888737,997
2024-09-16 14:32:51.586000,416.1130338221368,8
2024-09-16 14:32:51.705000,416.12593002568985,99
2024-09-16 14:32:51.781000,416.1032783350479,105
2024-09-16 14:32:51.784000,416.1086343322904,98
2024-09-16 14:32:51.793000,416.1052020418409,8
2024-09-16 14:32:51.797000,416.1124796739533,104
2024-09-16 14:32:51.976000,416.1334346378584,105
2024-09-16 14:32:51.987000,416.0975753902048,7
2024-09-16 14:32:52.132000,416.12410904046,96
2024-09-16 14:32:52.233000,416.13950590980807,12
2024-09-16 14:32:52.520000,416.1412992313656,97
2024-09-16 14:32:53.008000,416.1759363147967,104
2024-09-16 14:32:53.116000,416.1651862430782,1003
2024-09-16 14:32:53.182000,416.14052350474776,13
2024-09-16 14:32:53.246000,416.17834187884125,996
2024-09-16 14:32:53.258000,416.183100009661,1002
2024-09-16 14:32:53.278000,416.145204863009,14
2024-09-16 14:32:53.336000,416.16282973955776,96
2024-09-16 14:32:53.355000,416.1666734062717,998
2024-09-16 14:32:53.385000,416.18340585494127,996
2024-09-16 14:32:53.421000,416.15500641621145,99
2024-09-16 14:32:53.442000,416.1624151500348,12
2024-09-16 14:32:53.488000,416.18941575732936,13
2024-09-16 14:32:53.514000,416.1492795758384,999
2024-09-16 14:32:53.525000,416.13373202147824,11
2024-09-16 14:32:53.564000,416.1689528420562,104
2024-09-16 14:32:53.596000,416.1822690454854,100
2024-09-16 14:32:53.652000,416.13856229375824,99
2024-09-16 14:32:53.680000,416.17355297399,14
2024-09-16 14:32:53.692000,416.1482260061168,105
2024-09-16 14:32:53.705000,416.1477004204522,1005
2024-09-16 14:32:53.717000,416.13415290908847,1005
2024-09-16 14:32:53.718000,416.182760020212,101
2024-09-16 14:32:53.723000,416.17637012752766,99
2024-09-16 14:32:53.723000,418.87124158285127,8
2024-09-16 14:32:53.755000,416.1425938681775,13
2024-09-16 14:32:53.884000,416.1729375159033,96
2024-09-16 14:32:53.889000,416.17550545203625,1003
2024-09-16 14:32:53.935000,416.1457672614115,97
2024-09-16 14:32:53.948000,416.1444037397271,12
2024-09-16 14:32:53.987000,416.1895453276554,97
2024-09-16 14:32:54.054000,416.1194744290202,98
2024-09-16 14:32:54.071000,416.1076831372645,102
2024-09-16 14:32:54.078000,416.147163059212,1003
2024-09-16 14:32:54.142000,416.15220522442047,1000
2024-09-16 14:32:54.225000,416.1348352181097,15
2024-09-16 14:32:54.276000,416.1049434164593,11
2024-09-16 14:32:54.306000,416.15994681417055,1005
2024-09-16 14:32:54.373000,416.1642653137241,14
2024-09-16 14:32:54.428000,416.0984256664218,12
2024-09-16 14:32:54.431000,416.130229793986,97
2024-09-16 14:32:54.458000,416.13816722225255,10
2024-09-16 14:32:54.595000,416.1486665341101,8
2024-09-16 14:32:54.602000,416.1411423210501,9
2024-09-16 14:32:54.623000,416.1748066487762,15
2024-09-16 14:32:54.820000,416.12712109316095,1000
2024-09-16 14:32:55.050000,416.1201109282297,1004
2024-09-16 14:32:55.155000,416.11454860875887,99
2024-09-16 14:32:55.252000,416.1225280414904,14
2024-09-16 14:32:55.258000,416.1157970634475,1002
2024-09-16 14:32:55.271000,416.1236430723586,8
2024-09-16 14:32:55.289000,416.13419437745216,1001
2024-09-16 14:32:55.343000,416.1570171732107,104
2024-09-16 14:32:55.383000,416.1129741729041,96
2024-09-16 14:32:55.486000,416.1476111002424,100
2024-09-16 14:32:55.589000,416.1094148332868,1005
2024-09-16 14:32:55.603000,416.10279313794655,1002
2024-09-16 14:32:55.660000,416.117332579464,97
2024-09-16 14:32:55.670000,416.12026289942713,15
2024-09-16 14:32:55.838000,416.1407633824412,8
2024-09-16 14:32:55.849000,416.118338416616,104
2024-09-16 14:32:55.882000,416.1269108580013,995
2024-09-16 14:32:55.912000,416.1166369801197,10
2024-09-16 14:32:55.998000,416.1287665259118,8
2024-09-16 14:32:56.079000,416.1207053206179,15
2024-09-16 14:32:56.091000,416.10197952635775,102
2024-09-16 14:32:56.138000,416.1206481466888,99
2024-09-16 14:32:56.156000,416.15227168925264,14
2024-09-16 14:32:56.179000,416.1535209274366,99
2024-09-16 14:32:56.239000,416.1381096550001,998
2024-09-16 14:32:56.239000,416.1172880170817,99
2024-09-16 14:32:56.261000,416.1502860291592,99
2024-09-16 14:32:56.273000,416.1900955272635,997
2024-09-16 14:32:56.297000,416.16004768636367,9
2024-09-16 14:32:56.406000,416.1617119115383,7
2024-09-16 14:32:56.406000,416.1776389606726,1000
2024-09-16 14:32:56.430000,416.16055911996295,9
2024-09-16 14:32:56.462000,416.1414635095085,1002
2024-09-16 14:32:56.464000,416.1671933290576,105
2024-09-16 14:32:56.585000,416.1607400010072,101
2024-09-16 14:32:56.596000,416.1048840450048,12
2024-09-16 14:32:56.635000,416.1253855347728,1000
2024-09-16 14:32:56.714000,416.1512032383688,13
2024-09-16 14:32:56.742000,416.1390001603663,103
2024-09-16 14:32:56.866000,416.1571563809477,10
2024-09-16 14:32:56.967000,416.1948472823117,996
2024-09-16 14:32:56.980000,416.1651841041637,1004
2024-09-16 14:32:56.994000,416.1199561214879,14
2024-09-16 14:32:57.091000,416.1257420538725,103
2024-09-16 14:32:57.141000,416.1205653092367,99
2024-09-16 14:32:57.149000,416.15958182670687,1000
2024-09-16 14:32:57.167000,416.1308542603988,11
2024-09-16 14:32:57.620000,416.1595102685847,1003
2024-09-16 14:32:57.640000,416.14113518483697,13
2024-09-16 14:32:57.905000,416.1566973942465,997
2024-09-16 14:32:57.947000,416.1334838769999,999
2024-09-16 14:32:58.079000,416.1953397748375,7
2024-09-16 14:32:58.179000,416.1847133229497,13
2024-09-16 14:32:58.280000,416.1617074930352,12
2024-09-16 14:32:58.310000,416.1393925971985,11
2024-09-16 14:32:58.362000,416.1774741498496,10
2024-09-16 14:32:58.501000,416.1466714158558,999
2024-09-16 14:32:58.562000,416.1857228621082,13
2024-09-16 14:32:58.628000,416.1551033897763,999
2024-09-16 14:32:58.726000,416.1859731151593,7
2024-09-16 14:32:58.756000,416.16360569866407,1003
2024-09-16 14:32:58.771000,416.1836198248099,1004
2024-09-16 14:32:58.771000,416.1717033612703,998
2024-09-16 14:32:58.782000,416.1942636357693,101
2024-09-16 14:32:58.787000,416.1720843925143,100
2024-09-16 14:32:58.819000,416.20156887807343,1002
2024-09-16 14:32:58.830000,416.182189161982,995
2024-09-16 14:32:58.860000,416.1524358780902,13
2024-09-16 14:32:58.893000,416.1483384673558,13
2024-09-16 14:32:58.895000,416.1891424224458,997
2024-09-16 14:32:58.896000,416.1749099422245,97
2024-09-16 14:32:59.240000,416.22258271473095,9
2024-09-16 14:32:59.363000,416.1638253208427,6
2024-09-16 14:32:59.600000,416.1878767490664,997
2024-09-16 14:32:59.638000,416.1966243807443,7
2024-09-16 14:32:59.960000,416.18367848799215,99
2024-09-16 14:32:59.993000,416.2014716036753,997
