Timestamp,Price,Size
2024-09-20 14:26:00.059000,430.0464018884871,998
2024-09-20 14:26:00.113000,430.0060640484285,96
2024-09-20 14:26:00.127000,429.9814055915169,1002
2024-09-20 14:26:00.180000,430.0496174886278,995
2024-09-20 14:26:00.199000,429.9449922561236,995
2024-09-20 14:26:00.243000,430.0198521577362,995
2024-09-20 14:26:00.243000,429.9876761834648,104
2024-09-20 14:26:00.247000,430.0465103685415,103
2024-09-20 14:26:00.396000,429.9801268219656,98
2024-09-20 14:26:00.462000,429.9945597995245,7
2024-09-20 14:26:00.667000,429.99973918684526,996
2024-09-20 14:26:00.690000,429.9900771982757,14
2024-09-20 14:26:00.705000,429.9515537902308,105
2024-09-20 14:26:00.746000,429.98826017094456,8
2024-09-20 14:26:00.803000,429.9977553813364,9
2024-09-20 14:26:00.914000,430.0610295175881,100
2024-09-20 14:26:00.919000,429.9850220983252,1001
2024-09-20 14:26:00.939000,429.9752624773922,995
2024-09-20 14:26:01.246000,430.0957891899541,12
2024-09-20 14:26:01.257000,430.0877223428075,11
2024-09-20 14:26:01.309000,430.0949786964954,105
2024-09-20 14:26:01.318000,429.9958695123783,1005
2024-09-20 14:26:01.323000,429.9955693028461,7
2024-09-20 14:26:01.364000,430.01297309316806,9
2024-09-20 14:26:01.429000,430.04537242224575,104
2024-09-20 14:26:01.439000,430.0010020876862,96
2024-09-20 14:26:01.439000,430.0870072900987,999
2024-09-20 14:26:01.523000,430.1000489559376,8
2024-09-20 14:26:01.765000,430.092586082328,97
2024-09-20 14:26:01.825000,430.06245824898,1000
2024-09-20 14:26:01.943000,430.0299602206189,100
2024-09-20 14:26:01.964000,430.01869549100905,15
2024-09-20 14:26:01.977000,430.0209447268176,996
2024-09-20 14:26:02.014000,430.0368949075528,100
2024-09-20 14:26:02.051000,430.07516203764703,10
2024-09-20 14:26:02.116000,430.07301401920967,6
2024-09-20 14:26:02.224000,430.0612903924166,95
2024-09-20 14:26:02.262000,430.0632760595332,5
2024-09-20 14:26:02.326000,430.0445299295719,1002
2024-09-20 14:26:02.453000,430.0872140935873,13
2024-09-20 14:26:02.477000,430.0462632429927,101
2024-09-20 14:26:02.498000,430.0954911808512,12
2024-09-20 14:26:02.516000,430.0763627574122,95
2024-09-20 14:26:02.537000,430.0989824680399,103
2024-09-20 14:26:02.709000,430.06692524293055,11
2024-09-20 14:26:02.792000,430.0864395135641,103
2024-09-20 14:26:02.836000,430.07018746128006,997
2024-09-20 14:26:02.837000,430.0606210809731,96
2024-09-20 14:26:02.853000,430.0732314572618,1000
2024-09-20 14:26:02.875000,430.0555356401382,5
2024-09-20 14:26:02.886000,430.0694553131221,8
2024-09-20 14:26:02.992000,430.0825623951047,14
2024-09-20 14:26:03,430.1057176225122,102
2024-09-20 14:26:03.001000,430.0661033487738,8
2024-09-20 14:26:03.005000,430.0583687444195,101
2024-09-20 14:26:03.118000,430.0920933269182,97
2024-09-20 14:26:03.227000,430.0652455367781,8
2024-09-20 14:26:03.257000,430.0776046259367,1004
2024-09-20 14:26:03.259000,430.121618750065,8
2024-09-20 14:26:03.261000,429.99960379737865,1001
2024-09-20 14:26:03.270000,430.0769737913484,1005
2024-09-20 14:26:03.290000,430.082505594692,7
2024-09-20 14:26:03.372000,430.1146970648808,14
2024-09-20 14:26:03.378000,430.0838729738065,95
2024-09-20 14:26:03.421000,430.0844274071182,97
2024-09-20 14:26:03.434000,430.1069133727213,98
2024-09-20 14:26:03.460000,430.0285597591645,97
2024-09-20 14:26:03.478000,430.085265681798,997
2024-09-20 14:26:03.505000,430.0636127257823,1004
2024-09-20 14:26:03.579000,430.0628927902299,98
2024-09-20 14:26:03.625000,430.03186098175183,1003
2024-09-20 14:26:03.629000,430.0968079740199,13
2024-09-20 14:26:03.654000,430.0666438039256,101
2024-09-20 14:26:03.888000,430.0237983092783,996
2024-09-20 14:26:03.891000,430.0281292396318,102
2024-09-20 14:26:03.897000,430.0648395928687,102
2024-09-20 14:26:03.915000,430.0696602902484,1000
2024-09-20 14:26:03.978000,430.1162134095514,1001
2024-09-20 14:26:04.057000,430.0880139639289,95
2024-09-20 14:26:04.167000,430.01980023382765,6
2024-09-20 14:26:04.340000,430.066699143992,5
2024-09-20 14:26:04.362000,430.04553939652254,995
2024-09-20 14:26:04.366000,430.0201695719405,997
2024-09-20 14:26:04.368000,430.05445859875954,11
2024-09-20 14:26:04.368000,430.0171349261773,8
2024-09-20 14:26:04.440000,430.0592415543878,10
2024-09-20 14:26:04.457000,430.04341475549774,104
2024-09-20 14:26:04.477000,430.0519949423619,6
2024-09-20 14:26:04.556000,430.0170644995252,998
2024-09-20 14:26:04.577000,430.0270800070249,98
2024-09-20 14:26:04.605000,430.0490984029121,998
2024-09-20 14:26:04.669000,430.0704137937961,1001
2024-09-20 14:26:04.723000,430.0607572375215,8
2024-09-20 14:26:04.814000,430.0788459883962,13
2024-09-20 14:26:04.833000,429.99237153168207,12
2024-09-20 14:26:04.861000,430.07951889884873,15
2024-09-20 14:26:04.881000,430.0474908685283,995
2024-09-20 14:26:05.207000,430.07752085982105,101
2024-09-20 14:26:05.243000,430.066418969994,97
2024-09-20 14:26:05.621000,430.1052660268864,12
2024-09-20 14:26:05.625000,430.1266064097401,995
2024-09-20 14:26:05.954000,430.1408197155383,104
2024-09-20 14:26:06.170000,430.1309373058175,97
2024-09-20 14:26:06.192000,430.1249703034316,9
2024-09-20 14:26:06.193000,430.1458974633389,99
2024-09-20 14:26:06.206000,430.1669934707731,14
2024-09-20 14:26:06.235000,430.16493069876446,5
2024-09-20 14:26:06.292000,430.132376412326,13
2024-09-20 14:26:06.400000,430.1442387810318,103
2024-09-20 14:26:06.582000,430.1525081682231,105
2024-09-20 14:26:06.590000,430.1367539361138,11
2024-09-20 14:26:06.626000,430.1461258128936,7
2024-09-20 14:26:06.636000,430.1485964861631,1004
2024-09-20 14:26:06.732000,430.134659800944,999
2024-09-20 14:26:06.870000,430.132865594695,15
2024-09-20 14:26:07.053000,430.1556616276848,5
2024-09-20 14:26:07.115000,430.12936735052375,102
2024-09-20 14:26:07.189000,430.1393471210503,1003
2024-09-20 14:26:07.268000,430.1520734103237,98
2024-09-20 14:26:07.317000,430.1464646027745,102
2024-09-20 14:26:07.321000,430.1630565852906,1005
2024-09-20 14:26:07.763000,430.1266733418773,96
2024-09-20 14:26:07.847000,430.1411489907896,98
2024-09-20 14:26:07.894000,430.1488593685463,98
2024-09-20 14:26:07.911000,430.143878438865,999
2024-09-20 14:26:07.988000,430.11488432628255,97
2024-09-20 14:26:08.008000,430.15973181159535,95
2024-09-20 14:26:08.056000,430.14760468294975,1000
2024-09-20 14:26:08.125000,430.1621902439214,9
2024-09-20 14:26:08.157000,430.1865337240896,1002
2024-09-20 14:26:08.239000,430.1521138971157,15
2024-09-20 14:26:08.368000,430.2069237236361,95
2024-09-20 14:26:08.406000,430.17260035482497,95
2024-09-20 14:26:08.542000,430.1653023044561,1003
2024-09-20 14:26:08.573000,430.1588190232419,1001
2024-09-20 14:26:08.598000,430.1415026020082,999
2024-09-20 14:26:08.665000,430.161691778142,12
2024-09-20 14:26:08.667000,430.1560125307105,102
2024-09-20 14:26:08.670000,430.144951095145,7
2024-09-20 14:26:08.673000,430.19406904282255,999
2024-09-20 14:26:08.717000,430.1476246538583,15
2024-09-20 14:26:08.789000,430.1655396777452,998
2024-09-20 14:26:08.813000,430.19024128839817,98
2024-09-20 14:26:08.847000,430.1494335431202,6
2024-09-20 14:26:08.913000,430.1857660440912,996
2024-09-20 14:26:08.929000,430.1479873684872,9
2024-09-20 14:26:09,430.1655912349687,104
2024-09-20 14:26:09.008000,430.1592205602213,104
2024-09-20 14:26:09.050000,430.16102538185584,10
2024-09-20 14:26:09.071000,430.21540771318047,1003
2024-09-20 14:26:09.084000,430.12924386150553,97
2024-09-20 14:26:09.159000,430.1922593690355,1005
2024-09-20 14:26:09.243000,430.1145810507636,10
2024-09-20 14:26:09.397000,430.1352909036661,101
2024-09-20 14:26:09.420000,430.1596763615846,103
2024-09-20 14:26:09.433000,430.1278866362564,996
2024-09-20 14:26:09.473000,430.11946905060313,105
2024-09-20 14:26:09.498000,430.1946601683397,104
2024-09-20 14:26:09.557000,430.2110385048976,8
2024-09-20 14:26:09.611000,430.1245622456327,104
2024-09-20 14:26:09.720000,430.15448750130014,98
2024-09-20 14:26:09.747000,430.1642641811418,5
2024-09-20 14:26:09.778000,430.1367431660999,995
2024-09-20 14:26:09.801000,430.12726001892906,95
2024-09-20 14:26:09.814000,430.2051937689735,1002
2024-09-20 14:26:09.872000,430.1943682463172,998
2024-09-20 14:26:09.911000,430.1159464707761,997
2024-09-20 14:26:09.990000,430.1329116670595,1001
2024-09-20 14:26:09.992000,430.1620068770754,101
2024-09-20 14:26:10.017000,430.1884841181157,11
2024-09-20 14:26:10.062000,430.1519480763386,997
2024-09-20 14:26:10.099000,430.1525254803878,996
2024-09-20 14:26:10.128000,430.1850969515354,1002
2024-09-20 14:26:10.155000,430.1884735728764,14
2024-09-20 14:26:10.192000,430.2048481049048,998
2024-09-20 14:26:10.215000,430.1903247727288,1004
2024-09-20 14:26:10.265000,430.18595621490624,101
2024-09-20 14:26:10.288000,430.1533912399119,96
2024-09-20 14:26:10.317000,430.18967030045934,996
2024-09-20 14:26:10.402000,430.1819844756012,1002
2024-09-20 14:26:10.439000,430.2240586434564,995
2024-09-20 14:26:10.440000,430.14923488284296,997
2024-09-20 14:26:10.536000,430.1825593295226,9
2024-09-20 14:26:10.625000,430.1606871549712,995
2024-09-20 14:26:10.659000,430.1860910227957,104
2024-09-20 14:26:10.716000,430.1383850323133,10
2024-09-20 14:26:10.720000,430.1799959778371,999
2024-09-20 14:26:10.738000,430.163703323886,98
2024-09-20 14:26:10.875000,430.17214849790753,1000
2024-09-20 14:26:10.907000,430.2206435010643,98
2024-09-20 14:26:10.946000,430.2264612771279,997
2024-09-20 14:26:10.979000,430.21108927721264,96
2024-09-20 14:26:10.987000,430.1907686803075,1003
2024-09-20 14:26:11.001000,430.23349817518,14
2024-09-20 14:26:11.050000,430.2203631302356,13
2024-09-20 14:26:11.094000,430.2083634822799,9
2024-09-20 14:26:11.125000,430.21877671277616,1002
2024-09-20 14:26:11.178000,430.2280265427584,1004
2024-09-20 14:26:11.200000,430.219028473139,101
2024-09-20 14:26:11.232000,430.2262217276537,104
2024-09-20 14:26:11.266000,430.2108880713774,1004
2024-09-20 14:26:11.278000,430.2174455712611,1000
2024-09-20 14:26:11.324000,430.205861126257,96
2024-09-20 14:26:11.351000,430.2084212641301,8
2024-09-20 14:26:11.417000,430.2064506479576,1000
2024-09-20 14:26:11.427000,430.2476246160809,1004
2024-09-20 14:26:11.445000,430.2173059530771,6
2024-09-20 14:26:11.453000,430.2258575049231,7
2024-09-20 14:26:11.493000,430.2170421779092,999
2024-09-20 14:26:11.558000,430.2098818412254,1001
2024-09-20 14:26:11.662000,430.2384903071756,105
2024-09-20 14:26:11.672000,430.2362359473109,95
2024-09-20 14:26:11.676000,430.1936840523505,7
2024-09-20 14:26:11.690000,430.21507829330506,9
2024-09-20 14:26:11.696000,430.22977755777663,102
2024-09-20 14:26:11.866000,430.21395343556543,998
2024-09-20 14:26:11.896000,430.1908433434164,105
2024-09-20 14:26:11.903000,430.2266003778574,998
2024-09-20 14:26:11.926000,430.207568297933,101
2024-09-20 14:26:11.989000,430.1992914616422,105
2024-09-20 14:26:12.081000,430.1987746720561,1005
2024-09-20 14:26:12.128000,430.18270589943,1005
2024-09-20 14:26:12.129000,430.1872136955837,14
2024-09-20 14:26:12.250000,430.1887908701906,11
2024-09-20 14:26:12.830000,430.1898767185838,15
2024-09-20 14:26:12.915000,430.1670898223361,100
2024-09-20 14:26:13.025000,430.1990943580162,1003
2024-09-20 14:26:13.253000,430.1935419844408,1005
2024-09-20 14:26:13.561000,430.1990253256408,5
2024-09-20 14:26:13.607000,430.1868389990508,96
2024-09-20 14:26:13.729000,430.1790856294084,15
2024-09-20 14:26:13.785000,430.1810321746371,997
2024-09-20 14:26:13.807000,430.1924238556752,998
2024-09-20 14:26:13.869000,430.1795619403744,97
2024-09-20 14:26:13.915000,430.1954296889238,997
2024-09-20 14:26:13.940000,430.19637688218256,98
2024-09-20 14:26:13.968000,430.19800066991337,8
2024-09-20 14:26:14.172000,430.22019679911,101
2024-09-20 14:26:14.263000,430.20403114886216,11
2024-09-20 14:26:14.289000,430.2177909303216,13
2024-09-20 14:26:14.312000,430.1920036893313,996
2024-09-20 14:26:14.355000,430.1953132998769,995
2024-09-20 14:26:15.041000,430.2290693264762,13
2024-09-20 14:26:15.051000,430.2027047007063,995
2024-09-20 14:26:15.192000,430.1541414588036,1000
2024-09-20 14:26:15.197000,430.1869812061839,9
2024-09-20 14:26:15.282000,430.25459495515537,101
2024-09-20 14:26:15.322000,430.2521100093599,100
2024-09-20 14:26:15.374000,430.1866070177696,10
2024-09-20 14:26:15.445000,430.1909876032007,100
2024-09-20 14:26:15.504000,430.2181044968248,1001
2024-09-20 14:26:15.592000,430.2575544952365,10
2024-09-20 14:26:15.630000,430.2201856896777,998
2024-09-20 14:26:15.639000,430.2698804555225,7
2024-09-20 14:26:15.703000,430.2063558453535,7
2024-09-20 14:26:15.707000,430.2015902166723,100
2024-09-20 14:26:15.715000,430.1677894058146,10
2024-09-20 14:26:15.743000,430.17690451451614,96
2024-09-20 14:26:15.776000,430.1812271596205,15
2024-09-20 14:26:15.793000,430.174494768202,997
2024-09-20 14:26:15.823000,430.2019096525095,12
2024-09-20 14:26:15.841000,430.2305447939352,1004
2024-09-20 14:26:15.847000,430.1771394043515,100
2024-09-20 14:26:15.861000,430.1932915663772,15
2024-09-20 14:26:15.862000,430.2503446039222,1003
2024-09-20 14:26:15.906000,430.1756313484659,1005
2024-09-20 14:26:15.923000,430.1971748020384,1000
2024-09-20 14:26:15.930000,430.199495766159,105
2024-09-20 14:26:15.944000,430.2600303794337,105
2024-09-20 14:26:15.959000,430.2404297667449,97
2024-09-20 14:26:16.034000,430.1489233578676,14
2024-09-20 14:26:16.035000,430.19952599616187,97
2024-09-20 14:26:16.062000,430.1417190724696,97
2024-09-20 14:26:16.122000,430.1274833634962,102
2024-09-20 14:26:16.135000,430.1607031080779,14
2024-09-20 14:26:16.162000,430.16566836202617,8
2024-09-20 14:26:16.174000,430.2400101743082,997
2024-09-20 14:26:16.186000,430.179745168826,6
2024-09-20 14:26:16.205000,430.15633105120185,9
2024-09-20 14:26:16.312000,430.15095067331936,12
2024-09-20 14:26:16.389000,430.182689582341,103
2024-09-20 14:26:16.413000,430.2034302119122,15
2024-09-20 14:26:16.545000,430.1303791861956,101
2024-09-20 14:26:16.581000,430.194663412634,1004
2024-09-20 14:26:16.602000,430.1146933586653,97
2024-09-20 14:26:16.686000,430.1797309635603,12
2024-09-20 14:26:16.691000,430.15208754937817,101
2024-09-20 14:26:16.695000,430.1930481762988,14
2024-09-20 14:26:16.696000,430.17645217226817,15
2024-09-20 14:26:16.740000,430.1973549005031,98
2024-09-20 14:26:16.763000,430.1524458972003,11
2024-09-20 14:26:16.774000,430.2140255353979,101
2024-09-20 14:26:16.797000,430.1655875501204,1004
2024-09-20 14:26:16.797000,430.1414120077064,15
2024-09-20 14:26:16.870000,430.17214160595086,995
2024-09-20 14:26:16.917000,430.14811579460377,997
2024-09-20 14:26:16.920000,430.2187721730016,1001
2024-09-20 14:26:16.948000,430.1660941567809,9
2024-09-20 14:26:16.951000,430.142508877365,7
2024-09-20 14:26:16.997000,430.1876116595132,104
2024-09-20 14:26:17.007000,430.1585739058132,98
2024-09-20 14:26:17.067000,430.2297739507167,996
2024-09-20 14:26:17.093000,430.20966982757545,998
2024-09-20 14:26:17.162000,430.1588013126821,96
2024-09-20 14:26:17.183000,430.17642872992354,105
2024-09-20 14:26:17.194000,430.2232864312755,100
2024-09-20 14:26:17.229000,430.2098113170046,1001
2024-09-20 14:26:17.234000,430.1372243842061,1005
2024-09-20 14:26:17.301000,430.2044378385772,98
2024-09-20 14:26:17.312000,430.18983053063806,97
2024-09-20 14:26:17.317000,430.2342251295717,13
2024-09-20 14:26:17.323000,430.1657754845135,1003
2024-09-20 14:26:17.327000,430.1739176926784,9
2024-09-20 14:26:17.381000,430.1849343455695,5
2024-09-20 14:26:17.386000,430.1947029660726,5
2024-09-20 14:26:17.398000,430.1629270996731,998
2024-09-20 14:26:17.489000,430.1819514274125,101
2024-09-20 14:26:17.607000,430.1628628390326,6
2024-09-20 14:26:17.746000,430.22349879554287,98
2024-09-20 14:26:17.755000,430.2095779788056,15
2024-09-20 14:26:17.890000,430.16198788228246,100
2024-09-20 14:26:17.903000,430.1457503221087,103
2024-09-20 14:26:17.911000,430.19658895972935,10
2024-09-20 14:26:17.962000,430.1664926988101,6
2024-09-20 14:26:18.638000,430.18836418766455,5
2024-09-20 14:26:19.014000,430.1754338463708,1001
2024-09-20 14:26:19.063000,430.1773441716339,1003
2024-09-20 14:26:19.063000,430.21525974921207,12
2024-09-20 14:26:19.090000,430.19080764724686,100
2024-09-20 14:26:19.160000,430.1882416207938,999
2024-09-20 14:26:19.261000,430.2023398546236,1004
2024-09-20 14:26:19.315000,430.18947794705184,1001
2024-09-20 14:26:19.371000,430.13265277238247,6
2024-09-20 14:26:19.564000,430.1773432691946,15
2024-09-20 14:26:19.616000,430.1955506091232,995
2024-09-20 14:26:19.622000,430.170310589759,999
2024-09-20 14:26:19.678000,430.2028481351546,14
2024-09-20 14:26:19.681000,430.1702798438216,995
2024-09-20 14:26:19.701000,430.1661489537869,15
2024-09-20 14:26:19.770000,430.16597996821406,7
2024-09-20 14:26:19.851000,430.2175880307336,9
2024-09-20 14:26:19.870000,430.18729150249806,103
2024-09-20 14:26:19.907000,430.2052285445923,9
2024-09-20 14:26:19.919000,430.1612088641093,98
2024-09-20 14:26:19.936000,430.1813509992188,102
2024-09-20 14:26:19.989000,430.1729005727959,995
2024-09-20 14:26:20.079000,430.13867114544513,1000
2024-09-20 14:26:20.520000,430.1252092715122,103
2024-09-20 14:26:20.856000,430.1261472743009,5
2024-09-20 14:26:20.931000,430.126863171449,1005
2024-09-20 14:26:21.210000,430.18087198850816,996
2024-09-20 14:26:21.231000,430.1617647997337,5
2024-09-20 14:26:21.359000,430.160297580183,12
2024-09-20 14:26:21.403000,430.1712658232185,1004
2024-09-20 14:26:21.404000,430.141191392302,15
2024-09-20 14:26:21.545000,430.180370055078,12
2024-09-20 14:26:21.605000,430.1217979275094,997
2024-09-20 14:26:21.750000,430.1650864639124,99
2024-09-20 14:26:21.779000,430.12367417405767,1005
2024-09-20 14:26:21.789000,430.1591324614173,102
2024-09-20 14:26:21.975000,430.14578877771055,103
2024-09-20 14:26:22.039000,430.1531236040461,12
2024-09-20 14:26:22.046000,430.1473326855663,13
2024-09-20 14:26:22.078000,430.1473979757512,95
2024-09-20 14:26:22.087000,430.1562207575705,15
2024-09-20 14:26:22.468000,430.103636926604,1001
2024-09-20 14:26:22.502000,430.146909805114,102
2024-09-20 14:26:22.510000,430.13507473665976,97
2024-09-20 14:26:22.511000,430.1463966614712,1002
2024-09-20 14:26:22.574000,430.12535897652015,8
2024-09-20 14:26:22.629000,430.1136771555029,998
2024-09-20 14:26:22.798000,430.102559532138,95
2024-09-20 14:26:22.806000,430.1552945699061,98
2024-09-20 14:26:22.807000,430.1121214329178,13
2024-09-20 14:26:22.976000,430.11902404696457,15
2024-09-20 14:26:23.155000,430.13452642159126,5
2024-09-20 14:26:23.552000,430.12467115434,9
2024-09-20 14:26:23.687000,430.1283149192831,101
2024-09-20 14:26:23.812000,430.1359883564019,1005
2024-09-20 14:26:23.884000,430.1400995817561,1003
2024-09-20 14:26:24.015000,430.14597010159633,6
2024-09-20 14:26:24.128000,430.1841276495232,105
2024-09-20 14:26:24.133000,430.1309830364472,5
2024-09-20 14:26:24.215000,430.1932124743018,1000
2024-09-20 14:26:24.277000,430.1455155362015,101
2024-09-20 14:26:24.330000,430.2348129867111,99
2024-09-20 14:26:24.363000,430.15353463538855,1002
2024-09-20 14:26:24.373000,430.1500347860864,15
2024-09-20 14:26:24.378000,430.1514270523049,102
2024-09-20 14:26:24.381000,430.1346571006293,101
2024-09-20 14:26:24.390000,430.21645013464416,1002
2024-09-20 14:26:24.447000,430.2119930622452,12
2024-09-20 14:26:24.449000,430.1501543373466,101
2024-09-20 14:26:24.464000,430.1496236385881,98
2024-09-20 14:26:24.465000,430.192477233661,5
2024-09-20 14:26:24.542000,430.1866078356105,1003
2024-09-20 14:26:24.552000,430.1564734010374,15
2024-09-20 14:26:24.572000,430.1404258740014,12
2024-09-20 14:26:24.581000,430.12100829184624,5
2024-09-20 14:26:24.632000,430.1263357577943,8
2024-09-20 14:26:24.669000,430.1520176220656,1005
2024-09-20 14:26:24.682000,430.1428530780576,1004
2024-09-20 14:26:24.743000,430.14452108434745,96
2024-09-20 14:26:24.758000,430.17462303441744,7
2024-09-20 14:26:24.824000,430.1842822314325,1003
2024-09-20 14:26:24.833000,430.1524434017323,998
2024-09-20 14:26:24.835000,430.1732911156933,101
2024-09-20 14:26:24.949000,430.17955041945567,7
2024-09-20 14:26:24.976000,430.2363091027831,998
2024-09-20 14:26:24.999000,430.1558101984183,1002
2024-09-20 14:26:25.007000,430.2431746953884,99
2024-09-20 14:26:25.017000,430.24866040043486,103
2024-09-20 14:26:25.034000,430.2507669281381,1000
2024-09-20 14:26:25.041000,430.2300441014618,101
2024-09-20 14:26:25.041000,430.2534388247685,999
2024-09-20 14:26:25.045000,430.22309432545165,8
2024-09-20 14:26:25.136000,430.22417276296767,1004
2024-09-20 14:26:25.180000,430.2317676135193,6
2024-09-20 14:26:25.290000,430.2291548714956,11
2024-09-20 14:26:25.366000,430.2516624557588,10
2024-09-20 14:26:25.369000,430.26565584451663,996
2024-09-20 14:26:25.419000,430.26363573271817,15
2024-09-20 14:26:25.422000,430.2545585708697,10
2024-09-20 14:26:25.429000,430.2509588164581,1005
2024-09-20 14:26:25.469000,430.2681267588456,95
2024-09-20 14:26:25.550000,430.27369419774806,998
2024-09-20 14:26:25.551000,430.262537757711,11
2024-09-20 14:26:25.575000,430.2138843963489,5
2024-09-20 14:26:25.629000,430.2740210987334,995
2024-09-20 14:26:25.675000,430.2457811304764,5
2024-09-20 14:26:25.714000,430.21531153846047,6
2024-09-20 14:26:25.716000,430.24109569254665,97
2024-09-20 14:26:25.741000,430.27236837532496,12
2024-09-20 14:26:25.799000,430.24117113992463,1002
2024-09-20 14:26:25.888000,430.2715378004531,11
2024-09-20 14:26:25.942000,430.2810592664208,15
2024-09-20 14:26:25.953000,430.2385263916603,1001
2024-09-20 14:26:25.978000,430.2530058565829,103
2024-09-20 14:26:25.979000,430.2442309901821,9
2024-09-20 14:26:25.989000,430.2196131461377,1002
2024-09-20 14:26:26.004000,430.2687759813302,997
2024-09-20 14:26:26.017000,430.2988604558481,1001
2024-09-20 14:26:26.072000,430.29960373189726,1004
2024-09-20 14:26:26.147000,430.34593035426985,999
2024-09-20 14:26:26.341000,430.27455676987626,11
2024-09-20 14:26:26.350000,430.27656325263575,7
2024-09-20 14:26:26.355000,430.2845571518656,100
2024-09-20 14:26:26.386000,430.2644431621207,1002
2024-09-20 14:26:26.526000,430.3141157754634,97
2024-09-20 14:26:26.542000,430.2838837847302,13
2024-09-20 14:26:26.581000,430.2561801762502,996
2024-09-20 14:26:26.602000,430.2718786508315,996
2024-09-20 14:26:26.725000,430.2749957375046,15
2024-09-20 14:26:26.750000,430.2983839286867,1000
2024-09-20 14:26:26.775000,430.258763742351,99
2024-09-20 14:26:26.830000,430.28673881170334,997
2024-09-20 14:26:26.880000,430.3296369359136,15
2024-09-20 14:26:26.882000,430.3210492496029,101
2024-09-20 14:26:26.895000,430.3385522170989,14
2024-09-20 14:26:26.912000,430.2766751843391,95
2024-09-20 14:26:26.924000,430.2706306660715,14
2024-09-20 14:26:26.966000,430.2965704186524,102
2024-09-20 14:26:26.995000,430.30245380316615,99
2024-09-20 14:26:28.022000,430.40727303920255,10
2024-09-20 14:26:28.041000,430.38704407444254,12
2024-09-20 14:26:28.206000,430.4116659512686,995
2024-09-20 14:26:28.356000,430.36388157134087,100
2024-09-20 14:26:28.527000,430.3377644003146,6
2024-09-20 14:26:28.696000,430.3328297308881,999
2024-09-20 14:26:28.747000,430.3867424013881,96
2024-09-20 14:26:28.753000,430.4138084129272,14
2024-09-20 14:26:28.813000,430.3849083981394,998
2024-09-20 14:26:28.917000,430.333858574404,101
2024-09-20 14:26:29.022000,430.4142374771186,1005
2024-09-20 14:26:29.115000,430.4039488389738,100
2024-09-20 14:26:29.138000,430.3585983689392,1003
2024-09-20 14:26:29.192000,430.37889937019617,1001
2024-09-20 14:26:29.256000,430.3943935408267,7
2024-09-20 14:26:29.268000,430.40056145559424,1004
2024-09-20 14:26:29.318000,430.4160747890373,96
2024-09-20 14:26:29.334000,430.3636503089136,7
2024-09-20 14:26:29.351000,430.410902578345,99
2024-09-20 14:26:29.429000,430.3833967412655,995
2024-09-20 14:26:29.450000,430.41549757676216,96
2024-09-20 14:26:29.535000,430.4042002596751,102
2024-09-20 14:26:29.629000,430.43160229456487,5
2024-09-20 14:26:29.757000,430.42152947358034,103
2024-09-20 14:26:29.782000,430.4239512161961,104
2024-09-20 14:26:29.857000,430.43021035953456,1001
2024-09-20 14:26:29.908000,430.39617368393215,13
2024-09-20 14:26:29.936000,430.4313046829436,103
2024-09-20 14:26:29.989000,430.40140984720097,5
2024-09-20 14:26:30.002000,430.3777056927115,1004
2024-09-20 14:26:30.012000,430.3579149022328,12
2024-09-20 14:26:30.027000,430.38281793383214,11
2024-09-20 14:26:30.100000,430.3676356748407,1000
2024-09-20 14:26:30.351000,430.3630082155447,10
2024-09-20 14:26:30.507000,430.3571713350946,103
2024-09-20 14:26:30.539000,430.3755645749299,102
2024-09-20 14:26:30.768000,430.3554162088952,13
2024-09-20 14:26:30.863000,430.3599666625959,6
2024-09-20 14:26:30.928000,430.3786174745104,1002
2024-09-20 14:26:30.996000,430.3528409163623,105
2024-09-20 14:26:31.051000,430.3671920444304,5
2024-09-20 14:26:31.119000,430.34403919820267,15
2024-09-20 14:26:31.168000,430.2865096864773,14
2024-09-20 14:26:31.257000,430.3025992188609,1002
2024-09-20 14:26:31.267000,430.37216887328447,103
2024-09-20 14:26:31.303000,430.3842549746015,998
2024-09-20 14:26:31.357000,430.339517236561,1003
2024-09-20 14:26:31.514000,430.3933028322005,10
2024-09-20 14:26:31.533000,430.32193049817744,1000
2024-09-20 14:26:31.540000,430.35030181504936,102
2024-09-20 14:26:31.696000,430.3515763996912,1000
2024-09-20 14:26:31.700000,430.3367887685795,1005
2024-09-20 14:26:31.715000,430.27874376911547,103
2024-09-20 14:26:31.721000,430.3093720912503,105
2024-09-20 14:26:31.731000,430.3812349168801,6
2024-09-20 14:26:31.850000,430.3688111065606,15
2024-09-20 14:26:31.863000,430.2799529164303,105
2024-09-20 14:26:31.880000,430.3566427206326,6
2024-09-20 14:26:31.885000,430.34829977468974,105
2024-09-20 14:26:31.893000,430.3732670056825,5
2024-09-20 14:26:31.903000,430.3079046529464,7
2024-09-20 14:26:31.922000,430.3295131348654,997
2024-09-20 14:26:31.976000,430.3432433160389,100
2024-09-20 14:26:32.092000,430.31250860332153,15
2024-09-20 14:26:32.731000,430.29752720279146,1001
2024-09-20 14:26:33.001000,430.2674772667158,95
2024-09-20 14:26:33.026000,430.33790859290326,5
2024-09-20 14:26:33.120000,430.3173158985738,99
2024-09-20 14:26:33.160000,430.26888132373097,7
2024-09-20 14:26:33.182000,430.3192016569615,5
2024-09-20 14:26:33.210000,430.3137641079343,5
2024-09-20 14:26:33.217000,430.2633420625925,1001
2024-09-20 14:26:33.230000,430.3392107925767,1004
2024-09-20 14:26:33.242000,430.3249750361244,96
2024-09-20 14:26:33.274000,430.2919196521781,9
2024-09-20 14:26:33.291000,430.2690212500111,14
2024-09-20 14:26:33.315000,430.2638342854103,97
2024-09-20 14:26:33.421000,430.2724601329525,10
2024-09-20 14:26:33.444000,430.3237178926495,105
2024-09-20 14:26:33.445000,430.26215136130753,1001
2024-09-20 14:26:33.457000,430.3085123641321,15
2024-09-20 14:26:33.479000,430.329775544043,14
2024-09-20 14:26:33.512000,430.3345493436938,98
2024-09-20 14:26:33.550000,430.334874446028,99
2024-09-20 14:26:33.553000,430.339621998938,97
2024-09-20 14:26:33.570000,430.282959533916,999
2024-09-20 14:26:33.640000,430.2775204366864,995
2024-09-20 14:26:33.707000,430.2903652729868,8
2024-09-20 14:26:33.711000,430.2775266651236,1003
2024-09-20 14:26:33.728000,430.32463090173457,11
2024-09-20 14:26:33.821000,430.3334783356866,99
2024-09-20 14:26:33.863000,430.3423283855344,105
2024-09-20 14:26:33.869000,430.2681621850394,104
2024-09-20 14:26:33.939000,430.33226438281633,102
2024-09-20 14:26:34.070000,430.301527556668,8
2024-09-20 14:26:34.076000,430.293771891933,99
2024-09-20 14:26:34.081000,430.29818207776384,98
2024-09-20 14:26:34.087000,430.2971451208249,1003
2024-09-20 14:26:34.310000,430.3116396947895,998
2024-09-20 14:26:34.382000,430.3028623776633,98
2024-09-20 14:26:34.428000,430.31592582150125,995
2024-09-20 14:26:34.488000,430.3183866440351,101
2024-09-20 14:26:34.579000,430.3233350162865,105
2024-09-20 14:26:34.675000,430.3117062062968,15
2024-09-20 14:26:34.784000,430.3105805644267,7
2024-09-20 14:26:34.811000,430.29835803185614,11
2024-09-20 14:26:34.849000,430.30683525209935,1001
2024-09-20 14:26:34.923000,430.3012245484163,1002
2024-09-20 14:26:34.930000,430.3152941265489,1001
2024-09-20 14:26:34.939000,430.30766789569856,101
2024-09-20 14:26:34.960000,430.315921158897,1004
2024-09-20 14:26:35.059000,430.2653955793752,1005
2024-09-20 14:26:35.192000,430.305770585328,100
2024-09-20 14:26:35.242000,430.3318335057869,6
2024-09-20 14:26:35.265000,430.26242700615967,100
2024-09-20 14:26:35.277000,430.2837563282456,6
2024-09-20 14:26:35.395000,430.2972436964077,96
2024-09-20 14:26:35.580000,430.3166427811972,15
2024-09-20 14:26:35.656000,430.303937689206,105
2024-09-20 14:26:35.671000,430.2670519323592,9
2024-09-20 14:26:35.886000,430.26436122879306,14
2024-09-20 14:26:35.950000,430.2706468374851,7
2024-09-20 14:26:35.959000,430.2400091666073,13
2024-09-20 14:26:36.014000,430.3334976022721,997
2024-09-20 14:26:36.035000,430.3338856880062,996
2024-09-20 14:26:36.078000,430.2990941538362,1002
2024-09-20 14:26:36.086000,430.31242856705927,14
2024-09-20 14:26:36.125000,430.3164485832938,1005
2024-09-20 14:26:36.148000,430.2827529847677,999
2024-09-20 14:26:36.245000,430.3195981805299,1004
2024-09-20 14:26:36.246000,430.2877724818186,1000
2024-09-20 14:26:36.304000,430.286485295692,1000
2024-09-20 14:26:36.329000,430.3139611879,995
2024-09-20 14:26:36.340000,430.3261885717372,7
2024-09-20 14:26:36.370000,430.30662356325513,999
2024-09-20 14:26:36.405000,430.2975895431383,1005
2024-09-20 14:26:36.457000,430.2976093088348,98
2024-09-20 14:26:36.466000,430.3293531076616,6
2024-09-20 14:26:36.487000,430.33893457602994,105
2024-09-20 14:26:36.491000,430.3262596126814,100
2024-09-20 14:26:36.551000,430.2846129257911,1001
2024-09-20 14:26:36.568000,430.3072484996028,998
2024-09-20 14:26:36.577000,430.3293168163853,5
2024-09-20 14:26:36.638000,430.31172801763785,1000
2024-09-20 14:26:36.665000,430.3026060556207,105
2024-09-20 14:26:36.736000,430.3129447717616,10
2024-09-20 14:26:36.782000,430.3316789148008,104
2024-09-20 14:26:36.825000,430.3229451363308,13
2024-09-20 14:26:36.874000,430.2984927910516,1001
2024-09-20 14:26:36.910000,430.32586812701794,1004
2024-09-20 14:26:36.956000,430.3205911008786,105
2024-09-20 14:26:37.087000,430.2701316319365,995
2024-09-20 14:26:37.111000,430.249983845286,15
2024-09-20 14:26:37.147000,430.3091829025393,11
2024-09-20 14:26:37.179000,430.2695864306966,7
2024-09-20 14:26:37.268000,430.2784494652375,15
2024-09-20 14:26:37.312000,430.26984993702393,105
2024-09-20 14:26:37.313000,430.265693298868,1004
2024-09-20 14:26:37.449000,430.27541181182505,95
2024-09-20 14:26:37.689000,430.2627247081921,99
2024-09-20 14:26:37.855000,430.2662952398738,1004
2024-09-20 14:26:38.027000,430.2784032074198,14
2024-09-20 14:26:38.062000,430.2373064289046,102
2024-09-20 14:26:38.126000,430.2818036667,13
2024-09-20 14:26:38.137000,430.2787894052731,10
2024-09-20 14:26:38.195000,430.2705541324079,95
2024-09-20 14:26:38.281000,430.2738994540438,104
2024-09-20 14:26:38.299000,430.2453128350816,14
2024-09-20 14:26:38.320000,430.2536995637266,999
2024-09-20 14:26:38.418000,430.2490265532675,9
2024-09-20 14:26:38.588000,430.2854101893131,100
2024-09-20 14:26:38.635000,430.259956018922,1005
2024-09-20 14:26:38.647000,430.26735015578873,1005
2024-09-20 14:26:38.700000,430.262039876858,1000
2024-09-20 14:26:38.720000,430.2772060033427,11
2024-09-20 14:26:38.827000,430.2800267448035,5
2024-09-20 14:26:38.917000,430.2747273662728,14
2024-09-20 14:26:38.943000,430.2792268378998,11
2024-09-20 14:26:38.980000,430.26575925555073,9
2024-09-20 14:26:38.990000,430.2847763986035,11
2024-09-20 14:26:39.205000,430.29754697137366,14
2024-09-20 14:26:39.464000,430.2808980323063,997
2024-09-20 14:26:39.581000,430.2584150149073,1003
2024-09-20 14:26:39.795000,430.2461717002978,105
2024-09-20 14:26:39.886000,430.2485823427946,7
2024-09-20 14:26:39.966000,430.28057211595154,96
2024-09-20 14:26:40.148000,430.17533913197633,103
2024-09-20 14:26:40.172000,430.1939148229627,10
2024-09-20 14:26:40.211000,430.2247684742155,103
2024-09-20 14:26:40.426000,430.202564925446,999
2024-09-20 14:26:40.591000,430.1878149441037,95
2024-09-20 14:26:40.695000,430.2400009051405,14
2024-09-20 14:26:40.731000,430.1893267289221,99
2024-09-20 14:26:40.816000,430.1810376647122,104
2024-09-20 14:26:40.890000,430.1877748309896,99
2024-09-20 14:26:40.986000,430.1845150654799,999
2024-09-20 14:26:41.006000,430.185324731217,96
2024-09-20 14:26:41.016000,430.1634289861156,12
2024-09-20 14:26:41.040000,430.1657436919008,1000
2024-09-20 14:26:41.113000,430.1706922966248,99
2024-09-20 14:26:41.130000,430.1720862100044,98
2024-09-20 14:26:41.258000,430.1957367290759,105
2024-09-20 14:26:41.311000,430.1513287433588,1002
2024-09-20 14:26:41.325000,430.1604950711355,13
2024-09-20 14:26:41.355000,430.1581741307275,105
2024-09-20 14:26:41.403000,430.16503133348255,996
2024-09-20 14:26:41.411000,430.1690794576377,995
2024-09-20 14:26:41.439000,430.2060401384021,103
2024-09-20 14:26:41.489000,430.1791631324312,98
2024-09-20 14:26:41.620000,430.18264256597047,101
2024-09-20 14:26:41.834000,430.18229981120186,101
2024-09-20 14:26:41.880000,430.180951195934,10
2024-09-20 14:26:42.007000,430.2227467355003,12
2024-09-20 14:26:42.046000,430.2107214779255,995
2024-09-20 14:26:42.078000,430.2229569752719,10
2024-09-20 14:26:42.134000,430.2236745218605,98
2024-09-20 14:26:42.176000,430.2217249893152,99
2024-09-20 14:26:42.219000,430.1965867272263,995
2024-09-20 14:26:42.241000,430.1754629793802,996
2024-09-20 14:26:42.273000,430.1722375952569,6
2024-09-20 14:26:42.281000,430.2268343308981,95
2024-09-20 14:26:42.348000,430.1994254996116,97
2024-09-20 14:26:42.400000,430.1522509268641,995
2024-09-20 14:26:42.507000,430.2405127735661,5
2024-09-20 14:26:42.526000,430.1940770499955,98
2024-09-20 14:26:42.535000,430.1803983306488,5
2024-09-20 14:26:42.592000,430.2009861712112,999
2024-09-20 14:26:42.668000,430.202079314952,997
2024-09-20 14:26:42.694000,430.18434456566456,98
2024-09-20 14:26:42.777000,430.1745240460681,100
2024-09-20 14:26:42.803000,430.1924422337133,1002
2024-09-20 14:26:42.814000,430.22474042842094,101
2024-09-20 14:26:42.831000,430.2079749596985,1002
2024-09-20 14:26:42.861000,430.1927352803884,104
2024-09-20 14:26:42.883000,430.2263061745662,99
2024-09-20 14:26:42.918000,430.1979228339616,100
2024-09-20 14:26:42.943000,430.2048860403916,102
2024-09-20 14:26:42.961000,430.1719330390566,97
2024-09-20 14:26:42.988000,430.1990093182262,1003
2024-09-20 14:26:43.112000,430.1891720816093,12
2024-09-20 14:26:43.149000,430.18011663578767,101
2024-09-20 14:26:43.155000,430.2052524452876,1000
2024-09-20 14:26:43.157000,430.1852509166556,102
2024-09-20 14:26:43.307000,430.1952535797329,1000
2024-09-20 14:26:43.368000,430.19035329011086,101
2024-09-20 14:26:43.372000,430.1793753597452,1000
2024-09-20 14:26:43.379000,430.1701823362533,9
2024-09-20 14:26:43.633000,430.1781985561827,7
2024-09-20 14:26:43.729000,430.1996727741644,8
2024-09-20 14:26:43.815000,430.1944230551682,103
2024-09-20 14:26:43.826000,430.17204254658617,6
2024-09-20 14:26:43.846000,430.1849860815404,7
2024-09-20 14:26:43.890000,430.1721052810044,995
2024-09-20 14:26:44.019000,430.1558144697608,995
2024-09-20 14:26:44.028000,430.15779622448105,996
2024-09-20 14:26:44.183000,430.1495629363554,96
2024-09-20 14:26:44.491000,430.13690386177024,1004
2024-09-20 14:26:44.497000,430.16465579913313,102
2024-09-20 14:26:44.791000,430.1642977285365,14
2024-09-20 14:26:44.903000,430.15079449191273,1003
2024-09-20 14:26:45.023000,430.16740255366494,95
2024-09-20 14:26:45.093000,430.1678667915969,999
2024-09-20 14:26:45.191000,430.13715196327377,8
2024-09-20 14:26:45.254000,430.1785976895643,105
2024-09-20 14:26:45.329000,430.1796615925754,7
2024-09-20 14:26:45.361000,430.1977290919788,100
2024-09-20 14:26:45.415000,430.127107488998,5
2024-09-20 14:26:45.441000,430.1226461124268,6
2024-09-20 14:26:45.446000,430.1581353201239,15
2024-09-20 14:26:45.582000,430.1696722428911,995
2024-09-20 14:26:45.583000,430.1508500435879,101
2024-09-20 14:26:45.587000,430.1544123606815,99
2024-09-20 14:26:45.620000,430.1465492017098,98
2024-09-20 14:26:45.666000,430.1722101622354,15
2024-09-20 14:26:45.697000,430.123152001677,995
2024-09-20 14:26:45.728000,430.18712513076525,12
2024-09-20 14:26:45.731000,430.14757949324814,14
2024-09-20 14:26:45.769000,430.1130380074643,11
2024-09-20 14:26:45.802000,430.1519946302356,13
2024-09-20 14:26:45.827000,430.1668266511749,998
2024-09-20 14:26:45.827000,430.1182421723993,8
2024-09-20 14:26:45.832000,430.193682894752,103
2024-09-20 14:26:45.833000,430.1957196525806,6
2024-09-20 14:26:45.868000,430.1478208315037,995
2024-09-20 14:26:45.888000,430.1397748352546,996
2024-09-20 14:26:45.944000,430.2017772783733,15
2024-09-20 14:26:45.946000,430.1553287598431,103
2024-09-20 14:26:45.958000,430.1716225889009,12
2024-09-20 14:26:46.180000,430.1627329356848,9
2024-09-20 14:26:46.250000,430.1654835449378,14
2024-09-20 14:26:46.267000,430.1681451588483,12
2024-09-20 14:26:46.381000,430.1284969044864,5
2024-09-20 14:26:46.409000,430.124841115593,997
2024-09-20 14:26:46.413000,430.12697715564633,99
2024-09-20 14:26:46.422000,430.11371680061904,1005
2024-09-20 14:26:46.533000,430.1832212042714,100
2024-09-20 14:26:46.542000,430.1054145968256,6
2024-09-20 14:26:46.553000,430.1068163434826,98
2024-09-20 14:26:46.559000,430.1667103257178,998
2024-09-20 14:26:46.581000,430.1555423972335,997
2024-09-20 14:26:46.628000,430.1464496915064,1003
2024-09-20 14:26:46.663000,430.1316058473628,14
2024-09-20 14:26:46.697000,430.16371613880193,998
2024-09-20 14:26:46.877000,430.1145005984673,7
2024-09-20 14:26:46.885000,430.1406437096247,999
2024-09-20 14:26:46.910000,430.14473484422473,103
2024-09-20 14:26:46.969000,430.16575048697786,100
2024-09-20 14:26:46.995000,430.14931070490405,8
2024-09-20 14:26:47.025000,430.17939469427193,95
2024-09-20 14:26:47.128000,430.1737658558269,97
2024-09-20 14:26:47.241000,430.1316766954308,103
2024-09-20 14:26:47.250000,430.1827541675972,105
2024-09-20 14:26:47.283000,430.1791446279544,1005
2024-09-20 14:26:47.298000,430.19142543310727,1002
2024-09-20 14:26:47.341000,430.16175979682725,1000
2024-09-20 14:26:47.344000,430.17315684821017,102
2024-09-20 14:26:47.388000,430.169527949458,6
2024-09-20 14:26:47.414000,430.1073865145119,99
2024-09-20 14:26:47.432000,430.1548253072684,98
2024-09-20 14:26:47.485000,430.21870451349577,1004
2024-09-20 14:26:47.509000,430.1676877868156,105
2024-09-20 14:26:47.515000,430.1605639559766,103
2024-09-20 14:26:47.531000,430.199089035701,999
2024-09-20 14:26:47.723000,430.1871749971356,100
2024-09-20 14:26:47.750000,430.15167914863326,12
2024-09-20 14:26:47.752000,430.1863115242404,1005
2024-09-20 14:26:47.760000,430.1138825700623,96
2024-09-20 14:26:47.850000,430.1819246277192,995
2024-09-20 14:26:47.862000,430.1874113533764,1001
2024-09-20 14:26:47.935000,430.1693595699121,1003
2024-09-20 14:26:48.120000,430.1879807721481,97
2024-09-20 14:26:48.174000,430.1905001608389,1004
2024-09-20 14:26:48.195000,430.2298447522509,1003
2024-09-20 14:26:48.265000,430.2232448608383,998
2024-09-20 14:26:48.310000,430.2180780441168,105
2024-09-20 14:26:48.403000,430.2300078179143,995
2024-09-20 14:26:48.606000,430.2067731683919,995
2024-09-20 14:26:48.645000,430.2251748319223,12
2024-09-20 14:26:48.663000,430.2229482795206,997
2024-09-20 14:26:48.884000,430.2122630649059,997
2024-09-20 14:26:48.943000,430.2029712359404,97
2024-09-20 14:26:48.949000,430.24013581918825,97
2024-09-20 14:26:49.013000,430.2296695939572,102
2024-09-20 14:26:49.033000,430.2910207046833,10
2024-09-20 14:26:49.124000,430.2676080290954,14
2024-09-20 14:26:49.136000,430.2307220727773,1000
2024-09-20 14:26:49.353000,430.2088154340788,104
2024-09-20 14:26:49.464000,430.2109832139963,98
2024-09-20 14:26:49.512000,430.2245861684162,1004
2024-09-20 14:26:49.525000,430.2639412924453,104
2024-09-20 14:26:49.594000,430.2640569367588,10
2024-09-20 14:26:49.603000,430.227934596679,995
2024-09-20 14:26:49.631000,430.2152492660079,1005
2024-09-20 14:26:49.660000,430.2341416398548,100
2024-09-20 14:26:49.739000,430.242543584478,12
2024-09-20 14:26:49.850000,430.2462210375948,1002
2024-09-20 14:26:49.869000,430.2320760982443,98
2024-09-20 14:26:49.893000,430.27105433818326,6
2024-09-20 14:26:50.029000,430.2644413092256,7
2024-09-20 14:26:50.036000,430.270287949586,103
2024-09-20 14:26:50.074000,430.3088368443709,104
2024-09-20 14:26:50.136000,430.36673471690193,11
2024-09-20 14:26:50.140000,430.393421508814,8
2024-09-20 14:26:50.155000,430.3029527622315,1003
2024-09-20 14:26:50.213000,430.3105045852882,8
2024-09-20 14:26:50.272000,430.30571755798593,102
2024-09-20 14:26:50.420000,430.2714602965015,103
2024-09-20 14:26:50.456000,430.31249025152096,997
2024-09-20 14:26:50.527000,430.2830339813385,1001
2024-09-20 14:26:50.623000,430.306574061709,997
2024-09-20 14:26:50.727000,430.3212497154309,14
2024-09-20 14:26:50.728000,430.2790258096162,1005
2024-09-20 14:26:50.768000,430.2978048058928,1003
2024-09-20 14:26:50.808000,430.3459695353957,998
2024-09-20 14:26:50.822000,430.3527701240056,98
2024-09-20 14:26:50.824000,430.2968020355888,12
2024-09-20 14:26:50.862000,430.3041007294254,6
2024-09-20 14:26:50.907000,430.3595071284536,11
2024-09-20 14:26:50.909000,430.3673553800173,15
2024-09-20 14:26:50.983000,430.332262087329,95
2024-09-20 14:26:50.987000,430.3055645027241,5
2024-09-20 14:26:50.998000,430.2860130429213,997
2024-09-20 14:26:51.063000,430.33676711027954,6
2024-09-20 14:26:51.513000,430.3214892570602,104
2024-09-20 14:26:51.717000,430.31682143721406,996
2024-09-20 14:26:52.003000,430.3771472075082,100
2024-09-20 14:26:52.027000,430.3737741343568,10
2024-09-20 14:26:52.040000,430.357109535281,14
2024-09-20 14:26:52.042000,430.3086132034607,995
2024-09-20 14:26:52.156000,430.3277124355584,1005
2024-09-20 14:26:52.195000,430.343193160762,1004
2024-09-20 14:26:52.207000,430.32632950178174,7
2024-09-20 14:26:52.234000,430.35633286125375,103
2024-09-20 14:26:52.279000,430.3276734237613,101
2024-09-20 14:26:52.318000,430.3518870979112,103
2024-09-20 14:26:52.342000,430.3526022378561,9
2024-09-20 14:26:52.344000,430.3581362482869,6
2024-09-20 14:26:52.377000,430.35160682730685,15
2024-09-20 14:26:52.583000,430.3615831171194,104
2024-09-20 14:26:52.677000,430.32787885595735,7
2024-09-20 14:26:52.681000,430.3710682002208,97
2024-09-20 14:26:52.726000,430.36920818565153,103
2024-09-20 14:26:52.789000,430.3175836596377,10
2024-09-20 14:26:52.892000,430.3682626973626,105
2024-09-20 14:26:52.910000,430.3572513415035,15
2024-09-20 14:26:52.937000,430.3507761894756,996
2024-09-20 14:26:52.971000,430.34730040773104,8
2024-09-20 14:26:53.164000,430.3740452787805,1004
2024-09-20 14:26:53.222000,430.3612175731556,1000
2024-09-20 14:26:53.272000,430.3843562985252,999
2024-09-20 14:26:53.369000,430.3763091599741,15
2024-09-20 14:26:53.384000,430.3679919355721,96
2024-09-20 14:26:53.648000,430.35633823349735,105
2024-09-20 14:26:53.754000,430.3633805071353,997
2024-09-20 14:26:53.808000,430.37051118566336,102
2024-09-20 14:26:54.035000,430.4076065911016,100
2024-09-20 14:26:54.473000,430.40692320154375,995
2024-09-20 14:26:54.477000,430.38470130933536,5
2024-09-20 14:26:54.539000,430.38216754200255,1005
2024-09-20 14:26:54.647000,430.3995476598771,15
2024-09-20 14:26:54.739000,430.409604651955,14
2024-09-20 14:26:54.758000,430.4073885817932,98
2024-09-20 14:26:54.810000,430.4077750666266,100
2024-09-20 14:26:55.021000,430.4104697471484,7
2024-09-20 14:26:55.208000,430.4143794785796,97
2024-09-20 14:26:55.223000,430.388507058954,8
2024-09-20 14:26:55.317000,430.41415516849975,104
2024-09-20 14:26:55.403000,430.407853271275,104
2024-09-20 14:26:55.453000,430.4225645152008,1003
2024-09-20 14:26:55.657000,430.39637835673807,104
2024-09-20 14:26:55.788000,430.4133618662387,995
2024-09-20 14:26:55.961000,430.40619106902216,100
2024-09-20 14:26:56.089000,430.4000771035371,104
2024-09-20 14:26:56.211000,430.4615446525119,8
2024-09-20 14:26:56.323000,430.4268628326489,100
2024-09-20 14:26:56.332000,430.44425344108936,14
2024-09-20 14:26:56.347000,430.4058441959757,100
2024-09-20 14:26:56.421000,430.4493335333409,101
2024-09-20 14:26:56.544000,430.4396865366882,14
2024-09-20 14:26:56.577000,430.4071392160442,1001
2024-09-20 14:26:56.729000,430.42752214858257,995
2024-09-20 14:26:56.930000,430.45552056282327,1001
2024-09-20 14:26:58.005000,430.45145095298426,103
2024-09-20 14:26:58.013000,430.4575177876242,96
2024-09-20 14:26:58.072000,430.4785102659147,6
2024-09-20 14:26:58.099000,430.451616073372,99
2024-09-20 14:26:58.165000,430.444879394615,96
2024-09-20 14:26:58.391000,430.4685527370049,998
2024-09-20 14:26:58.441000,430.4479860705807,9
2024-09-20 14:26:58.461000,430.46290701864575,8
2024-09-20 14:26:58.468000,430.4471124133238,6
2024-09-20 14:26:58.558000,430.4729486197557,99
2024-09-20 14:26:58.653000,430.46776384307697,10
2024-09-20 14:26:58.666000,430.4424960136499,8
2024-09-20 14:26:58.686000,430.4498452363172,104
2024-09-20 14:26:58.789000,430.4531030697293,8
2024-09-20 14:26:58.904000,430.4698234823748,6
2024-09-20 14:26:59.162000,430.49487710720416,999
2024-09-20 14:26:59.436000,430.492270057376,12
2024-09-20 14:26:59.603000,430.44434450691045,12
2024-09-20 14:26:59.646000,430.47186829163184,995
2024-09-20 14:26:59.805000,430.4631535343578,104
2024-09-20 14:26:59.819000,430.44212965959264,13
