Timestamp,Price,Size
2024-09-18 09:36:00.080000,407.9087976584166,1000
2024-09-18 09:36:00.129000,407.9026410617885,995
2024-09-18 09:36:00.217000,407.9029072878006,1000
2024-09-18 09:36:01.051000,407.9121908383658,8
2024-09-18 09:36:01.078000,407.83844061065696,1002
2024-09-18 09:36:01.079000,407.899060118074,1003
2024-09-18 09:36:01.112000,407.8859046586912,11
2024-09-18 09:36:01.366000,407.888444499848,99
2024-09-18 09:36:01.388000,407.8252692630799,100
2024-09-18 09:36:01.408000,407.8254934239136,100
2024-09-18 09:36:01.435000,407.7833240953795,105
2024-09-18 09:36:01.459000,407.788500382937,98
2024-09-18 09:36:01.530000,407.880885354008,95
2024-09-18 09:36:01.571000,407.9312202307303,100
2024-09-18 09:36:01.581000,407.895371295812,15
2024-09-18 09:36:01.592000,407.881931697967,1001
2024-09-18 09:36:01.631000,407.79313722826384,999
2024-09-18 09:36:01.648000,407.8777235493002,998
2024-09-18 09:36:01.657000,407.81649099897993,5
2024-09-18 09:36:01.707000,407.9089038764862,14
2024-09-18 09:36:01.727000,407.900301428748,102
2024-09-18 09:36:01.771000,407.8984284514249,15
2024-09-18 09:36:01.793000,407.8899522505298,99
2024-09-18 09:36:01.816000,407.865775067158,999
2024-09-18 09:36:01.865000,407.92360451016725,10
2024-09-18 09:36:01.875000,407.90489083743074,101
2024-09-18 09:36:01.939000,407.9019193165373,1000
2024-09-18 09:36:02.174000,407.79511534808097,1002
2024-09-18 09:36:03.055000,407.7935612502055,13
2024-09-18 09:36:03.290000,407.81731235868654,9
2024-09-18 09:36:03.293000,407.815811763742,10
2024-09-18 09:36:03.348000,407.797804046903,97
2024-09-18 09:36:03.425000,407.7856230748763,13
2024-09-18 09:36:03.620000,407.7992812127627,15
2024-09-18 09:36:03.666000,407.7843847181519,10
2024-09-18 09:36:03.801000,407.8227462680745,100
2024-09-18 09:36:03.833000,407.7857625797401,98
2024-09-18 09:36:03.852000,407.8029980109269,996
2024-09-18 09:36:03.852000,407.808597976624,998
2024-09-18 09:36:04.005000,407.8039482699255,997
2024-09-18 09:36:04.033000,407.8359794166519,997
2024-09-18 09:36:04.153000,407.83968141150655,13
2024-09-18 09:36:04.200000,407.83077981971087,998
2024-09-18 09:36:04.231000,407.841850311044,997
2024-09-18 09:36:04.283000,407.82827133454026,5
2024-09-18 09:36:04.296000,407.8368566514153,102
2024-09-18 09:36:04.307000,407.8127993368232,10
2024-09-18 09:36:04.355000,407.839129406116,98
2024-09-18 09:36:04.356000,407.80589864267466,12
2024-09-18 09:36:04.512000,407.824110593182,100
2024-09-18 09:36:04.515000,407.8007202124748,8
2024-09-18 09:36:04.584000,407.8196741453665,1000
2024-09-18 09:36:04.727000,407.8137852040526,99
2024-09-18 09:36:04.730000,407.8343415576391,1003
2024-09-18 09:36:04.757000,407.8249370973887,5
2024-09-18 09:36:04.783000,407.8393101618233,13
2024-09-18 09:36:04.891000,407.834721069707,997
2024-09-18 09:36:04.916000,407.82206816783935,999
2024-09-18 09:36:05.505000,407.8268504728811,95
2024-09-18 09:36:05.674000,407.8447342376887,1002
2024-09-18 09:36:05.718000,407.8220573758332,97
2024-09-18 09:36:05.920000,407.8438996398381,1005
2024-09-18 09:36:06.028000,407.84914244344696,6
2024-09-18 09:36:06.036000,407.868863204098,95
2024-09-18 09:36:06.038000,407.8728712988658,1004
2024-09-18 09:36:06.109000,407.8405409908385,7
2024-09-18 09:36:06.129000,407.8117958713162,12
2024-09-18 09:36:06.193000,407.8494819407704,14
2024-09-18 09:36:06.244000,407.8839661950954,10
2024-09-18 09:36:06.282000,407.85040439080535,8
2024-09-18 09:36:06.324000,407.8106211394847,1005
2024-09-18 09:36:06.326000,407.83121835208897,15
2024-09-18 09:36:06.335000,407.8299073850182,102
2024-09-18 09:36:06.337000,407.8323314451962,13
2024-09-18 09:36:06.416000,407.8618946203251,1002
2024-09-18 09:36:06.436000,407.8299439359863,7
2024-09-18 09:36:06.479000,407.8526101853058,1000
2024-09-18 09:36:06.517000,407.9000145025253,95
2024-09-18 09:36:06.524000,407.8451371176605,998
2024-09-18 09:36:06.550000,407.8342147888786,1002
2024-09-18 09:36:06.614000,407.8422509547112,1005
2024-09-18 09:36:06.656000,407.80855013379386,998
2024-09-18 09:36:06.671000,407.89035056614176,995
2024-09-18 09:36:06.711000,407.81659771783416,10
2024-09-18 09:36:06.714000,407.80769308321095,98
2024-09-18 09:36:06.770000,407.83517394953344,1004
2024-09-18 09:36:06.849000,407.898502898402,13
2024-09-18 09:36:06.929000,407.85321476339567,11
2024-09-18 09:36:06.973000,407.8699873216723,1001
2024-09-18 09:36:06.973000,407.8769175151132,104
2024-09-18 09:36:07.008000,407.8530210611208,7
2024-09-18 09:36:07.031000,407.8907883920475,98
2024-09-18 09:36:07.143000,407.8346827060362,996
2024-09-18 09:36:07.157000,407.8381232644804,7
2024-09-18 09:36:07.180000,407.8568254291844,1003
2024-09-18 09:36:07.225000,407.8702052302486,8
2024-09-18 09:36:07.261000,407.8397318182573,98
2024-09-18 09:36:07.279000,407.84570306318574,996
2024-09-18 09:36:07.308000,407.8714411387436,5
2024-09-18 09:36:07.311000,407.8782684112552,1002
2024-09-18 09:36:07.320000,407.8490843615261,97
2024-09-18 09:36:07.332000,407.84037720850256,103
2024-09-18 09:36:07.334000,407.8553522862106,1004
2024-09-18 09:36:07.364000,407.852820737381,13
2024-09-18 09:36:07.392000,407.8741114474981,1001
2024-09-18 09:36:07.414000,407.8273709405016,8
2024-09-18 09:36:07.482000,407.8589285841479,7
2024-09-18 09:36:07.633000,407.8409925375128,998
2024-09-18 09:36:07.662000,407.8607349174304,995
2024-09-18 09:36:07.693000,407.8394409810985,98
2024-09-18 09:36:07.700000,407.837644544912,6
2024-09-18 09:36:07.767000,407.83328603513263,105
2024-09-18 09:36:07.796000,407.8496519591694,103
2024-09-18 09:36:07.891000,407.8500744526021,1002
2024-09-18 09:36:07.933000,407.88729279095605,12
2024-09-18 09:36:07.936000,407.8414795059488,104
2024-09-18 09:36:07.938000,407.8484659378165,1003
2024-09-18 09:36:07.988000,407.8224769567653,10
2024-09-18 09:36:08.015000,407.8705474859737,999
2024-09-18 09:36:08.590000,407.8715021673389,1005
2024-09-18 09:36:08.858000,407.85839187321625,10
2024-09-18 09:36:09.093000,407.83292511990544,99
2024-09-18 09:36:09.156000,407.8513344603832,13
2024-09-18 09:36:09.346000,407.8391848074479,101
2024-09-18 09:36:09.381000,407.8244184061823,1004
2024-09-18 09:36:09.408000,407.8175596425949,95
2024-09-18 09:36:09.537000,407.8092626530497,1003
2024-09-18 09:36:09.565000,407.8022961947654,13
2024-09-18 09:36:09.616000,407.8388320065589,95
2024-09-18 09:36:09.636000,407.8382672939418,5
2024-09-18 09:36:09.656000,407.8207835678359,15
2024-09-18 09:36:09.723000,407.8053622931256,100
2024-09-18 09:36:09.752000,407.8374751989889,102
2024-09-18 09:36:09.782000,407.7924074026521,1003
2024-09-18 09:36:09.801000,407.8277147747193,1005
2024-09-18 09:36:10.286000,407.8081768208388,1005
2024-09-18 09:36:10.582000,407.786844652869,8
2024-09-18 09:36:11.017000,407.8097617673504,9
2024-09-18 09:36:11.044000,407.7901087589248,99
2024-09-18 09:36:11.093000,407.7911564148772,9
2024-09-18 09:36:11.138000,407.7704504282196,7
2024-09-18 09:36:11.221000,407.7649879196951,101
2024-09-18 09:36:11.291000,407.7962432067144,15
2024-09-18 09:36:11.320000,407.8208663711471,998
2024-09-18 09:36:11.323000,407.8088184988292,5
2024-09-18 09:36:11.433000,407.8321744535816,1000
2024-09-18 09:36:11.498000,407.8123941455475,95
2024-09-18 09:36:11.527000,407.8303056428034,12
2024-09-18 09:36:11.532000,407.8754612552596,11
2024-09-18 09:36:11.540000,407.85633969792224,10
2024-09-18 09:36:11.563000,407.8281854743623,101
2024-09-18 09:36:11.777000,407.7962375834849,11
2024-09-18 09:36:11.813000,407.8665725088635,996
2024-09-18 09:36:11.819000,407.79271234348687,14
2024-09-18 09:36:11.826000,407.87296443115895,99
2024-09-18 09:36:11.846000,407.7884864354701,102
2024-09-18 09:36:11.901000,407.80808871463313,995
2024-09-18 09:36:11.914000,407.8437199750756,96
2024-09-18 09:36:12.163000,407.8698620863879,1005
2024-09-18 09:36:12.243000,407.87231212708537,15
2024-09-18 09:36:12.292000,407.86087333108776,96
2024-09-18 09:36:12.490000,407.8767307481088,100
2024-09-18 09:36:12.529000,407.87718705319526,10
2024-09-18 09:36:12.552000,407.84500593951407,8
2024-09-18 09:36:12.562000,407.8343347312716,1005
2024-09-18 09:36:12.568000,407.8797068729983,104
2024-09-18 09:36:12.625000,407.8354900452769,999
2024-09-18 09:36:12.662000,407.8869697531945,10
2024-09-18 09:36:12.735000,407.85775501721344,96
2024-09-18 09:36:12.795000,407.8907923136747,104
2024-09-18 09:36:12.906000,407.8416379991938,15
2024-09-18 09:36:12.968000,407.8378620433622,9
2024-09-18 09:36:13.161000,407.87579057448727,104
2024-09-18 09:36:13.244000,407.8733958558317,102
2024-09-18 09:36:13.481000,407.88642485324704,1003
2024-09-18 09:36:13.515000,407.850809968025,97
2024-09-18 09:36:13.640000,407.8531885648478,996
2024-09-18 09:36:13.829000,407.8571113229533,1002
2024-09-18 09:36:13.866000,407.8783809479439,105
2024-09-18 09:36:14.019000,407.7944207466125,7
2024-09-18 09:36:14.053000,407.7829139038905,99
2024-09-18 09:36:14.082000,407.81564247362746,10
2024-09-18 09:36:14.310000,407.85041806990296,998
2024-09-18 09:36:14.355000,407.8479414749023,97
2024-09-18 09:36:14.373000,407.8529083604634,104
2024-09-18 09:36:14.483000,407.8670709859573,5
2024-09-18 09:36:14.504000,407.8297305515247,8
2024-09-18 09:36:14.913000,407.787629304176,97
2024-09-18 09:36:14.924000,407.8426453253754,101
2024-09-18 09:36:14.972000,407.80902854352496,1004
2024-09-18 09:36:15.050000,407.6437693627371,1004
2024-09-18 09:36:15.074000,407.68502848167134,15
2024-09-18 09:36:15.077000,407.65068822612807,999
2024-09-18 09:36:15.123000,407.73918894866034,98
2024-09-18 09:36:15.176000,407.63095500234834,996
2024-09-18 09:36:15.225000,407.6342841491065,104
2024-09-18 09:36:15.332000,407.7647800800888,102
2024-09-18 09:36:15.359000,407.7165541290555,7
2024-09-18 09:36:15.382000,407.7084645505719,9
2024-09-18 09:36:15.397000,407.7264102515822,1005
2024-09-18 09:36:15.435000,407.7936289284476,1000
2024-09-18 09:36:15.555000,407.7837400225289,1002
2024-09-18 09:36:15.626000,407.79320681682265,997
2024-09-18 09:36:15.702000,407.6683175516934,995
2024-09-18 09:36:15.719000,407.69409658061954,5
2024-09-18 09:36:15.762000,407.7626205322071,1003
2024-09-18 09:36:15.837000,407.7972530509045,9
2024-09-18 09:36:15.895000,407.7541506140719,6
2024-09-18 09:36:16.110000,407.6139158994621,102
2024-09-18 09:36:16.184000,407.6261130548902,102
2024-09-18 09:36:16.213000,407.6287382084204,11
2024-09-18 09:36:16.278000,407.622525325002,999
2024-09-18 09:36:16.325000,407.6203334928673,5
2024-09-18 09:36:16.397000,407.6264965882859,7
2024-09-18 09:36:16.917000,407.6368919393121,1005
2024-09-18 09:36:17.039000,407.54170287439024,1002
2024-09-18 09:36:17.057000,407.5980081865148,14
2024-09-18 09:36:17.151000,407.57623138334526,997
2024-09-18 09:36:17.215000,407.5603131966792,13
2024-09-18 09:36:17.245000,407.5343320879852,997
2024-09-18 09:36:17.310000,407.5008814752061,1001
2024-09-18 09:36:17.362000,407.6080549299083,997
2024-09-18 09:36:17.382000,407.5262098395469,1002
2024-09-18 09:36:17.446000,407.5858283836543,8
2024-09-18 09:36:17.469000,407.5370098009121,995
2024-09-18 09:36:17.483000,407.58821869670425,13
2024-09-18 09:36:17.529000,407.6275715672383,997
2024-09-18 09:36:17.531000,407.52374448532026,6
2024-09-18 09:36:17.563000,407.5748982314034,96
2024-09-18 09:36:17.691000,407.5969040434138,99
2024-09-18 09:36:17.704000,407.53123340128906,13
2024-09-18 09:36:17.710000,407.62343956031407,100
2024-09-18 09:36:17.782000,407.5657965710503,97
2024-09-18 09:36:17.799000,407.61381328808415,8
2024-09-18 09:36:17.800000,407.5812252558712,105
2024-09-18 09:36:17.824000,407.51638314525536,5
2024-09-18 09:36:17.894000,407.5884530435912,103
2024-09-18 09:36:17.948000,407.51160027340137,98
2024-09-18 09:36:17.955000,407.5960419841414,8
2024-09-18 09:36:17.985000,407.6274527383584,96
2024-09-18 09:36:18.002000,407.5614731536757,99
2024-09-18 09:36:18.069000,407.5865180259764,10
2024-09-18 09:36:18.082000,407.5668323566106,1002
2024-09-18 09:36:18.144000,407.54467489151193,1005
2024-09-18 09:36:18.236000,407.5294088241249,98
2024-09-18 09:36:18.315000,407.5580694718953,104
2024-09-18 09:36:18.351000,407.54861188072886,5
2024-09-18 09:36:18.433000,407.5459775473276,10
2024-09-18 09:36:18.436000,407.5187727587591,105
2024-09-18 09:36:18.465000,407.5638422451085,995
2024-09-18 09:36:18.472000,407.5487829547919,11
2024-09-18 09:36:18.490000,407.5748408290113,998
2024-09-18 09:36:18.508000,407.53444365465407,99
2024-09-18 09:36:18.650000,407.53591208342647,100
2024-09-18 09:36:18.825000,407.556953355864,95
2024-09-18 09:36:18.954000,407.50572739458806,102
2024-09-18 09:36:18.966000,407.5325551631298,1005
2024-09-18 09:36:19.126000,407.5518294551277,96
2024-09-18 09:36:19.166000,407.5524078478402,11
2024-09-18 09:36:19.202000,407.56364722366754,1003
2024-09-18 09:36:19.237000,407.5597208615506,12
2024-09-18 09:36:19.253000,407.5838355733326,995
2024-09-18 09:36:19.257000,407.5562352199647,7
2024-09-18 09:36:19.305000,407.57091919892446,1003
2024-09-18 09:36:19.321000,407.5766716494591,11
2024-09-18 09:36:19.367000,407.5748071605424,14
2024-09-18 09:36:19.432000,407.56100765564366,5
2024-09-18 09:36:19.446000,407.5686683576366,100
2024-09-18 09:36:19.514000,407.5801668504311,9
2024-09-18 09:36:19.521000,407.55686150425646,1004
2024-09-18 09:36:19.559000,407.5685530960001,11
2024-09-18 09:36:19.627000,407.565518781117,96
2024-09-18 09:36:19.783000,407.5916804259159,103
2024-09-18 09:36:19.803000,407.5792893553488,95
2024-09-18 09:36:19.877000,407.586043118384,1002
2024-09-18 09:36:19.961000,407.53784626781226,7
2024-09-18 09:36:20.064000,407.5469457401534,104
2024-09-18 09:36:20.538000,407.5152007747985,997
2024-09-18 09:36:20.931000,407.5319295632659,997
2024-09-18 09:36:20.995000,407.5250785390052,9
2024-09-18 09:36:21.029000,407.5409522177608,11
2024-09-18 09:36:21.042000,407.5023053452966,8
2024-09-18 09:36:21.061000,407.5303220073733,11
2024-09-18 09:36:21.066000,407.5236758268916,102
2024-09-18 09:36:21.121000,407.5300250504702,996
2024-09-18 09:36:21.124000,407.52518645970974,999
2024-09-18 09:36:21.206000,407.54086998337823,95
2024-09-18 09:36:21.232000,407.5272666300013,11
2024-09-18 09:36:21.282000,407.5085432215368,9
2024-09-18 09:36:21.315000,407.5356197770722,102
2024-09-18 09:36:21.340000,407.5192739376391,15
2024-09-18 09:36:21.472000,407.51964318367936,1000
2024-09-18 09:36:21.509000,407.511819693497,10
2024-09-18 09:36:21.576000,407.50155374500616,9
2024-09-18 09:36:21.619000,407.50100411183206,103
2024-09-18 09:36:21.679000,407.5046472053534,102
2024-09-18 09:36:21.797000,407.5139860040821,101
2024-09-18 09:36:21.878000,407.5127623057353,10
2024-09-18 09:36:21.937000,407.5053586479876,12
2024-09-18 09:36:21.956000,407.522229282118,95
2024-09-18 09:36:22.050000,407.50723820086336,10
2024-09-18 09:36:22.061000,407.5096366920397,11
2024-09-18 09:36:22.145000,407.47024596835104,102
2024-09-18 09:36:22.162000,407.486817475155,1004
2024-09-18 09:36:22.196000,407.453807499117,96
2024-09-18 09:36:22.233000,407.4813652526691,100
2024-09-18 09:36:22.245000,407.4707309285206,1005
2024-09-18 09:36:22.297000,407.5108816191274,998
2024-09-18 09:36:22.317000,407.46760191374926,11
2024-09-18 09:36:22.324000,407.4475625391992,10
2024-09-18 09:36:22.335000,407.4752039893699,998
2024-09-18 09:36:22.361000,407.5270765719441,6
2024-09-18 09:36:22.396000,407.44871399360665,6
2024-09-18 09:36:22.404000,407.4887609974199,96
2024-09-18 09:36:22.486000,407.4710979332869,6
2024-09-18 09:36:22.537000,407.51654653622654,103
2024-09-18 09:36:22.551000,407.5267109937348,9
2024-09-18 09:36:22.634000,407.4869273303763,999
2024-09-18 09:36:22.636000,407.46022204533216,99
2024-09-18 09:36:22.653000,407.5263192831596,1000
2024-09-18 09:36:22.671000,407.4603095732981,97
2024-09-18 09:36:22.702000,407.4885586683971,101
2024-09-18 09:36:22.799000,407.5089850242683,98
2024-09-18 09:36:22.818000,407.5055864777472,8
2024-09-18 09:36:22.884000,407.4523847053206,1004
2024-09-18 09:36:22.918000,407.4765751025899,1005
2024-09-18 09:36:23.098000,407.49153845299946,98
2024-09-18 09:36:23.125000,407.50838272783903,1005
2024-09-18 09:36:23.574000,407.4867709204912,5
2024-09-18 09:36:23.989000,407.5353939040625,98
2024-09-18 09:36:24.216000,407.5222657546087,11
2024-09-18 09:36:24.322000,407.4716128135592,6
2024-09-18 09:36:24.685000,407.4893106939734,1005
2024-09-18 09:36:24.969000,407.51573878582144,10
2024-09-18 09:36:25.050000,407.5630799898353,99
2024-09-18 09:36:25.069000,407.63665933136855,1005
2024-09-18 09:36:25.215000,407.6078733437056,997
2024-09-18 09:36:25.282000,407.5659642324911,1000
2024-09-18 09:36:25.290000,407.5543279754831,14
2024-09-18 09:36:25.314000,407.55840995408863,14
2024-09-18 09:36:25.516000,407.61861947020594,1004
2024-09-18 09:36:25.519000,407.5520902631565,999
2024-09-18 09:36:25.562000,407.6158229368775,997
2024-09-18 09:36:25.628000,407.59611882697953,13
2024-09-18 09:36:25.655000,407.6027651384736,96
2024-09-18 09:36:25.658000,407.5568367068579,5
2024-09-18 09:36:25.689000,407.6034382107197,1000
2024-09-18 09:36:25.746000,407.63909233337154,103
2024-09-18 09:36:25.749000,407.5748645465043,13
2024-09-18 09:36:25.851000,407.595608490224,103
2024-09-18 09:36:25.891000,407.634287023615,1005
2024-09-18 09:36:25.947000,407.552021574987,5
2024-09-18 09:36:26.035000,407.6283093310774,9
2024-09-18 09:36:26.039000,407.6152185004279,97
2024-09-18 09:36:26.062000,407.6329064475771,1003
2024-09-18 09:36:26.075000,407.6201332715381,101
2024-09-18 09:36:26.099000,407.6186519382125,1003
2024-09-18 09:36:26.108000,407.633789826925,15
2024-09-18 09:36:26.214000,407.62138244314514,103
2024-09-18 09:36:26.248000,407.6241360085425,1005
2024-09-18 09:36:26.261000,407.6362879334594,998
2024-09-18 09:36:26.306000,407.6166580152957,13
2024-09-18 09:36:26.339000,407.6112696008103,1005
2024-09-18 09:36:26.376000,407.63623182267366,7
2024-09-18 09:36:26.391000,407.6048431618247,996
2024-09-18 09:36:26.404000,407.6115292101005,97
2024-09-18 09:36:26.462000,407.6259649922204,14
2024-09-18 09:36:26.548000,407.615315707357,1001
2024-09-18 09:36:26.655000,407.608093902013,99
2024-09-18 09:36:26.673000,407.6317995878509,1001
2024-09-18 09:36:26.720000,407.61033015483736,95
2024-09-18 09:36:26.795000,407.62358529347466,995
2024-09-18 09:36:26.843000,407.6294694688664,1003
2024-09-18 09:36:26.845000,407.6095427162436,13
2024-09-18 09:36:26.845000,407.6376234792168,995
2024-09-18 09:36:26.893000,407.6146467015007,95
2024-09-18 09:36:26.919000,407.63758401265017,98
2024-09-18 09:36:26.958000,407.6150263010016,998
2024-09-18 09:36:26.960000,407.6115961689218,103
2024-09-18 09:36:26.985000,407.5896357388204,99
2024-09-18 09:36:27.342000,407.6076046901636,9
2024-09-18 09:36:27.415000,407.62984423529207,1003
2024-09-18 09:36:27.573000,407.6104393365162,1000
2024-09-18 09:36:27.601000,407.6105736973932,101
2024-09-18 09:36:27.729000,407.65185370850907,6
2024-09-18 09:36:27.843000,407.62496072607087,104
2024-09-18 09:36:27.898000,407.6178448173714,1004
2024-09-18 09:36:28.079000,407.59114154321617,1001
2024-09-18 09:36:28.091000,407.5700103421665,103
2024-09-18 09:36:28.138000,407.56200344670657,5
2024-09-18 09:36:28.147000,407.56952068537976,1001
2024-09-18 09:36:28.274000,407.5794036626891,9
2024-09-18 09:36:28.292000,407.5778697839911,1002
2024-09-18 09:36:28.379000,407.5497333733101,99
2024-09-18 09:36:28.402000,407.5944679495222,100
2024-09-18 09:36:28.435000,407.5738951709768,1001
2024-09-18 09:36:28.448000,407.5860162162242,95
2024-09-18 09:36:28.457000,407.555471492838,996
2024-09-18 09:36:28.462000,407.5866197345901,11
2024-09-18 09:36:28.545000,407.5680993540755,1000
2024-09-18 09:36:28.586000,407.5808563502753,8
2024-09-18 09:36:28.605000,407.57557676194153,8
2024-09-18 09:36:28.645000,407.5701971490506,12
2024-09-18 09:36:28.704000,407.6104304232442,1000
2024-09-18 09:36:28.786000,407.569587554772,1002
2024-09-18 09:36:28.819000,407.5788286353553,105
2024-09-18 09:36:28.936000,407.57884519754737,95
2024-09-18 09:36:29.003000,407.5851189125404,99
2024-09-18 09:36:29.108000,407.6098178054781,1000
2024-09-18 09:36:29.139000,407.5740459572255,15
2024-09-18 09:36:29.178000,407.5459626965098,103
2024-09-18 09:36:29.212000,407.6154550116127,8
2024-09-18 09:36:29.321000,407.54970989476055,997
2024-09-18 09:36:29.327000,407.5515676744544,14
2024-09-18 09:36:29.544000,407.5585114672775,1003
2024-09-18 09:36:29.576000,407.5613448459636,1003
2024-09-18 09:36:29.590000,407.6180818236458,105
2024-09-18 09:36:29.629000,407.53744692044137,13
2024-09-18 09:36:29.649000,407.58243054390016,102
2024-09-18 09:36:29.664000,407.5821639827588,995
2024-09-18 09:36:29.670000,407.547713082845,98
2024-09-18 09:36:29.868000,407.5427122139957,95
2024-09-18 09:36:29.893000,407.5436885802492,10
2024-09-18 09:36:29.936000,407.58419252754993,6
2024-09-18 09:36:30.381000,407.572299023476,1002
2024-09-18 09:36:30.888000,407.5887522259409,12
2024-09-18 09:36:31.434000,407.5931853774114,104
2024-09-18 09:36:31.591000,407.5855508263968,6
2024-09-18 09:36:31.686000,407.6086632468417,7
2024-09-18 09:36:32.076000,407.6251810178457,8
2024-09-18 09:36:32.123000,407.621490784006,997
2024-09-18 09:36:32.584000,407.6250848694138,102
2024-09-18 09:36:32.639000,407.6098071658477,97
2024-09-18 09:36:33.027000,407.6225640936749,12
2024-09-18 09:36:33.037000,407.6130851363074,1003
2024-09-18 09:36:33.100000,407.67163163615055,8
2024-09-18 09:36:33.105000,407.6955351044771,1004
2024-09-18 09:36:33.180000,407.6948919637397,12
2024-09-18 09:36:33.246000,407.6638608671848,104
2024-09-18 09:36:33.272000,407.6122382146602,101
2024-09-18 09:36:33.289000,407.6804553362842,1004
2024-09-18 09:36:33.306000,407.6783923190124,10
2024-09-18 09:36:33.313000,407.64033919742735,105
2024-09-18 09:36:33.323000,407.68056858184417,11
2024-09-18 09:36:33.324000,407.62187782575,1001
2024-09-18 09:36:33.356000,407.7156053019028,12
2024-09-18 09:36:33.406000,407.6994528964284,104
2024-09-18 09:36:33.409000,407.6716863610855,1000
2024-09-18 09:36:33.410000,407.6240636778202,997
2024-09-18 09:36:33.448000,407.6844432005728,13
2024-09-18 09:36:33.458000,407.7134484963664,8
2024-09-18 09:36:33.604000,407.6813978543525,103
2024-09-18 09:36:33.677000,407.6877592515133,995
2024-09-18 09:36:33.685000,407.6904017896722,102
2024-09-18 09:36:33.697000,407.6099755151311,10
2024-09-18 09:36:33.772000,407.66788676736047,101
2024-09-18 09:36:33.906000,407.70201080395776,1003
2024-09-18 09:36:33.935000,407.6944876341461,11
2024-09-18 09:36:33.946000,407.70319718733134,6
2024-09-18 09:36:33.975000,407.64303806373647,96
2024-09-18 09:36:33.989000,407.6533116690704,13
2024-09-18 09:36:33.991000,407.6433828245229,99
2024-09-18 09:36:34.018000,407.6414437515205,5
2024-09-18 09:36:34.030000,407.66173495822113,1005
2024-09-18 09:36:34.194000,407.6607286831602,1002
2024-09-18 09:36:34.206000,407.7159549954987,104
2024-09-18 09:36:34.298000,407.6492212255046,96
2024-09-18 09:36:34.344000,407.6933038735557,99
2024-09-18 09:36:34.398000,407.6765188135758,8
2024-09-18 09:36:34.484000,407.68962150118,9
2024-09-18 09:36:34.494000,407.6959434782499,996
2024-09-18 09:36:34.506000,407.7227513574728,1003
2024-09-18 09:36:34.514000,407.6641789598482,101
2024-09-18 09:36:34.748000,407.702403700136,8
2024-09-18 09:36:34.863000,407.6615636128623,9
2024-09-18 09:36:34.913000,407.7119750322337,6
2024-09-18 09:36:35.263000,407.6370006870529,996
2024-09-18 09:36:35.460000,407.6338888607496,995
2024-09-18 09:36:35.683000,407.6622426216462,12
2024-09-18 09:36:35.834000,407.6517318258672,6
2024-09-18 09:36:35.846000,407.6632239443952,101
2024-09-18 09:36:36.027000,407.65156659395205,10
2024-09-18 09:36:36.030000,407.59504123326775,1003
2024-09-18 09:36:36.037000,407.6157819001897,100
2024-09-18 09:36:36.072000,407.59997447987297,10
2024-09-18 09:36:36.183000,407.6285225405716,96
2024-09-18 09:36:36.203000,407.575745229796,105
2024-09-18 09:36:36.210000,407.5834527817658,999
2024-09-18 09:36:36.237000,407.5908920961599,98
2024-09-18 09:36:36.247000,407.5966132462885,13
2024-09-18 09:36:36.348000,407.6145077035155,101
2024-09-18 09:36:36.422000,407.6009517223496,1004
2024-09-18 09:36:36.468000,407.5827409648945,1004
2024-09-18 09:36:36.594000,407.6022000862678,96
2024-09-18 09:36:36.632000,407.6295544807657,996
2024-09-18 09:36:36.725000,407.5986192166534,997
2024-09-18 09:36:36.726000,407.6190954363162,999
2024-09-18 09:36:36.756000,407.5778042159877,1002
2024-09-18 09:36:36.766000,407.6060183871707,102
2024-09-18 09:36:36.779000,407.5781860693395,102
2024-09-18 09:36:36.793000,407.63318095962734,1004
2024-09-18 09:36:36.851000,407.5940029613632,101
2024-09-18 09:36:36.859000,407.5880704395247,96
2024-09-18 09:36:36.863000,407.6346886698971,1001
2024-09-18 09:36:36.887000,407.5851073106565,999
2024-09-18 09:36:36.888000,407.5938079056502,95
2024-09-18 09:36:36.963000,407.6044648883705,995
2024-09-18 09:36:37.017000,407.53566253389135,13
2024-09-18 09:36:37.024000,407.5683139184304,999
2024-09-18 09:36:37.112000,407.5901742253681,13
2024-09-18 09:36:37.121000,407.58462665350265,1000
2024-09-18 09:36:37.383000,407.5657309063693,1001
2024-09-18 09:36:37.535000,407.5730849489792,995
2024-09-18 09:36:37.567000,407.571887243952,5
2024-09-18 09:36:37.593000,407.5694094668126,9
2024-09-18 09:36:37.636000,407.6126739477692,1004
2024-09-18 09:36:37.660000,407.594017270961,1005
2024-09-18 09:36:37.712000,407.5355536552917,95
2024-09-18 09:36:37.748000,407.5937828176438,996
2024-09-18 09:36:37.749000,407.607642055569,995
2024-09-18 09:36:37.759000,407.5992389265177,11
2024-09-18 09:36:37.779000,407.59201536967765,10
2024-09-18 09:36:37.814000,407.5665199317469,1005
2024-09-18 09:36:37.865000,407.6026200082585,6
2024-09-18 09:36:37.880000,407.5663684804997,995
2024-09-18 09:36:37.980000,407.6108438661139,95
2024-09-18 09:36:38.074000,407.5338500764798,6
2024-09-18 09:36:38.142000,407.5441092695623,5
2024-09-18 09:36:38.235000,407.51759758087337,103
2024-09-18 09:36:38.342000,407.5462725965721,1005
2024-09-18 09:36:38.362000,407.52493986732907,102
2024-09-18 09:36:38.477000,407.5113329257185,6
2024-09-18 09:36:38.488000,407.5325155146057,1003
2024-09-18 09:36:38.579000,407.528245345868,1005
2024-09-18 09:36:38.627000,407.5078119280628,5
2024-09-18 09:36:38.779000,407.52745153989576,997
2024-09-18 09:36:38.784000,407.5380943655819,95
2024-09-18 09:36:38.855000,407.5226006503005,95
2024-09-18 09:36:38.932000,407.5386247016912,995
2024-09-18 09:36:38.935000,407.5453120457621,96
2024-09-18 09:36:38.986000,407.5408353028726,12
2024-09-18 09:36:39.165000,407.500811425504,1003
2024-09-18 09:36:39.167000,407.5235856834005,13
2024-09-18 09:36:39.325000,407.522339958924,1005
2024-09-18 09:36:39.345000,407.5404029262659,999
2024-09-18 09:36:39.346000,407.5158842388759,15
2024-09-18 09:36:39.437000,407.5403029844305,98
2024-09-18 09:36:39.439000,407.5188664486057,103
2024-09-18 09:36:39.444000,407.5262823350489,104
2024-09-18 09:36:39.577000,407.5261437571115,9
2024-09-18 09:36:39.692000,407.5224911410551,1003
2024-09-18 09:36:39.814000,407.5501835358973,1003
2024-09-18 09:36:40.082000,407.4934178082316,1000
2024-09-18 09:36:40.177000,407.5142195160698,104
2024-09-18 09:36:40.184000,407.54220088960767,105
2024-09-18 09:36:40.253000,407.52479481666217,995
2024-09-18 09:36:40.299000,407.5283561567826,15
2024-09-18 09:36:40.312000,407.517683906985,102
2024-09-18 09:36:40.321000,407.5182877487276,1000
2024-09-18 09:36:40.351000,407.4794108241279,15
2024-09-18 09:36:40.409000,407.5159301458637,997
2024-09-18 09:36:40.496000,407.5189676450596,10
2024-09-18 09:36:40.565000,407.4730612151689,11
2024-09-18 09:36:40.640000,407.52472546116417,998
2024-09-18 09:36:40.786000,407.5151333133661,14
2024-09-18 09:36:41.033000,407.4786924941237,97
2024-09-18 09:36:41.037000,407.5079143827072,996
2024-09-18 09:36:41.119000,407.4813077870753,102
2024-09-18 09:36:41.273000,407.4882272765993,997
2024-09-18 09:36:41.333000,407.4851610239972,1003
2024-09-18 09:36:41.340000,407.490600670759,11
2024-09-18 09:36:41.377000,407.5039395686238,1002
2024-09-18 09:36:41.384000,407.488539560576,103
2024-09-18 09:36:41.512000,407.5026255217346,14
2024-09-18 09:36:41.556000,407.49360428278,97
2024-09-18 09:36:41.675000,407.4925310784203,104
2024-09-18 09:36:41.727000,407.4943024453528,15
2024-09-18 09:36:41.868000,407.5163717857629,1005
2024-09-18 09:36:41.879000,407.48913020685137,997
2024-09-18 09:36:42.013000,407.4356909915463,1003
2024-09-18 09:36:42.020000,407.4247509670321,101
2024-09-18 09:36:42.096000,407.4571010008052,99
2024-09-18 09:36:42.123000,407.4339678798186,98
2024-09-18 09:36:42.151000,407.4345760041047,1002
2024-09-18 09:36:42.240000,407.5045954452636,9
2024-09-18 09:36:42.261000,407.4595051374226,15
2024-09-18 09:36:42.297000,407.42386179786064,8
2024-09-18 09:36:42.358000,407.430135675999,103
2024-09-18 09:36:42.377000,407.4410769367059,101
2024-09-18 09:36:42.446000,407.4955441936103,998
2024-09-18 09:36:42.480000,407.44844321954434,99
2024-09-18 09:36:42.499000,407.4500684510148,105
2024-09-18 09:36:42.544000,407.4329105510296,998
2024-09-18 09:36:42.579000,407.46205401131766,6
2024-09-18 09:36:42.671000,407.4520248648441,995
2024-09-18 09:36:42.675000,407.4499608752032,5
2024-09-18 09:36:42.803000,407.4737798020118,96
2024-09-18 09:36:42.807000,407.435019833329,1002
2024-09-18 09:36:42.880000,407.4205790686133,996
2024-09-18 09:36:42.890000,407.4199127971168,101
2024-09-18 09:36:42.915000,407.4203748528825,97
2024-09-18 09:36:42.961000,407.4486618870927,8
2024-09-18 09:36:42.986000,407.44784029443207,5
2024-09-18 09:36:42.994000,407.4345906954362,10
2024-09-18 09:36:43.048000,407.4797071229305,1000
2024-09-18 09:36:43.124000,407.4447321272772,999
2024-09-18 09:36:43.229000,407.5075826888153,1002
2024-09-18 09:36:43.253000,407.4564326041803,101
2024-09-18 09:36:43.308000,407.451284600227,13
2024-09-18 09:36:43.378000,407.5016501019335,97
2024-09-18 09:36:43.390000,407.4994553630892,11
2024-09-18 09:36:43.429000,407.4970897178472,1001
2024-09-18 09:36:43.436000,407.476225088362,1005
2024-09-18 09:36:43.488000,407.4510978413343,1005
2024-09-18 09:36:43.496000,407.44862362910897,105
2024-09-18 09:36:43.501000,407.4625484554556,103
2024-09-18 09:36:43.591000,407.4697430866945,12
2024-09-18 09:36:43.667000,407.5009383716143,104
2024-09-18 09:36:43.678000,407.45829296096144,10
2024-09-18 09:36:43.683000,407.50137900659087,1000
2024-09-18 09:36:43.716000,407.5035103617376,1001
2024-09-18 09:36:43.728000,407.4404817926941,97
2024-09-18 09:36:43.871000,407.4907311979462,103
2024-09-18 09:36:43.926000,407.4464299604356,1001
2024-09-18 09:36:44.145000,407.48171983749216,14
2024-09-18 09:36:44.161000,407.5147968043681,102
2024-09-18 09:36:44.162000,407.5145197884116,995
2024-09-18 09:36:44.188000,407.4926482244599,1000
2024-09-18 09:36:44.249000,407.46917969832543,997
2024-09-18 09:36:44.272000,407.4900236892685,101
2024-09-18 09:36:44.280000,407.46761088610543,14
2024-09-18 09:36:44.315000,407.4779073627557,1000
2024-09-18 09:36:44.316000,407.4667495577108,100
2024-09-18 09:36:44.358000,407.4930112184955,100
2024-09-18 09:36:44.389000,407.4582685305971,99
2024-09-18 09:36:44.651000,407.4759308228521,9
2024-09-18 09:36:44.670000,407.4875100499057,95
2024-09-18 09:36:44.694000,407.4761111468838,999
2024-09-18 09:36:44.771000,407.4896347402184,101
2024-09-18 09:36:44.774000,407.4916050073639,1000
2024-09-18 09:36:44.787000,407.50248763195566,1003
2024-09-18 09:36:44.841000,407.4760272329348,995
2024-09-18 09:36:44.860000,407.4690970948404,104
2024-09-18 09:36:44.876000,407.4591979537088,11
2024-09-18 09:36:44.881000,407.4594100384735,95
2024-09-18 09:36:44.965000,407.477942495989,97
2024-09-18 09:36:44.997000,407.4799983777509,998
2024-09-18 09:36:45.294000,407.4704537996031,10
2024-09-18 09:36:45.720000,407.46036689432833,101
2024-09-18 09:36:45.937000,407.4587050922584,6
2024-09-18 09:36:46.073000,407.4738359218117,997
2024-09-18 09:36:46.089000,407.46626496459874,98
2024-09-18 09:36:46.109000,407.4851568949783,15
2024-09-18 09:36:46.137000,407.4954926237779,1000
2024-09-18 09:36:46.176000,407.48215048825887,98
2024-09-18 09:36:46.239000,407.5120661152345,103
2024-09-18 09:36:46.531000,407.4690767475338,1005
2024-09-18 09:36:46.676000,407.45656485539615,10
2024-09-18 09:36:46.778000,407.4826995292081,12
2024-09-18 09:36:46.780000,407.4805390579285,1001
2024-09-18 09:36:47.099000,407.5057425764759,6
2024-09-18 09:36:47.105000,407.5091842909407,15
2024-09-18 09:36:47.106000,407.5359527795773,998
2024-09-18 09:36:47.190000,407.55702605362814,995
2024-09-18 09:36:47.244000,407.513283450078,1001
2024-09-18 09:36:47.263000,407.5641045995095,7
2024-09-18 09:36:47.275000,407.5358738934684,97
2024-09-18 09:36:47.309000,407.54332830220113,7
2024-09-18 09:36:47.318000,407.5102236754093,997
2024-09-18 09:36:47.330000,407.54629869935,101
2024-09-18 09:36:47.508000,407.508963751259,998
2024-09-18 09:36:47.523000,407.5392062139669,96
2024-09-18 09:36:47.613000,407.5432305846285,96
2024-09-18 09:36:47.691000,407.50854080063806,6
2024-09-18 09:36:47.741000,407.5522598869662,1005
2024-09-18 09:36:47.752000,407.5662008210917,15
2024-09-18 09:36:47.825000,407.4956550119245,102
2024-09-18 09:36:47.996000,407.5478043336348,1003
2024-09-18 09:36:48.001000,407.5087081468965,96
2024-09-18 09:36:48.060000,407.5531130643159,14
2024-09-18 09:36:48.082000,407.4962969463828,1005
2024-09-18 09:36:48.137000,407.4402587834487,103
2024-09-18 09:36:48.157000,407.4876018238911,105
2024-09-18 09:36:48.271000,407.5626087499716,14
2024-09-18 09:36:48.382000,407.548578200936,10
2024-09-18 09:36:48.404000,407.4766944019371,102
2024-09-18 09:36:48.435000,407.4602698855082,100
2024-09-18 09:36:48.556000,407.5294575642422,998
2024-09-18 09:36:48.599000,407.46819288572414,996
2024-09-18 09:36:48.604000,407.45926186854285,13
2024-09-18 09:36:48.655000,407.4691420006345,996
2024-09-18 09:36:48.667000,407.4493026589683,95
2024-09-18 09:36:48.742000,407.4771439279615,11
2024-09-18 09:36:48.774000,407.4348113212804,996
2024-09-18 09:36:48.781000,407.45764233121633,8
2024-09-18 09:36:48.802000,407.4869432898716,996
2024-09-18 09:36:48.831000,407.4915517817479,13
2024-09-18 09:36:48.880000,407.4545658196793,104
2024-09-18 09:36:48.883000,407.5022171226724,104
2024-09-18 09:36:48.902000,407.473176896757,5
2024-09-18 09:36:48.948000,407.5550960697181,10
2024-09-18 09:36:49.111000,407.43467230061526,1002
2024-09-18 09:36:49.192000,407.40922991646073,97
2024-09-18 09:36:49.193000,407.4424238498848,103
2024-09-18 09:36:49.230000,407.44846871636366,15
2024-09-18 09:36:49.278000,407.435791577937,14
2024-09-18 09:36:49.402000,407.43081217522206,98
2024-09-18 09:36:49.438000,407.44301533076606,1002
2024-09-18 09:36:49.453000,407.4385833912104,101
2024-09-18 09:36:49.507000,407.44970447072615,10
2024-09-18 09:36:49.558000,407.39827116720966,102
2024-09-18 09:36:49.666000,407.4402234538163,1005
2024-09-18 09:36:49.675000,407.4338911502882,95
2024-09-18 09:36:49.868000,407.4201198051098,1001
2024-09-18 09:36:49.893000,407.44127819456605,14
2024-09-18 09:36:49.938000,407.4311680136476,1002
2024-09-18 09:36:49.968000,407.4190457479269,96
2024-09-18 09:36:49.992000,407.41227188217147,105
2024-09-18 09:36:49.999000,407.4009348780997,996
2024-09-18 09:36:50.035000,407.4336380866479,13
2024-09-18 09:36:50.163000,407.43094882086206,96
2024-09-18 09:36:50.210000,407.3629105858773,13
2024-09-18 09:36:50.239000,407.4054459073606,1000
2024-09-18 09:36:50.280000,407.43694618627353,103
2024-09-18 09:36:50.354000,407.47073903858086,105
2024-09-18 09:36:50.370000,407.4136319553685,996
2024-09-18 09:36:50.399000,407.4576536601928,104
2024-09-18 09:36:50.438000,407.4465540268486,8
2024-09-18 09:36:50.572000,407.42620326039406,1000
2024-09-18 09:36:50.580000,407.4288912579363,15
2024-09-18 09:36:50.606000,407.4235549668154,996
2024-09-18 09:36:50.620000,407.3706066933244,14
2024-09-18 09:36:50.621000,407.4212098990353,997
2024-09-18 09:36:50.630000,407.4275938452207,12
2024-09-18 09:36:50.633000,407.4043949349491,101
2024-09-18 09:36:50.700000,407.41532945173856,1004
2024-09-18 09:36:50.735000,407.401357248326,5
2024-09-18 09:36:50.766000,407.425211448732,9
2024-09-18 09:36:50.825000,407.449601298943,100
2024-09-18 09:36:50.858000,407.40106964518816,13
2024-09-18 09:36:50.862000,407.4125532293383,99
2024-09-18 09:36:50.865000,407.4501268670704,5
2024-09-18 09:36:50.897000,407.4303280243741,1000
2024-09-18 09:36:50.978000,407.42990264086137,102
2024-09-18 09:36:51.066000,407.38952449212223,1004
2024-09-18 09:36:51.141000,407.3926510209384,104
2024-09-18 09:36:51.150000,407.3803958878915,95
2024-09-18 09:36:51.405000,407.3704018777363,15
2024-09-18 09:36:51.579000,407.3724450175866,11
2024-09-18 09:36:51.796000,407.3991467430807,10
2024-09-18 09:36:51.880000,407.3641560442508,999
2024-09-18 09:36:52.090000,407.43755300386846,1003
2024-09-18 09:36:52.157000,407.47074092495336,102
2024-09-18 09:36:52.191000,407.4611415522584,97
2024-09-18 09:36:52.221000,407.4672507451295,12
2024-09-18 09:36:52.421000,407.466898204476,10
2024-09-18 09:36:52.525000,407.4762935687838,1000
2024-09-18 09:36:52.561000,407.3996525044663,996
2024-09-18 09:36:52.578000,407.4057927647576,96
2024-09-18 09:36:52.761000,407.4367516061064,1004
2024-09-18 09:36:53.005000,407.4756826951979,7
2024-09-18 09:36:53.100000,407.4495378695431,999
2024-09-18 09:36:53.170000,407.44745687076494,996
2024-09-18 09:36:53.217000,407.4490297174579,104
2024-09-18 09:36:53.230000,407.4793460604676,9
2024-09-18 09:36:53.289000,407.45136458785976,104
2024-09-18 09:36:53.343000,407.4366801200926,12
2024-09-18 09:36:53.356000,407.4357681510232,7
2024-09-18 09:36:53.371000,407.4380261336421,101
2024-09-18 09:36:53.385000,407.44604201058655,14
2024-09-18 09:36:53.472000,407.4554128554696,998
2024-09-18 09:36:53.484000,407.4803062401033,14
2024-09-18 09:36:53.486000,407.4578349315793,5
2024-09-18 09:36:53.510000,407.4527712489708,103
2024-09-18 09:36:53.524000,407.447922101618,14
2024-09-18 09:36:53.537000,407.43425751826345,101
2024-09-18 09:36:53.627000,407.46404259705264,13
2024-09-18 09:36:53.650000,407.4388210563152,7
2024-09-18 09:36:53.658000,407.455475953452,8
2024-09-18 09:36:53.838000,407.4375526873553,5
2024-09-18 09:36:53.851000,407.426489032884,99
2024-09-18 09:36:53.860000,407.4283225743908,103
2024-09-18 09:36:53.892000,407.43338039890295,13
2024-09-18 09:36:53.917000,407.4510732848864,7
2024-09-18 09:36:53.946000,407.4343977662844,1003
2024-09-18 09:36:53.989000,407.4239078505364,103
2024-09-18 09:36:54.119000,407.4477763301265,98
2024-09-18 09:36:54.526000,407.453555902341,5
2024-09-18 09:36:54.558000,407.4629633263712,11
2024-09-18 09:36:55.019000,407.39989891414814,7
2024-09-18 09:36:55.084000,407.4198904015012,995
2024-09-18 09:36:55.160000,407.4342631656722,15
2024-09-18 09:36:55.206000,407.4222035015051,96
2024-09-18 09:36:55.231000,407.4514950784477,5
2024-09-18 09:36:55.255000,407.4391604206246,8
2024-09-18 09:36:55.346000,407.4466036973031,1003
2024-09-18 09:36:55.517000,407.4438341240667,95
2024-09-18 09:36:55.525000,407.3979789831608,9
2024-09-18 09:36:55.568000,407.4422389728557,996
2024-09-18 09:36:55.613000,407.419128558268,998
2024-09-18 09:36:55.788000,407.42392065267865,99
2024-09-18 09:36:55.815000,407.4217398150056,97
2024-09-18 09:36:55.879000,407.4034672097529,103
2024-09-18 09:36:55.963000,407.4262391698186,95
2024-09-18 09:36:56.031000,407.406277231104,998
2024-09-18 09:36:56.033000,407.4269486630998,998
2024-09-18 09:36:56.067000,407.4091031200531,1003
2024-09-18 09:36:56.111000,407.42951508371806,99
2024-09-18 09:36:56.165000,407.4269498500264,98
2024-09-18 09:36:56.176000,407.4287249791236,1002
2024-09-18 09:36:56.251000,407.401812443382,10
2024-09-18 09:36:56.299000,407.4289358569628,1002
2024-09-18 09:36:56.339000,407.42768927574457,995
2024-09-18 09:36:56.398000,407.4242402335617,10
2024-09-18 09:36:56.412000,407.421630340435,100
2024-09-18 09:36:56.443000,407.4249626163436,14
2024-09-18 09:36:56.443000,407.4210590506849,1004
2024-09-18 09:36:56.622000,407.43504985951006,12
2024-09-18 09:36:56.641000,407.424431850025,6
2024-09-18 09:36:56.649000,407.4359175584132,1002
2024-09-18 09:36:56.672000,407.42331186808207,1002
2024-09-18 09:36:56.729000,407.4374068496292,97
2024-09-18 09:36:56.745000,407.4381541463345,5
2024-09-18 09:36:56.800000,407.4235777918029,13
2024-09-18 09:36:56.878000,407.4428955803816,1004
2024-09-18 09:36:56.929000,407.4019909258132,1002
2024-09-18 09:36:56.943000,407.4109352973069,1004
2024-09-18 09:36:56.987000,407.4121093430759,1004
2024-09-18 09:36:57.167000,407.42339574169625,997
2024-09-18 09:36:57.752000,407.4307511078746,102
2024-09-18 09:36:58.036000,407.4006411371183,998
2024-09-18 09:36:58.080000,407.3244896470205,99
2024-09-18 09:36:58.147000,407.4184029857902,996
2024-09-18 09:36:58.161000,407.34588332912887,9
2024-09-18 09:36:58.199000,407.3583716551397,12
2024-09-18 09:36:58.204000,407.4196094267275,995
2024-09-18 09:36:58.272000,407.4199922378655,101
2024-09-18 09:36:58.292000,407.39443397789086,7
2024-09-18 09:36:58.315000,407.404288874688,97
2024-09-18 09:36:58.345000,407.42446980720985,6
2024-09-18 09:36:58.370000,407.3436916540401,999
2024-09-18 09:36:58.374000,407.37398936768886,99
2024-09-18 09:36:58.392000,407.3903451166154,7
2024-09-18 09:36:58.625000,407.383829103559,99
2024-09-18 09:36:58.653000,407.3924421700154,105
2024-09-18 09:36:58.732000,407.3958091217789,996
2024-09-18 09:36:58.779000,407.387758347989,101
2024-09-18 09:36:58.790000,407.3329053941852,9
2024-09-18 09:36:58.861000,407.3897786933381,15
2024-09-18 09:36:58.877000,407.3331893619795,7
2024-09-18 09:36:58.915000,407.39569025232464,1001
2024-09-18 09:36:58.921000,407.4291110689736,1005
2024-09-18 09:36:58.969000,407.39355701800736,9
2024-09-18 09:36:58.971000,407.4362904206916,1002
2024-09-18 09:36:58.972000,407.3776459881221,1002
2024-09-18 09:36:59.272000,407.2894981148182,10
2024-09-18 09:36:59.334000,407.2762879407828,97
2024-09-18 09:36:59.357000,407.29662232737707,1005
2024-09-18 09:36:59.361000,407.33134758160327,8
2024-09-18 09:36:59.442000,407.2733556961754,12
2024-09-18 09:36:59.460000,407.2576631769742,10
2024-09-18 09:36:59.523000,407.2567085339028,1001
2024-09-18 09:36:59.716000,407.32204594501377,10
2024-09-18 09:36:59.770000,407.3081226079296,996
