Timestamp,Price,Size
2024-09-17 10:04:00.060000,414.34245380755794,6
2024-09-17 10:04:00.132000,414.3497776940469,103
2024-09-17 10:04:00.161000,414.347666234693,1000
2024-09-17 10:04:00.277000,414.33413940870105,10
2024-09-17 10:04:00.324000,414.36698550139687,1000
2024-09-17 10:04:00.347000,414.36096670472654,6
2024-09-17 10:04:00.704000,414.3419361332255,98
2024-09-17 10:04:00.940000,414.3267904267648,104
2024-09-17 10:04:01.022000,414.4011161102893,997
2024-09-17 10:04:01.195000,414.41422984350544,1004
2024-09-17 10:04:01.256000,414.40395150774674,13
2024-09-17 10:04:01.367000,414.3853334811856,6
2024-09-17 10:04:01.401000,414.4144658290514,1000
2024-09-17 10:04:01.655000,414.40982055484113,1005
2024-09-17 10:04:01.671000,414.4320482629327,6
2024-09-17 10:04:01.676000,414.376584353844,10
2024-09-17 10:04:01.777000,414.4296123197263,100
2024-09-17 10:04:01.784000,414.4149386302778,97
2024-09-17 10:04:01.808000,414.4121189758034,102
2024-09-17 10:04:01.824000,414.390362588245,6
2024-09-17 10:04:01.865000,414.42170493130345,7
2024-09-17 10:04:01.866000,414.4331804510691,14
2024-09-17 10:04:02.030000,414.4166047191816,1002
2024-09-17 10:04:02.031000,414.396893418272,12
2024-09-17 10:04:02.162000,414.41654281438974,1003
2024-09-17 10:04:02.233000,414.3835379705955,95
2024-09-17 10:04:02.242000,414.4216772781572,11
2024-09-17 10:04:02.249000,414.4159836681435,1001
2024-09-17 10:04:02.421000,414.3902068905789,10
2024-09-17 10:04:02.437000,414.388943039576,95
2024-09-17 10:04:02.445000,414.4200106497089,5
2024-09-17 10:04:02.492000,414.4095529721516,9
2024-09-17 10:04:02.510000,414.4374609334871,104
2024-09-17 10:04:02.604000,414.39955126645714,1005
2024-09-17 10:04:02.768000,414.399780022982,999
2024-09-17 10:04:02.946000,414.3941151131496,13
2024-09-17 10:04:02.970000,414.42330334759447,100
2024-09-17 10:04:03.077000,414.3215559189573,1002
2024-09-17 10:04:03.125000,414.24264265005166,12
2024-09-17 10:04:03.177000,414.2901360428027,999
2024-09-17 10:04:03.223000,414.36622677457854,5
2024-09-17 10:04:03.255000,414.2569019266863,999
2024-09-17 10:04:03.279000,414.3337768343565,9
2024-09-17 10:04:03.279000,414.3160823224626,101
2024-09-17 10:04:03.292000,414.199584093801,96
2024-09-17 10:04:03.390000,414.2062570919379,98
2024-09-17 10:04:03.391000,414.3708659049192,95
2024-09-17 10:04:03.394000,414.3253387220774,9
2024-09-17 10:04:03.422000,414.208209637956,8
2024-09-17 10:04:03.470000,414.23752825653753,12
2024-09-17 10:04:03.479000,414.3309169532404,104
2024-09-17 10:04:03.484000,414.1924431660496,1000
2024-09-17 10:04:03.493000,414.3228696238224,1002
2024-09-17 10:04:03.558000,414.2696238265422,103
2024-09-17 10:04:03.561000,414.3653913009212,996
2024-09-17 10:04:03.596000,414.3239832523702,9
2024-09-17 10:04:03.632000,414.35253933895285,1000
2024-09-17 10:04:03.663000,414.2636974135104,100
2024-09-17 10:04:03.687000,414.34530106971647,98
2024-09-17 10:04:03.708000,414.3031212716342,7
2024-09-17 10:04:03.785000,414.2254194003877,96
2024-09-17 10:04:03.805000,414.2059399340903,105
2024-09-17 10:04:03.821000,414.2026546079532,11
2024-09-17 10:04:03.848000,414.36313068472754,101
2024-09-17 10:04:03.887000,414.2462101449239,1000
2024-09-17 10:04:04.077000,414.2298063371185,7
2024-09-17 10:04:04.247000,414.208351377169,1003
2024-09-17 10:04:04.613000,414.2240262107374,7
2024-09-17 10:04:04.767000,414.21481534413647,11
2024-09-17 10:04:04.819000,414.213975312283,999
2024-09-17 10:04:04.986000,414.21675267931056,104
2024-09-17 10:04:05.004000,414.217271523586,9
2024-09-17 10:04:05.030000,414.19221041466176,998
2024-09-17 10:04:05.101000,414.1940525525063,13
2024-09-17 10:04:05.106000,414.2020183160441,998
2024-09-17 10:04:05.108000,414.2042849940845,1003
2024-09-17 10:04:05.167000,414.20603812893086,998
2024-09-17 10:04:05.215000,414.1884557006814,6
2024-09-17 10:04:05.300000,414.2212368684754,1003
2024-09-17 10:04:05.385000,414.16532646247776,105
2024-09-17 10:04:05.448000,414.1368831899197,105
2024-09-17 10:04:05.460000,414.22683644000506,5
2024-09-17 10:04:05.480000,414.2245966572426,1004
2024-09-17 10:04:05.499000,414.18376290642817,1003
2024-09-17 10:04:05.506000,414.20948148817774,13
2024-09-17 10:04:05.513000,414.1660831284997,105
2024-09-17 10:04:05.516000,414.2393171759842,12
2024-09-17 10:04:05.563000,414.1861670416904,10
2024-09-17 10:04:05.818000,414.2431099783481,95
2024-09-17 10:04:05.892000,414.1869979032937,1005
2024-09-17 10:04:06.034000,414.08005975335857,1001
2024-09-17 10:04:06.066000,414.1101866484784,996
2024-09-17 10:04:06.288000,414.1106156124606,97
2024-09-17 10:04:06.330000,414.11898631473446,998
2024-09-17 10:04:06.345000,414.11017841080553,11
2024-09-17 10:04:06.404000,414.1273522619276,1001
2024-09-17 10:04:06.581000,414.1051463299417,11
2024-09-17 10:04:06.605000,414.1024745003989,996
2024-09-17 10:04:06.665000,414.117137016073,1005
2024-09-17 10:04:06.686000,414.1084457424207,7
2024-09-17 10:04:06.694000,414.0804135193544,8
2024-09-17 10:04:06.698000,414.1123155264857,5
2024-09-17 10:04:06.740000,414.117069669252,1004
2024-09-17 10:04:06.829000,414.1014947237704,15
2024-09-17 10:04:06.839000,414.0938834433066,103
2024-09-17 10:04:06.839000,414.1138246084778,997
2024-09-17 10:04:06.856000,414.1247680664386,995
2024-09-17 10:04:07.015000,414.170330164758,100
2024-09-17 10:04:07.099000,414.0982332073132,999
2024-09-17 10:04:07.161000,414.1553233619335,96
2024-09-17 10:04:07.183000,414.1619547466372,1000
2024-09-17 10:04:07.264000,414.1741741325516,97
2024-09-17 10:04:07.339000,414.1233156122792,100
2024-09-17 10:04:07.433000,414.1795051244117,9
2024-09-17 10:04:07.472000,414.1454938748344,1003
2024-09-17 10:04:07.472000,414.0979213001211,15
2024-09-17 10:04:07.491000,414.1673726718036,9
2024-09-17 10:04:07.538000,414.1574015626669,997
2024-09-17 10:04:07.651000,414.1679508213785,996
2024-09-17 10:04:07.660000,414.1353156624124,1003
2024-09-17 10:04:07.932000,414.1610723613595,104
2024-09-17 10:04:08.062000,414.1367234559395,100
2024-09-17 10:04:08.095000,414.1497514007462,12
2024-09-17 10:04:08.172000,414.119351511368,100
2024-09-17 10:04:08.315000,414.1322477803673,98
2024-09-17 10:04:08.318000,414.1285840384695,97
2024-09-17 10:04:08.389000,414.1475815573087,14
2024-09-17 10:04:08.397000,414.1509823000332,14
2024-09-17 10:04:08.486000,414.143836824431,103
2024-09-17 10:04:08.528000,414.1299195940073,99
2024-09-17 10:04:08.675000,414.15054651993967,99
2024-09-17 10:04:08.744000,414.1582406399367,13
2024-09-17 10:04:08.843000,414.1415400714577,8
2024-09-17 10:04:08.908000,414.1309395293466,95
2024-09-17 10:04:08.910000,414.1306022589077,11
2024-09-17 10:04:08.913000,414.1167011190212,8
2024-09-17 10:04:08.915000,414.1613877717135,998
2024-09-17 10:04:09.025000,414.00427030157215,103
2024-09-17 10:04:09.040000,414.067611866245,1004
2024-09-17 10:04:09.103000,414.06416461148825,12
2024-09-17 10:04:09.184000,414.1119469686255,995
2024-09-17 10:04:09.232000,414.08434068308514,1001
2024-09-17 10:04:09.345000,414.0233833535221,995
2024-09-17 10:04:09.350000,414.0238883532688,100
2024-09-17 10:04:09.412000,414.0701209148833,1005
2024-09-17 10:04:09.413000,414.1227585834641,1000
2024-09-17 10:04:09.527000,414.11393747718085,5
2024-09-17 10:04:09.545000,414.0078575798211,1003
2024-09-17 10:04:09.588000,414.0042315527265,13
2024-09-17 10:04:09.628000,414.1226518876875,11
2024-09-17 10:04:09.643000,414.0440359677776,7
2024-09-17 10:04:09.682000,414.1173617955217,97
2024-09-17 10:04:09.692000,414.0112297015185,8
2024-09-17 10:04:09.758000,414.0584000310361,95
2024-09-17 10:04:09.809000,414.09168574169024,97
2024-09-17 10:04:09.870000,414.13163520218745,998
2024-09-17 10:04:09.899000,414.01710712546577,13
2024-09-17 10:04:09.906000,414.1087264910988,10
2024-09-17 10:04:09.967000,414.10291873689954,103
2024-09-17 10:04:10.001000,414.01810369040913,99
2024-09-17 10:04:10.102000,414.023602434711,12
2024-09-17 10:04:10.122000,414.0267062868501,104
2024-09-17 10:04:10.261000,414.0316851581273,100
2024-09-17 10:04:10.329000,414.046208844218,100
2024-09-17 10:04:10.330000,414.0129763242656,1005
2024-09-17 10:04:10.359000,414.0168908419192,99
2024-09-17 10:04:10.393000,414.0140693779841,15
2024-09-17 10:04:10.434000,414.0202311887147,1002
2024-09-17 10:04:10.495000,414.03282376544905,102
2024-09-17 10:04:10.518000,414.03694645965953,5
2024-09-17 10:04:10.526000,414.0329799682478,12
2024-09-17 10:04:10.538000,414.0204779361242,9
2024-09-17 10:04:10.559000,414.0259674230131,1001
2024-09-17 10:04:10.624000,414.0127105988077,8
2024-09-17 10:04:10.632000,414.02130916359766,97
2024-09-17 10:04:10.716000,414.011827552758,1005
2024-09-17 10:04:10.737000,414.0465045646108,101
2024-09-17 10:04:10.807000,414.0282958014112,1001
2024-09-17 10:04:10.828000,414.00968794793545,101
2024-09-17 10:04:10.862000,414.02244287792126,5
2024-09-17 10:04:10.932000,414.032941530049,102
2024-09-17 10:04:11.034000,414.0716286383439,101
2024-09-17 10:04:11.300000,414.0686702469664,97
2024-09-17 10:04:11.505000,414.0648908587789,6
2024-09-17 10:04:11.561000,414.0558473150831,9
2024-09-17 10:04:11.565000,414.058111195374,98
2024-09-17 10:04:11.584000,414.07048508671926,95
2024-09-17 10:04:11.622000,414.0774151494773,999
2024-09-17 10:04:11.681000,414.0619572204944,1003
2024-09-17 10:04:11.705000,414.0390463722374,95
2024-09-17 10:04:11.875000,414.06422934152073,8
2024-09-17 10:04:11.969000,414.07834587507153,1005
2024-09-17 10:04:12,414.1126444858786,1001
2024-09-17 10:04:12.040000,414.065096432074,105
2024-09-17 10:04:12.093000,414.1476176890092,998
2024-09-17 10:04:12.141000,414.1500600008123,15
2024-09-17 10:04:12.175000,414.1502769516424,15
2024-09-17 10:04:12.219000,414.1431352329209,995
2024-09-17 10:04:12.260000,414.0772815136716,10
2024-09-17 10:04:12.452000,414.1142203023466,96
2024-09-17 10:04:12.507000,414.078311015955,1005
2024-09-17 10:04:12.540000,414.0562977297197,7
2024-09-17 10:04:12.572000,414.06901587621337,95
2024-09-17 10:04:12.589000,414.0738039062974,100
2024-09-17 10:04:12.749000,414.0575529849198,997
2024-09-17 10:04:12.802000,414.1449920067332,8
2024-09-17 10:04:12.815000,414.1045946243252,1001
2024-09-17 10:04:12.871000,414.16057472933227,104
2024-09-17 10:04:12.873000,414.0769640832163,996
2024-09-17 10:04:12.881000,414.09750594034296,101
2024-09-17 10:04:12.925000,414.0925058325504,1000
2024-09-17 10:04:12.934000,414.1356449429837,999
2024-09-17 10:04:12.938000,414.126590141951,103
2024-09-17 10:04:12.940000,414.1055638513917,15
2024-09-17 10:04:13.011000,414.0527697155408,1005
2024-09-17 10:04:13.029000,414.04227852318303,1001
2024-09-17 10:04:13.030000,414.0775678356264,6
2024-09-17 10:04:13.040000,414.05334629033945,12
2024-09-17 10:04:13.197000,414.03192726111376,95
2024-09-17 10:04:13.270000,414.0446583522344,95
2024-09-17 10:04:13.460000,414.0820940656335,100
2024-09-17 10:04:13.574000,414.0382527523665,95
2024-09-17 10:04:13.638000,414.0453168209694,102
2024-09-17 10:04:13.700000,414.0343759361304,8
2024-09-17 10:04:13.717000,414.06996299939647,98
2024-09-17 10:04:13.756000,414.03878618736167,96
2024-09-17 10:04:13.817000,414.0523915299288,99
2024-09-17 10:04:13.831000,414.0230530504115,102
2024-09-17 10:04:13.844000,414.06637991287454,7
2024-09-17 10:04:13.850000,414.0600330629668,15
2024-09-17 10:04:13.868000,414.05993076754606,6
2024-09-17 10:04:13.925000,414.0415049772347,997
2024-09-17 10:04:13.992000,414.0622903406628,6
2024-09-17 10:04:14.004000,414.1405785724669,9
2024-09-17 10:04:14.008000,414.0839956810239,1003
2024-09-17 10:04:14.030000,414.1677963894507,1002
2024-09-17 10:04:14.113000,414.10715560213134,6
2024-09-17 10:04:14.119000,414.1844551692796,103
2024-09-17 10:04:14.123000,414.15146464342587,10
2024-09-17 10:04:14.155000,414.1387255396992,98
2024-09-17 10:04:14.175000,414.1224110717663,104
2024-09-17 10:04:14.225000,414.0878053019737,15
2024-09-17 10:04:14.464000,414.1298873666048,11
2024-09-17 10:04:14.473000,414.0635962986052,98
2024-09-17 10:04:14.526000,414.1142987968582,10
2024-09-17 10:04:14.561000,414.1647018130085,103
2024-09-17 10:04:14.609000,414.1461132441224,5
2024-09-17 10:04:14.610000,414.1173525110012,95
2024-09-17 10:04:14.633000,414.09207303049874,15
2024-09-17 10:04:14.659000,414.1664974031967,1005
2024-09-17 10:04:14.664000,414.1405428607679,1003
2024-09-17 10:04:14.725000,414.12469284631794,996
2024-09-17 10:04:14.735000,414.0786857506123,1005
2024-09-17 10:04:14.758000,414.1694226101547,997
2024-09-17 10:04:14.777000,414.16509232119097,105
2024-09-17 10:04:14.779000,414.1559797858412,10
2024-09-17 10:04:14.826000,414.0997304411642,15
2024-09-17 10:04:14.836000,414.0288694888255,7
2024-09-17 10:04:14.839000,414.1650795126433,13
2024-09-17 10:04:14.928000,414.0882648574022,101
2024-09-17 10:04:14.946000,414.1687675494833,997
2024-09-17 10:04:15.004000,414.15994924782495,100
2024-09-17 10:04:15.015000,414.15481745585424,98
2024-09-17 10:04:15.028000,414.1799295821954,5
2024-09-17 10:04:15.052000,414.13960411216215,10
2024-09-17 10:04:15.101000,414.1623654758505,998
2024-09-17 10:04:15.109000,414.1634688832813,98
2024-09-17 10:04:15.165000,414.1583535604924,11
2024-09-17 10:04:15.190000,414.169696453189,101
2024-09-17 10:04:15.193000,414.1586032923721,7
2024-09-17 10:04:15.201000,414.2113780956801,1004
2024-09-17 10:04:15.220000,414.1935132198423,10
2024-09-17 10:04:15.233000,414.1669340975199,14
2024-09-17 10:04:15.340000,414.1500752601443,1001
2024-09-17 10:04:15.492000,414.16025840623865,14
2024-09-17 10:04:15.504000,414.1787780966238,100
2024-09-17 10:04:15.519000,414.1670183573531,1000
2024-09-17 10:04:15.539000,414.135045499523,96
2024-09-17 10:04:15.571000,414.1488959396537,999
2024-09-17 10:04:15.664000,414.15264662921226,11
2024-09-17 10:04:15.677000,414.16446390632206,99
2024-09-17 10:04:15.701000,414.15370739574666,996
2024-09-17 10:04:15.787000,414.1743054621942,96
2024-09-17 10:04:15.827000,414.1919201725285,105
2024-09-17 10:04:15.911000,414.16524725270943,97
2024-09-17 10:04:16.176000,414.14727666697,100
2024-09-17 10:04:16.241000,414.17699849391454,95
2024-09-17 10:04:16.369000,414.1513060217875,1002
2024-09-17 10:04:16.408000,414.1664662405463,99
2024-09-17 10:04:16.679000,414.1599165474209,9
2024-09-17 10:04:16.825000,414.1639207457542,999
2024-09-17 10:04:17.001000,414.2031644680128,11
2024-09-17 10:04:17.024000,414.1559428947284,997
2024-09-17 10:04:17.033000,414.2396248760723,97
2024-09-17 10:04:17.048000,414.2195800759249,1004
2024-09-17 10:04:17.164000,414.1531130302322,6
2024-09-17 10:04:17.164000,414.1637152164558,103
2024-09-17 10:04:17.167000,414.1438198335726,11
2024-09-17 10:04:17.376000,414.1800488620635,15
2024-09-17 10:04:17.402000,414.1303348885316,7
2024-09-17 10:04:17.415000,414.1523102410618,998
2024-09-17 10:04:17.431000,414.2352876718821,101
2024-09-17 10:04:17.434000,414.1720922456464,99
2024-09-17 10:04:17.436000,414.1824780273344,995
2024-09-17 10:04:17.455000,414.1439989090404,5
2024-09-17 10:04:17.519000,414.15252005708487,996
2024-09-17 10:04:17.521000,414.128327660771,101
2024-09-17 10:04:17.532000,414.1922131885416,10
2024-09-17 10:04:17.553000,414.24060206120566,1005
2024-09-17 10:04:17.642000,414.1409123770725,101
2024-09-17 10:04:17.657000,414.17436610872505,1005
2024-09-17 10:04:17.687000,414.23613381359735,10
2024-09-17 10:04:17.719000,414.2675525076105,103
2024-09-17 10:04:17.815000,414.1854756383327,102
2024-09-17 10:04:17.819000,414.18365013601226,97
2024-09-17 10:04:17.890000,414.1657722422273,995
2024-09-17 10:04:17.925000,414.231792980363,95
2024-09-17 10:04:17.933000,414.2423065427202,13
2024-09-17 10:04:17.954000,414.2518776565724,102
2024-09-17 10:04:18.814000,414.23434106173744,11
2024-09-17 10:04:19.589000,414.2401829046778,7
2024-09-17 10:04:20.103000,414.2556520412157,101
2024-09-17 10:04:20.154000,414.2373778421305,13
2024-09-17 10:04:20.160000,414.2448137426938,1005
2024-09-17 10:04:20.671000,414.251199211039,12
2024-09-17 10:04:21.010000,414.3283865431538,9
2024-09-17 10:04:21.012000,414.29158710631367,103
2024-09-17 10:04:21.072000,414.2638349472932,99
2024-09-17 10:04:21.116000,414.3301322905497,7
2024-09-17 10:04:21.122000,414.2726517815868,15
2024-09-17 10:04:21.145000,414.3172519515172,14
2024-09-17 10:04:21.213000,414.2724028319171,105
2024-09-17 10:04:21.243000,414.33156054527024,995
2024-09-17 10:04:21.246000,414.2883933828289,99
2024-09-17 10:04:21.261000,414.33602159733965,7
2024-09-17 10:04:21.320000,414.2800594169808,1003
2024-09-17 10:04:21.325000,414.2596983487692,97
2024-09-17 10:04:21.361000,414.3279681259682,997
2024-09-17 10:04:21.372000,414.3205998788047,15
2024-09-17 10:04:21.385000,414.3329977547288,104
2024-09-17 10:04:21.465000,414.2820127192769,6
2024-09-17 10:04:21.558000,414.3430560856888,996
2024-09-17 10:04:21.565000,414.35299047158094,998
2024-09-17 10:04:21.568000,414.28805017267246,8
2024-09-17 10:04:21.577000,414.35763097348143,99
2024-09-17 10:04:21.629000,414.32471010901867,95
2024-09-17 10:04:21.689000,414.26881602361016,8
2024-09-17 10:04:21.757000,414.2903709201834,5
2024-09-17 10:04:21.805000,414.2664350399969,10
2024-09-17 10:04:21.807000,414.25162418611046,96
2024-09-17 10:04:21.810000,414.2787621577255,100
2024-09-17 10:04:21.909000,414.35611266378334,998
2024-09-17 10:04:21.954000,414.3006733588542,96
2024-09-17 10:04:21.966000,414.2828832401791,998
2024-09-17 10:04:23.036000,414.3667689594401,103
2024-09-17 10:04:23.074000,414.3325282941437,8
2024-09-17 10:04:23.096000,414.3811874203873,1005
2024-09-17 10:04:23.125000,414.3616557046538,103
2024-09-17 10:04:23.136000,414.3509768139886,96
2024-09-17 10:04:23.171000,414.3407716411969,13
2024-09-17 10:04:23.226000,414.33787563391735,6
2024-09-17 10:04:23.314000,414.3539030987491,13
2024-09-17 10:04:23.390000,414.34639379740105,995
2024-09-17 10:04:23.479000,414.33104270921865,96
2024-09-17 10:04:23.523000,414.351715884227,104
2024-09-17 10:04:23.545000,414.3609400133207,995
2024-09-17 10:04:23.589000,414.3409476562748,997
2024-09-17 10:04:23.595000,414.3507538776243,104
2024-09-17 10:04:23.642000,414.3451641873075,100
2024-09-17 10:04:23.693000,414.38830453642817,997
2024-09-17 10:04:23.709000,414.36550959030654,7
2024-09-17 10:04:23.760000,414.3361188053989,999
2024-09-17 10:04:23.810000,414.3726334542524,1002
2024-09-17 10:04:23.887000,414.3697082479947,5
2024-09-17 10:04:24.011000,414.3243283290946,1005
2024-09-17 10:04:24.350000,414.3546602782538,15
2024-09-17 10:04:24.420000,414.3475073798377,996
2024-09-17 10:04:25.341000,414.3579037819906,15
2024-09-17 10:04:25.355000,414.3652294945436,997
2024-09-17 10:04:25.496000,414.3620736293774,7
2024-09-17 10:04:25.750000,414.3324649841783,9
2024-09-17 10:04:25.858000,414.3559206448534,96
2024-09-17 10:04:26.018000,414.4050610166754,9
2024-09-17 10:04:26.019000,414.41337242038,96
2024-09-17 10:04:26.027000,414.3997690660885,1001
2024-09-17 10:04:26.129000,414.3825538466685,104
2024-09-17 10:04:26.160000,414.3963130661487,1001
2024-09-17 10:04:26.198000,414.39997978650433,15
2024-09-17 10:04:26.198000,414.4717965515893,1000
2024-09-17 10:04:26.212000,414.35595923180375,1001
2024-09-17 10:04:26.232000,414.40425117143934,97
2024-09-17 10:04:26.260000,414.4266197770875,14
2024-09-17 10:04:26.277000,414.451547714776,95
2024-09-17 10:04:26.287000,414.4113829312984,97
2024-09-17 10:04:26.356000,414.3916150379701,8
2024-09-17 10:04:26.406000,414.38531362296186,96
2024-09-17 10:04:26.427000,414.3906560885487,1005
2024-09-17 10:04:26.489000,414.3728931913176,1003
2024-09-17 10:04:26.615000,414.3922220583872,104
2024-09-17 10:04:26.643000,414.44272827821845,101
2024-09-17 10:04:26.702000,414.41453023683135,15
2024-09-17 10:04:26.897000,414.4203286664658,1002
2024-09-17 10:04:26.986000,414.3819564019216,12
2024-09-17 10:04:27.042000,414.40207152563534,998
2024-09-17 10:04:27.118000,414.4456325506173,104
2024-09-17 10:04:27.266000,414.4171731852464,1003
2024-09-17 10:04:27.348000,414.4445106711698,15
2024-09-17 10:04:27.375000,414.437411443668,97
2024-09-17 10:04:27.601000,414.3970573708268,996
2024-09-17 10:04:27.670000,414.4498760155517,1002
2024-09-17 10:04:27.699000,414.4035890841563,101
2024-09-17 10:04:27.730000,414.4295306472492,7
2024-09-17 10:04:27.860000,414.4352989004093,97
2024-09-17 10:04:27.879000,414.41895555460576,1000
2024-09-17 10:04:27.888000,414.4522557011112,6
2024-09-17 10:04:28.020000,414.39146234582734,1000
2024-09-17 10:04:28.110000,414.4425882374794,97
2024-09-17 10:04:28.185000,414.4272107799768,15
2024-09-17 10:04:28.220000,414.4112777599111,1000
2024-09-17 10:04:28.242000,414.4217376783984,1003
2024-09-17 10:04:28.476000,414.43631907628094,1003
2024-09-17 10:04:28.584000,414.4019105509363,997
2024-09-17 10:04:28.595000,414.4248814714269,1003
2024-09-17 10:04:28.610000,414.4201821537967,103
2024-09-17 10:04:28.798000,414.4573294899274,1003
2024-09-17 10:04:28.823000,414.4305940949373,995
2024-09-17 10:04:28.830000,414.4134328096142,101
2024-09-17 10:04:28.835000,414.4095771182648,7
2024-09-17 10:04:28.881000,414.4297656384954,1005
2024-09-17 10:04:28.912000,414.4694835212835,5
2024-09-17 10:04:28.940000,414.4202100989722,6
2024-09-17 10:04:28.978000,414.472628659097,6
2024-09-17 10:04:29.031000,414.52925101040864,97
2024-09-17 10:04:29.053000,414.5260812687571,1001
2024-09-17 10:04:29.071000,414.4921662821087,998
2024-09-17 10:04:29.076000,414.5354450763175,999
2024-09-17 10:04:29.076000,414.5440031889218,104
2024-09-17 10:04:29.127000,414.4701722555794,1005
2024-09-17 10:04:29.159000,414.5433521732512,105
2024-09-17 10:04:29.700000,414.5156699051824,7
2024-09-17 10:04:29.948000,414.5519335265666,102
2024-09-17 10:04:30.022000,414.4873582889111,102
2024-09-17 10:04:30.036000,414.543748776934,96
2024-09-17 10:04:30.203000,414.48259480191626,6
2024-09-17 10:04:30.388000,414.5174074107448,100
2024-09-17 10:04:30.457000,414.511338624662,1002
2024-09-17 10:04:30.504000,414.496794801586,100
2024-09-17 10:04:30.528000,414.54126185421103,1004
2024-09-17 10:04:30.605000,414.5450641966204,6
2024-09-17 10:04:30.620000,414.5153162507623,1005
2024-09-17 10:04:30.710000,414.5069029029564,997
2024-09-17 10:04:30.718000,414.495152013985,100
2024-09-17 10:04:30.746000,414.4733364816844,7
2024-09-17 10:04:31.072000,414.4763755372913,995
2024-09-17 10:04:31.392000,414.4805647058334,1002
2024-09-17 10:04:31.435000,414.46593248056513,997
2024-09-17 10:04:31.498000,414.4882700687794,11
2024-09-17 10:04:31.570000,414.45475596316896,996
2024-09-17 10:04:31.636000,414.45287430269417,102
2024-09-17 10:04:31.649000,414.46185335972245,15
2024-09-17 10:04:32.238000,414.48455835316327,999
2024-09-17 10:04:32.374000,414.5077032603699,1003
2024-09-17 10:04:32.761000,414.4728329520353,101
2024-09-17 10:04:32.810000,414.49324312206807,998
2024-09-17 10:04:32.895000,414.5112009745628,1004
2024-09-17 10:04:32.923000,414.4962538997953,15
2024-09-17 10:04:33.022000,414.5074186859094,1001
2024-09-17 10:04:33.034000,414.49622226606175,996
2024-09-17 10:04:33.114000,414.50989504367374,1002
2024-09-17 10:04:33.174000,414.4921855400113,105
2024-09-17 10:04:33.226000,414.4960525780968,100
2024-09-17 10:04:33.326000,414.5079726584196,6
2024-09-17 10:04:33.451000,414.5181332195987,1003
2024-09-17 10:04:33.467000,414.494187824438,13
2024-09-17 10:04:33.558000,414.5144784632755,1001
2024-09-17 10:04:33.676000,414.504186831179,7
2024-09-17 10:04:33.784000,414.49434630858445,11
2024-09-17 10:04:33.977000,414.504998377277,104
2024-09-17 10:04:35.078000,414.5190296928389,1003
2024-09-17 10:04:35.131000,414.5245874818892,104
2024-09-17 10:04:35.677000,414.52128015233694,1000
2024-09-17 10:04:35.805000,414.52276079449007,1002
2024-09-17 10:04:35.825000,414.522996110471,1005
2024-09-17 10:04:36.181000,414.5065163159557,100
2024-09-17 10:04:36.383000,414.514927069704,1003
2024-09-17 10:04:36.496000,414.51693272964167,102
2024-09-17 10:04:36.567000,414.51344445178495,999
2024-09-17 10:04:36.822000,414.5152033348844,11
2024-09-17 10:04:36.890000,414.4976110578981,6
2024-09-17 10:04:37.011000,414.56951195153937,14
2024-09-17 10:04:37.132000,414.57528675631136,995
2024-09-17 10:04:37.191000,414.56647951433615,104
2024-09-17 10:04:37.252000,414.5966570309807,97
2024-09-17 10:04:37.375000,414.5750104166252,97
2024-09-17 10:04:37.378000,414.589036692224,103
2024-09-17 10:04:37.388000,414.5942646344564,8
2024-09-17 10:04:37.513000,414.6046439154957,14
2024-09-17 10:04:37.532000,414.58993989936175,101
2024-09-17 10:04:37.837000,414.5981562827362,97
2024-09-17 10:04:37.870000,414.55923706894174,96
2024-09-17 10:04:37.883000,414.6104433650021,12
2024-09-17 10:04:37.906000,414.55332781447817,999
2024-09-17 10:04:37.915000,414.5576650166754,1000
2024-09-17 10:04:37.980000,414.579242549209,1000
2024-09-17 10:04:38.006000,414.57128818231246,12
2024-09-17 10:04:38.025000,414.6024632929044,8
2024-09-17 10:04:38.084000,414.5942199133436,100
2024-09-17 10:04:38.144000,414.6012995156299,101
2024-09-17 10:04:38.144000,414.6053298977098,12
2024-09-17 10:04:38.190000,414.5859165037109,104
2024-09-17 10:04:38.219000,414.5744619198061,8
2024-09-17 10:04:38.241000,414.6119616194708,101
2024-09-17 10:04:38.259000,414.56623204855487,996
2024-09-17 10:04:38.281000,414.550186015284,97
2024-09-17 10:04:38.323000,414.5790725667642,14
2024-09-17 10:04:38.363000,414.6081871200436,12
2024-09-17 10:04:38.370000,414.58441564333424,1001
2024-09-17 10:04:38.472000,414.5925659549633,999
2024-09-17 10:04:38.474000,414.5720705338918,999
2024-09-17 10:04:38.511000,414.5726965305989,105
2024-09-17 10:04:38.531000,414.5850279218813,101
2024-09-17 10:04:38.572000,414.5842333610584,997
2024-09-17 10:04:38.602000,414.5951732151527,97
2024-09-17 10:04:38.608000,414.5566046782794,5
2024-09-17 10:04:38.635000,414.5947609038648,98
2024-09-17 10:04:38.704000,414.606317768708,95
2024-09-17 10:04:38.729000,414.567668809932,101
2024-09-17 10:04:38.769000,414.599884628159,95
2024-09-17 10:04:38.800000,414.5583651211925,100
2024-09-17 10:04:38.891000,414.5740548837715,10
2024-09-17 10:04:38.904000,414.5794582126061,96
2024-09-17 10:04:38.908000,414.6128768316886,101
2024-09-17 10:04:38.909000,414.58122113770594,6
2024-09-17 10:04:39.039000,414.4890069151212,1004
2024-09-17 10:04:39.047000,414.4965268953902,98
2024-09-17 10:04:39.143000,414.4988308457698,996
2024-09-17 10:04:39.216000,414.4935991453037,12
2024-09-17 10:04:39.294000,414.5232924209255,14
2024-09-17 10:04:39.363000,414.4864959743452,102
2024-09-17 10:04:39.479000,414.5110337175312,1003
2024-09-17 10:04:39.482000,414.49824327568,105
2024-09-17 10:04:39.492000,414.5033611113481,105
2024-09-17 10:04:39.548000,414.5132408489289,105
2024-09-17 10:04:39.554000,414.5091290811797,1002
2024-09-17 10:04:39.615000,414.4762372115333,104
2024-09-17 10:04:39.630000,414.5217766009793,5
2024-09-17 10:04:39.674000,414.4940909458166,1004
2024-09-17 10:04:39.698000,414.4991809396085,999
2024-09-17 10:04:39.726000,414.5200544393567,11
2024-09-17 10:04:39.758000,414.5313020508495,97
2024-09-17 10:04:39.764000,414.4816021938921,1004
2024-09-17 10:04:39.768000,414.5058294218556,1003
2024-09-17 10:04:39.769000,414.551902533425,104
2024-09-17 10:04:39.787000,414.497958774672,1002
2024-09-17 10:04:39.815000,414.5180338672166,996
2024-09-17 10:04:39.909000,414.5321528354909,10
2024-09-17 10:04:39.915000,414.48878527815,999
2024-09-17 10:04:39.974000,414.4782324622718,995
2024-09-17 10:04:40.024000,414.5143149080604,100
2024-09-17 10:04:40.070000,414.47446956770176,100
2024-09-17 10:04:40.156000,414.4859435994747,103
2024-09-17 10:04:40.224000,414.5211449231309,14
2024-09-17 10:04:40.316000,414.4993379656674,12
2024-09-17 10:04:40.320000,414.4596599933233,9
2024-09-17 10:04:40.336000,414.51389061589816,105
2024-09-17 10:04:40.451000,414.5135863404618,7
2024-09-17 10:04:40.555000,414.4494893650625,98
2024-09-17 10:04:40.586000,414.4595013423644,102
2024-09-17 10:04:40.818000,414.5109910312544,995
2024-09-17 10:04:40.857000,414.4547833090234,98
2024-09-17 10:04:40.969000,414.4649769363604,995
2024-09-17 10:04:41.017000,414.4576964103544,1001
2024-09-17 10:04:41.037000,414.4747481184351,102
2024-09-17 10:04:41.075000,414.50013302877977,1000
2024-09-17 10:04:41.160000,414.4601052434602,1005
2024-09-17 10:04:41.221000,414.46841042181967,1000
2024-09-17 10:04:41.232000,414.4637988027882,1002
2024-09-17 10:04:41.346000,414.44609047358193,13
2024-09-17 10:04:41.395000,414.48964197560537,10
2024-09-17 10:04:41.405000,414.46393877494046,995
2024-09-17 10:04:41.598000,414.4989476342244,101
2024-09-17 10:04:41.649000,414.51823085109606,99
2024-09-17 10:04:41.661000,414.4788672566317,1003
2024-09-17 10:04:41.663000,414.4892804921387,11
2024-09-17 10:04:41.755000,414.4952088049241,10
2024-09-17 10:04:41.756000,414.4805588163541,8
2024-09-17 10:04:41.799000,414.470752039109,1002
2024-09-17 10:04:41.858000,414.4468527645926,95
2024-09-17 10:04:41.868000,414.4614624952061,100
2024-09-17 10:04:41.926000,414.47367291501394,95
2024-09-17 10:04:42.029000,414.4854856453809,995
2024-09-17 10:04:42.074000,414.4989937408652,104
2024-09-17 10:04:42.096000,414.5092194520441,97
2024-09-17 10:04:42.109000,414.46935531161137,995
2024-09-17 10:04:42.110000,414.4865239116484,1004
2024-09-17 10:04:42.120000,414.4976396426137,96
2024-09-17 10:04:42.191000,414.5075758026345,996
2024-09-17 10:04:42.247000,414.5208396668268,13
2024-09-17 10:04:42.263000,414.4907710776975,997
2024-09-17 10:04:42.336000,414.51075361934585,997
2024-09-17 10:04:42.343000,414.4856144456717,104
2024-09-17 10:04:42.399000,414.51468976200215,95
2024-09-17 10:04:42.403000,414.4975172179877,1004
2024-09-17 10:04:42.461000,414.5197873229562,14
2024-09-17 10:04:42.468000,414.509470950785,999
2024-09-17 10:04:42.517000,414.4992539233268,15
2024-09-17 10:04:42.582000,414.5099086061206,998
2024-09-17 10:04:42.611000,414.4991932397066,96
2024-09-17 10:04:42.689000,414.5011445797174,10
2024-09-17 10:04:42.696000,414.5096807974418,98
2024-09-17 10:04:42.701000,414.5159096345352,12
2024-09-17 10:04:42.715000,414.5044475527813,1001
2024-09-17 10:04:42.716000,414.4977465053972,10
2024-09-17 10:04:42.785000,414.4885355579694,995
2024-09-17 10:04:42.816000,414.4998491623796,98
2024-09-17 10:04:42.848000,414.5054189343355,998
2024-09-17 10:04:42.885000,414.4942524812792,6
2024-09-17 10:04:42.931000,414.5188335229127,5
2024-09-17 10:04:42.994000,414.4951493813186,998
2024-09-17 10:04:43.208000,414.49529026861927,1002
2024-09-17 10:04:44.040000,414.4789257002985,6
2024-09-17 10:04:44.055000,414.4993384999429,10
2024-09-17 10:04:44.149000,414.4733722558656,996
2024-09-17 10:04:44.272000,414.4861384464257,8
2024-09-17 10:04:44.317000,414.49434276581593,9
2024-09-17 10:04:44.395000,414.46887883087487,9
2024-09-17 10:04:44.403000,414.4572381856096,10
2024-09-17 10:04:44.410000,414.4987161217927,1000
2024-09-17 10:04:44.430000,414.469312951383,995
2024-09-17 10:04:44.471000,414.4509683050169,9
2024-09-17 10:04:44.474000,414.47203871152806,101
2024-09-17 10:04:44.491000,414.47441158172586,7
2024-09-17 10:04:44.497000,414.48051545380514,5
2024-09-17 10:04:44.532000,414.4768770337928,103
2024-09-17 10:04:44.581000,414.5092683489985,12
2024-09-17 10:04:44.607000,414.4801313523254,105
2024-09-17 10:04:44.624000,414.4730656453429,102
2024-09-17 10:04:44.637000,414.4810847069624,95
2024-09-17 10:04:44.647000,414.49722144882384,5
2024-09-17 10:04:44.816000,414.4763587432383,5
2024-09-17 10:04:44.858000,414.4610319330339,1000
2024-09-17 10:04:44.899000,414.45796656677146,96
2024-09-17 10:04:44.946000,414.4776272584018,103
2024-09-17 10:04:44.990000,414.50308658382414,1002
2024-09-17 10:04:45.095000,414.3677434446242,996
2024-09-17 10:04:45.128000,414.4156020108544,14
2024-09-17 10:04:45.168000,414.4298107943525,96
2024-09-17 10:04:45.199000,414.40650096082175,997
2024-09-17 10:04:45.344000,414.348659949285,8
2024-09-17 10:04:45.354000,414.4144245465781,995
2024-09-17 10:04:45.403000,414.3659046229459,102
2024-09-17 10:04:45.430000,414.45172435188,15
2024-09-17 10:04:45.460000,414.4129753643629,104
2024-09-17 10:04:45.482000,414.4327930273238,5
2024-09-17 10:04:45.496000,414.41152420452113,100
2024-09-17 10:04:45.511000,414.442323174558,1000
2024-09-17 10:04:45.578000,414.4181210622045,12
2024-09-17 10:04:45.628000,414.4532585526087,8
2024-09-17 10:04:45.695000,414.4164657975389,104
2024-09-17 10:04:45.739000,414.4415678903064,100
2024-09-17 10:04:45.766000,414.4491191351414,99
2024-09-17 10:04:45.774000,414.4426143706469,100
2024-09-17 10:04:45.791000,414.42061043028383,105
2024-09-17 10:04:45.871000,414.4040676783166,96
2024-09-17 10:04:45.909000,414.3894600890508,99
2024-09-17 10:04:45.954000,414.4249066040324,96
2024-09-17 10:04:46.103000,414.3649406710501,12
2024-09-17 10:04:46.108000,414.3539094674298,1002
2024-09-17 10:04:46.259000,414.3674335307608,11
2024-09-17 10:04:46.263000,414.372243811079,10
2024-09-17 10:04:46.301000,414.3535342880909,9
2024-09-17 10:04:46.354000,414.3686440821516,105
2024-09-17 10:04:46.381000,414.3636233934952,15
2024-09-17 10:04:46.402000,414.3537279210737,7
2024-09-17 10:04:46.591000,414.3744259474453,105
2024-09-17 10:04:46.621000,414.33670892514255,1000
2024-09-17 10:04:46.650000,414.3630786932525,1004
2024-09-17 10:04:46.767000,414.34648808801205,98
2024-09-17 10:04:46.782000,414.3481797874262,103
2024-09-17 10:04:46.814000,414.33232558556665,1000
2024-09-17 10:04:46.843000,414.3549852507728,95
2024-09-17 10:04:46.872000,414.3634437703117,1002
2024-09-17 10:04:46.913000,414.3539362399964,1003
2024-09-17 10:04:46.966000,414.3497588196648,101
2024-09-17 10:04:46.987000,414.3502321451005,1001
2024-09-17 10:04:46.999000,414.3726896424017,104
2024-09-17 10:04:47.116000,414.3550423508695,1000
2024-09-17 10:04:47.235000,414.3415593808446,998
2024-09-17 10:04:47.338000,414.37060936927526,1000
2024-09-17 10:04:47.369000,414.3713845044273,999
2024-09-17 10:04:47.485000,414.3787723377213,11
2024-09-17 10:04:47.491000,414.39431083573527,998
2024-09-17 10:04:47.494000,414.37121906413614,1002
2024-09-17 10:04:47.640000,414.3520408308655,1005
2024-09-17 10:04:47.692000,414.3474737597496,996
2024-09-17 10:04:47.784000,414.3730365893322,104
2024-09-17 10:04:47.797000,414.3690014434703,102
2024-09-17 10:04:47.800000,414.330659018644,997
2024-09-17 10:04:47.809000,414.3620332661847,12
2024-09-17 10:04:47.858000,414.3852550912068,103
2024-09-17 10:04:47.879000,414.3447190869245,102
2024-09-17 10:04:48.068000,414.45629451683806,1005
2024-09-17 10:04:48.197000,414.3319876435278,8
2024-09-17 10:04:48.237000,414.35826997101407,1004
2024-09-17 10:04:48.272000,414.3793621669112,100
2024-09-17 10:04:48.280000,414.4301111167787,101
2024-09-17 10:04:48.290000,414.4434308197789,7
2024-09-17 10:04:48.296000,414.407839173713,95
2024-09-17 10:04:48.395000,414.4605534011145,6
2024-09-17 10:04:48.398000,414.382467202456,7
2024-09-17 10:04:48.598000,414.4447979653808,15
2024-09-17 10:04:48.655000,414.3807287171279,997
2024-09-17 10:04:48.667000,414.3535681513625,1002
2024-09-17 10:04:48.804000,414.3770596518413,12
2024-09-17 10:04:48.813000,414.4214713195412,1004
2024-09-17 10:04:48.841000,414.3470221507054,96
2024-09-17 10:04:48.925000,414.3962868873144,99
2024-09-17 10:04:49.027000,414.4702006757866,999
2024-09-17 10:04:49.052000,414.39364596511246,99
2024-09-17 10:04:49.082000,414.4103209168792,997
2024-09-17 10:04:49.103000,414.4347390881632,1004
2024-09-17 10:04:49.138000,414.5045792997733,1004
2024-09-17 10:04:49.281000,414.4310171632641,995
2024-09-17 10:04:49.283000,414.40758533286674,1003
2024-09-17 10:04:49.321000,414.490281986466,12
2024-09-17 10:04:49.371000,414.4305892110685,995
2024-09-17 10:04:49.395000,414.5090831087465,102
2024-09-17 10:04:49.449000,414.5058421574355,999
2024-09-17 10:04:49.500000,414.4666135278621,15
2024-09-17 10:04:49.536000,414.47454037653387,97
2024-09-17 10:04:49.544000,414.3968925112818,6
2024-09-17 10:04:49.609000,414.3907541492093,98
2024-09-17 10:04:49.641000,414.4085687785555,1004
2024-09-17 10:04:49.696000,414.5027541594536,995
2024-09-17 10:04:49.712000,414.4926424869636,995
2024-09-17 10:04:49.766000,414.4045086033395,99
2024-09-17 10:04:49.805000,414.4194569136661,12
2024-09-17 10:04:49.946000,414.413812810064,1000
2024-09-17 10:04:49.987000,414.403029158552,7
2024-09-17 10:04:50.066000,414.4724643035652,15
2024-09-17 10:04:50.123000,414.4854591877112,1003
2024-09-17 10:04:50.266000,414.4939165698276,10
2024-09-17 10:04:50.279000,414.4926494148858,14
2024-09-17 10:04:50.558000,414.4817072256562,104
2024-09-17 10:04:50.568000,414.47774300308544,13
2024-09-17 10:04:50.628000,414.4857288526093,8
2024-09-17 10:04:50.662000,414.47265174450337,14
2024-09-17 10:04:50.669000,414.4693898837571,99
2024-09-17 10:04:50.742000,414.4826363695182,12
2024-09-17 10:04:50.800000,414.4713847570646,1002
2024-09-17 10:04:50.800000,414.4930329818754,102
2024-09-17 10:04:50.856000,414.4797395241093,15
2024-09-17 10:04:50.857000,414.477382680828,14
2024-09-17 10:04:51.352000,414.4679815016089,13
2024-09-17 10:04:51.457000,414.478882611076,998
2024-09-17 10:04:52.500000,414.4772432328653,10
2024-09-17 10:04:52.609000,414.4776620051545,101
2024-09-17 10:04:52.975000,414.4936866210982,1005
2024-09-17 10:04:53,414.3955469150506,1002
2024-09-17 10:04:53.002000,414.4006191862639,100
2024-09-17 10:04:53.283000,414.4159921033464,1005
2024-09-17 10:04:53.479000,414.4150031642116,9
2024-09-17 10:04:53.573000,414.4123030108168,999
2024-09-17 10:04:53.626000,414.4539696422602,95
2024-09-17 10:04:53.626000,414.3986076355965,10
2024-09-17 10:04:53.716000,414.4213593628164,1004
2024-09-17 10:04:53.777000,414.44156458356497,6
2024-09-17 10:04:53.825000,414.4048706845341,6
2024-09-17 10:04:54.267000,414.4288374983306,97
2024-09-17 10:04:54.325000,414.4054035421896,96
2024-09-17 10:04:54.455000,414.42089633544106,999
2024-09-17 10:04:54.649000,414.4075993806472,996
2024-09-17 10:04:55.035000,414.426375939507,999
2024-09-17 10:04:55.042000,414.4249540583334,995
2024-09-17 10:04:55.046000,414.4636943220984,11
2024-09-17 10:04:55.131000,414.45341465743047,1000
2024-09-17 10:04:55.178000,414.40645643941457,1001
2024-09-17 10:04:55.219000,414.4013637435565,998
2024-09-17 10:04:55.241000,414.45103986853707,98
2024-09-17 10:04:55.251000,414.4194843778136,5
2024-09-17 10:04:55.304000,414.4486702495578,100
2024-09-17 10:04:55.378000,414.4389220714518,1004
2024-09-17 10:04:55.460000,414.4176485278804,104
2024-09-17 10:04:55.754000,414.4656139364028,98
2024-09-17 10:04:55.782000,414.4229857385386,996
2024-09-17 10:04:55.912000,414.4477414923589,98
2024-09-17 10:04:55.964000,414.4387691565771,14
2024-09-17 10:04:55.992000,414.45452182535234,997
2024-09-17 10:04:56.091000,414.4969814547422,995
2024-09-17 10:04:56.099000,414.4077877003312,9
2024-09-17 10:04:56.155000,414.4789758668106,99
2024-09-17 10:04:56.176000,414.4122656804104,96
2024-09-17 10:04:56.201000,414.41232306986393,1005
2024-09-17 10:04:56.296000,414.4071828077149,1005
2024-09-17 10:04:56.296000,414.39692777872494,101
2024-09-17 10:04:56.331000,414.4084192000675,97
2024-09-17 10:04:56.404000,414.4052931092685,104
2024-09-17 10:04:56.496000,414.4739910044664,998
2024-09-17 10:04:56.504000,414.4088412678891,8
2024-09-17 10:04:56.539000,414.3995713533205,14
2024-09-17 10:04:56.592000,414.4480875912293,7
2024-09-17 10:04:56.599000,414.41131089064174,102
2024-09-17 10:04:56.631000,414.396050577644,12
2024-09-17 10:04:56.632000,414.5296463627119,1000
2024-09-17 10:04:56.657000,414.5221574819222,8
2024-09-17 10:04:56.658000,414.4096297692142,95
2024-09-17 10:04:56.729000,414.4162477608132,97
2024-09-17 10:04:56.739000,414.4080201537833,997
2024-09-17 10:04:56.743000,414.51859709403845,10
2024-09-17 10:04:56.768000,414.43890927285815,5
2024-09-17 10:04:56.846000,414.409217967226,103
2024-09-17 10:04:56.852000,414.5436423029786,1003
2024-09-17 10:04:56.891000,414.399375959622,8
2024-09-17 10:04:56.909000,414.5387306437065,96
2024-09-17 10:04:56.915000,414.40356447274064,14
2024-09-17 10:04:56.916000,414.4609242780888,98
2024-09-17 10:04:56.936000,414.4008602913265,5
2024-09-17 10:04:57.041000,414.5529476118957,100
2024-09-17 10:04:57.327000,414.5632638523856,1001
2024-09-17 10:04:57.465000,414.5576219332459,1001
2024-09-17 10:04:57.518000,414.5362486606857,8
2024-09-17 10:04:57.964000,414.5493835451496,8
2024-09-17 10:04:58.163000,414.567791534463,98
2024-09-17 10:04:58.234000,414.5559127036496,103
2024-09-17 10:04:58.244000,414.561679803309,13
2024-09-17 10:04:58.282000,414.56707228960175,103
2024-09-17 10:04:58.650000,414.57281188259066,99
2024-09-17 10:04:58.841000,414.5626610775541,98
2024-09-17 10:04:58.886000,414.5619186415194,995
2024-09-17 10:04:58.905000,414.5769315705441,99
2024-09-17 10:04:59.023000,414.5751069643478,13
2024-09-17 10:04:59.035000,414.61183678540425,9
2024-09-17 10:04:59.043000,414.5787142469682,998
2024-09-17 10:04:59.047000,414.58503306372194,1005
2024-09-17 10:04:59.107000,414.6012016680243,12
2024-09-17 10:04:59.115000,414.59153641438223,102
2024-09-17 10:04:59.318000,414.5713287526819,1001
2024-09-17 10:04:59.373000,414.59522987098177,99
2024-09-17 10:04:59.431000,414.6021068391085,97
2024-09-17 10:04:59.498000,414.56634964303066,102
2024-09-17 10:04:59.556000,414.5874794578083,1005
2024-09-17 10:04:59.669000,414.5731062312989,1002
2024-09-17 10:04:59.710000,414.5664131022197,103
2024-09-17 10:04:59.731000,414.5914193492488,8
2024-09-17 10:04:59.761000,414.5859877786062,102
2024-09-17 10:04:59.861000,414.5744427592992,999
2024-09-17 10:04:59.910000,414.5902109417521,1004
2024-09-17 10:04:59.934000,414.5916166767602,105
2024-09-17 10:04:59.967000,414.5808067221354,96
2024-09-17 10:04:59.972000,414.56805808312754,998
