Timestamp,Price,Size
2024-09-16 13:13:00.112000,415.86259313547,97
2024-09-16 13:13:00.910000,415.8593035273636,999
2024-09-16 13:13:01.270000,415.8679561046646,1003
2024-09-16 13:13:01.982000,415.876744667521,15
2024-09-16 13:13:02.153000,415.8756449777629,105
2024-09-16 13:13:02.252000,415.87140271415785,6
2024-09-16 13:13:02.301000,415.8330628961722,997
2024-09-16 13:13:02.350000,415.862719696632,96
2024-09-16 13:13:02.410000,415.8487862551961,100
2024-09-16 13:13:02.420000,415.8451634702082,98
2024-09-16 13:13:02.555000,415.8536817637654,97
2024-09-16 13:13:02.580000,415.89032669281823,101
2024-09-16 13:13:02.798000,415.8599841165079,12
2024-09-16 13:13:02.822000,415.8712038936395,13
2024-09-16 13:13:02.838000,415.87720030001503,999
2024-09-16 13:13:03.014000,415.8574315815943,5
2024-09-16 13:13:03.032000,415.8786617512068,9
2024-09-16 13:13:03.042000,415.837088125623,1000
2024-09-16 13:13:03.139000,415.8701452454958,7
2024-09-16 13:13:03.157000,415.8769974624402,102
2024-09-16 13:13:03.194000,415.8605515399136,10
2024-09-16 13:13:03.218000,415.90308138255256,103
2024-09-16 13:13:03.230000,415.8567157814864,105
2024-09-16 13:13:03.287000,415.8575747019894,7
2024-09-16 13:13:03.290000,415.89821642793055,998
2024-09-16 13:13:03.314000,415.8384631884116,102
2024-09-16 13:13:03.318000,415.874205817457,100
2024-09-16 13:13:03.346000,415.8605265151455,1000
2024-09-16 13:13:03.361000,415.8392227623512,998
2024-09-16 13:13:03.400000,415.8645209279595,998
2024-09-16 13:13:03.433000,415.8357138226112,5
2024-09-16 13:13:03.450000,415.89178089487984,105
2024-09-16 13:13:03.495000,415.8475956603889,11
2024-09-16 13:13:03.496000,415.83049867312894,1005
2024-09-16 13:13:03.547000,415.8662915080212,1002
2024-09-16 13:13:03.635000,415.864092868649,5
2024-09-16 13:13:03.689000,415.85712292667,105
2024-09-16 13:13:03.697000,415.8651257251789,5
2024-09-16 13:13:03.767000,415.8818912984837,1002
2024-09-16 13:13:03.850000,415.8713306705169,97
2024-09-16 13:13:03.859000,415.8964890982628,96
2024-09-16 13:13:03.868000,415.88833356064873,1000
2024-09-16 13:13:03.913000,415.8616297832837,1000
2024-09-16 13:13:04.001000,415.8338962361989,104
2024-09-16 13:13:04.036000,415.8719736627049,15
2024-09-16 13:13:04.081000,415.85132738731465,1003
2024-09-16 13:13:04.166000,415.8774140535676,7
2024-09-16 13:13:04.235000,415.8786234205628,1005
2024-09-16 13:13:04.347000,415.84653337744754,1002
2024-09-16 13:13:04.383000,415.8659919166194,998
2024-09-16 13:13:04.386000,415.8698305435416,1002
2024-09-16 13:13:04.389000,415.879535918116,1004
2024-09-16 13:13:04.392000,415.8712078967002,98
2024-09-16 13:13:04.396000,415.8469398470469,1004
2024-09-16 13:13:04.441000,415.871024496207,1004
2024-09-16 13:13:04.454000,415.86424466562096,99
2024-09-16 13:13:04.620000,415.85042965604384,996
2024-09-16 13:13:04.631000,415.88982689120144,95
2024-09-16 13:13:04.650000,415.8481630508902,6
2024-09-16 13:13:04.734000,415.8458434334276,1003
2024-09-16 13:13:04.756000,415.8623674216718,103
2024-09-16 13:13:04.762000,415.8761196267542,996
2024-09-16 13:13:04.893000,415.88106839110327,1004
2024-09-16 13:13:04.904000,415.8836093741038,15
2024-09-16 13:13:05.002000,415.7920167663662,7
2024-09-16 13:13:05.056000,415.7728911625164,97
2024-09-16 13:13:05.068000,415.8613545096479,7
2024-09-16 13:13:05.142000,415.7735324826337,8
2024-09-16 13:13:05.200000,415.7941188069682,103
2024-09-16 13:13:05.292000,415.8314867566384,98
2024-09-16 13:13:05.298000,415.7688467889949,999
2024-09-16 13:13:05.373000,415.8257585803208,996
2024-09-16 13:13:05.426000,415.8000105951082,1001
2024-09-16 13:13:05.677000,415.7918197807024,102
2024-09-16 13:13:05.746000,415.7610729178919,96
2024-09-16 13:13:05.766000,415.8026374448437,99
2024-09-16 13:13:05.778000,415.8539973468668,98
2024-09-16 13:13:05.917000,415.7575773437986,103
2024-09-16 13:13:05.937000,415.772369602183,103
2024-09-16 13:13:05.976000,415.854552939314,995
2024-09-16 13:13:06.194000,415.76543129385885,97
2024-09-16 13:13:06.647000,415.75689023561256,99
2024-09-16 13:13:06.846000,415.7555840786332,97
2024-09-16 13:13:07,415.8183877027202,6
2024-09-16 13:13:07.168000,415.7783895083689,102
2024-09-16 13:13:07.189000,415.8236057396345,96
2024-09-16 13:13:07.205000,415.75740360547337,9
2024-09-16 13:13:07.271000,415.7790789398343,6
2024-09-16 13:13:07.296000,415.7524890318896,15
2024-09-16 13:13:07.308000,415.7584526314868,7
2024-09-16 13:13:07.405000,415.8248853838588,6
2024-09-16 13:13:07.694000,415.81391630742735,996
2024-09-16 13:13:07.849000,415.7462272471441,98
2024-09-16 13:13:07.859000,415.8163747870762,6
2024-09-16 13:13:07.941000,415.7690779604664,14
2024-09-16 13:13:07.963000,415.80121946428096,103
2024-09-16 13:13:07.965000,415.77127103389,7
2024-09-16 13:13:07.982000,415.76345459819015,1001
2024-09-16 13:13:07.998000,415.76973389163055,997
2024-09-16 13:13:08.010000,415.80830639698064,96
2024-09-16 13:13:08.035000,415.798814564144,13
2024-09-16 13:13:08.255000,415.80988408267353,7
2024-09-16 13:13:08.374000,415.80603880586057,15
2024-09-16 13:13:08.397000,415.81166189370674,96
2024-09-16 13:13:08.632000,415.8075644694017,6
2024-09-16 13:13:08.665000,415.7998965564729,7
2024-09-16 13:13:08.682000,415.8105393617736,1005
2024-09-16 13:13:08.763000,415.7988497117083,997
2024-09-16 13:13:08.853000,415.8004052121781,8
2024-09-16 13:13:08.902000,415.7912739781721,1001
2024-09-16 13:13:08.965000,415.8096317118838,98
2024-09-16 13:13:08.973000,415.8039305666121,996
2024-09-16 13:13:09.005000,415.7951366707383,15
2024-09-16 13:13:09.018000,415.811196263582,9
2024-09-16 13:13:09.094000,415.81069922566655,105
2024-09-16 13:13:09.136000,415.81256906329946,1002
2024-09-16 13:13:09.201000,415.80691079199977,1004
2024-09-16 13:13:09.208000,415.8079188307232,104
2024-09-16 13:13:09.221000,415.82970683858105,12
2024-09-16 13:13:09.298000,415.8355613213016,99
2024-09-16 13:13:09.361000,415.8517645009095,9
2024-09-16 13:13:09.371000,415.7850737017348,1005
2024-09-16 13:13:09.527000,415.8580397847141,100
2024-09-16 13:13:09.551000,415.8350940965399,998
2024-09-16 13:13:09.598000,415.8157722169069,10
2024-09-16 13:13:09.652000,415.85310167417634,997
2024-09-16 13:13:09.742000,415.8031811919374,10
2024-09-16 13:13:09.797000,415.849625161987,1000
2024-09-16 13:13:09.851000,415.8099769350569,15
2024-09-16 13:13:09.933000,415.79372643143387,15
2024-09-16 13:13:10.347000,415.7835742828894,8
2024-09-16 13:13:10.403000,415.7738532461631,100
2024-09-16 13:13:10.436000,415.7969860689094,1003
2024-09-16 13:13:10.471000,415.8055030668633,101
2024-09-16 13:13:10.508000,415.8122825352216,1005
2024-09-16 13:13:10.690000,415.7892786845743,995
2024-09-16 13:13:10.904000,415.8229682718806,9
2024-09-16 13:13:10.931000,415.7832958160765,97
2024-09-16 13:13:11.058000,415.75143095359095,99
2024-09-16 13:13:11.072000,415.68347428054415,997
2024-09-16 13:13:11.087000,415.79639845468927,6
2024-09-16 13:13:11.104000,415.7269704432411,105
2024-09-16 13:13:11.152000,415.78734082594633,96
2024-09-16 13:13:11.159000,415.7116754971097,998
2024-09-16 13:13:11.169000,415.6929314192598,102
2024-09-16 13:13:11.186000,415.6901214387417,999
2024-09-16 13:13:11.188000,415.7435234594832,1002
2024-09-16 13:13:11.460000,415.68746232320245,101
2024-09-16 13:13:11.466000,415.6747329312212,9
2024-09-16 13:13:11.475000,415.69556004021456,1000
2024-09-16 13:13:11.503000,415.73142183198735,11
2024-09-16 13:13:11.569000,415.7262020473851,105
2024-09-16 13:13:11.573000,415.66315342840034,97
2024-09-16 13:13:11.579000,415.6869865647464,104
2024-09-16 13:13:11.615000,415.7262426187074,98
2024-09-16 13:13:11.636000,415.7822088749995,96
2024-09-16 13:13:11.680000,415.7173890017937,1000
2024-09-16 13:13:11.683000,415.6760446767984,99
2024-09-16 13:13:11.711000,415.7659122474785,103
2024-09-16 13:13:11.727000,415.77516968383947,13
2024-09-16 13:13:11.747000,415.701385786632,96
2024-09-16 13:13:11.773000,415.6940200194292,96
2024-09-16 13:13:11.778000,415.697776257234,15
2024-09-16 13:13:11.872000,415.6690181213035,6
2024-09-16 13:13:11.928000,415.7907175146213,5
2024-09-16 13:13:11.972000,415.792415625762,1005
2024-09-16 13:13:12.012000,415.6874652344183,10
2024-09-16 13:13:12.079000,415.6482423823388,7
2024-09-16 13:13:12.120000,415.6582322657729,95
2024-09-16 13:13:12.224000,415.7018023625266,13
2024-09-16 13:13:12.273000,415.6782883201969,997
2024-09-16 13:13:12.284000,415.7218849468034,101
2024-09-16 13:13:12.318000,415.6727417261574,9
2024-09-16 13:13:12.412000,415.6676594741537,12
2024-09-16 13:13:12.414000,415.6616434097589,1003
2024-09-16 13:13:12.422000,415.661879188014,1002
2024-09-16 13:13:12.425000,415.6690602425457,999
2024-09-16 13:13:12.443000,415.6603604754744,105
2024-09-16 13:13:12.450000,415.6754829699372,95
2024-09-16 13:13:12.457000,415.6663447373296,96
2024-09-16 13:13:12.458000,415.6840569678504,14
2024-09-16 13:13:12.541000,415.6719343704722,1003
2024-09-16 13:13:12.577000,415.6625506022086,101
2024-09-16 13:13:12.589000,415.7181558011586,13
2024-09-16 13:13:12.594000,415.69428637072303,97
2024-09-16 13:13:12.620000,415.7032897404975,996
2024-09-16 13:13:12.627000,415.67776183934245,12
2024-09-16 13:13:12.637000,415.6754886250431,996
2024-09-16 13:13:12.639000,415.6701883775776,1001
2024-09-16 13:13:12.707000,415.7130385006752,12
2024-09-16 13:13:12.710000,415.7117279131041,14
2024-09-16 13:13:12.730000,415.7028152583065,11
2024-09-16 13:13:12.868000,415.7064084154742,95
2024-09-16 13:13:12.878000,415.6880992112166,1000
2024-09-16 13:13:13.003000,415.69135093022993,10
2024-09-16 13:13:13.049000,415.70829417481207,8
2024-09-16 13:13:13.165000,415.74106814176514,10
2024-09-16 13:13:13.179000,415.7501123069889,97
2024-09-16 13:13:13.220000,415.6849908015278,998
2024-09-16 13:13:13.280000,415.7143608903528,11
2024-09-16 13:13:13.365000,415.73982776407854,1000
2024-09-16 13:13:13.413000,415.67885483996,999
2024-09-16 13:13:13.454000,415.7335610523052,999
2024-09-16 13:13:13.492000,415.6767056689808,105
2024-09-16 13:13:13.655000,415.73063952264687,10
2024-09-16 13:13:13.657000,415.7248324396247,8
2024-09-16 13:13:13.786000,415.7266408436353,100
2024-09-16 13:13:13.873000,415.7391284614515,100
2024-09-16 13:13:13.877000,415.7541874246684,10
2024-09-16 13:13:13.914000,415.7389046281969,13
2024-09-16 13:13:13.923000,415.67715024245393,5
2024-09-16 13:13:13.974000,415.7479295713948,1002
2024-09-16 13:13:13.988000,415.7220679393486,997
2024-09-16 13:13:14.102000,415.7673751685277,12
2024-09-16 13:13:14.155000,415.7482328077067,104
2024-09-16 13:13:14.174000,415.7545183920995,101
2024-09-16 13:13:14.268000,415.746994616653,1000
2024-09-16 13:13:14.460000,415.7546595227876,12
2024-09-16 13:13:14.528000,415.75774382185887,1003
2024-09-16 13:13:14.576000,415.7436403943989,7
2024-09-16 13:13:14.702000,415.7609076823447,997
2024-09-16 13:13:14.722000,415.7404353241636,96
2024-09-16 13:13:14.839000,415.737445835233,995
2024-09-16 13:13:14.877000,415.7791461601837,6
2024-09-16 13:13:15.081000,415.7546756628989,5
2024-09-16 13:13:15.250000,415.7421162816264,14
2024-09-16 13:13:15.305000,415.7405685442765,101
2024-09-16 13:13:15.894000,415.7446682252,6
2024-09-16 13:13:16.167000,415.7489295483135,100
2024-09-16 13:13:16.185000,415.72268778365407,1004
2024-09-16 13:13:16.375000,415.71129742115886,103
2024-09-16 13:13:16.572000,415.7188494763508,999
2024-09-16 13:13:16.617000,415.743863533177,96
2024-09-16 13:13:16.685000,415.750516642596,1001
2024-09-16 13:13:16.734000,415.7033037506829,1001
2024-09-16 13:13:16.779000,415.7198191825826,995
2024-09-16 13:13:16.824000,415.7321165716509,5
2024-09-16 13:13:16.998000,415.7008229033983,8
2024-09-16 13:13:17.059000,415.6915746957376,998
2024-09-16 13:13:17.091000,415.6349848168791,105
2024-09-16 13:13:17.101000,415.6254004640827,10
2024-09-16 13:13:17.109000,415.6514189079247,1003
2024-09-16 13:13:17.272000,415.6221284280229,9
2024-09-16 13:13:17.355000,415.6681581263561,996
2024-09-16 13:13:17.356000,415.6285066506076,996
2024-09-16 13:13:17.366000,415.6317488095093,6
2024-09-16 13:13:17.373000,415.66700048628354,1004
2024-09-16 13:13:17.407000,415.6684174860332,1000
2024-09-16 13:13:17.492000,415.6624201732121,8
2024-09-16 13:13:17.511000,415.6154603730272,95
2024-09-16 13:13:17.527000,415.65363180353125,7
2024-09-16 13:13:17.577000,415.648557619472,1002
2024-09-16 13:13:17.693000,415.6047167709224,95
2024-09-16 13:13:17.834000,415.6072549252218,7
2024-09-16 13:13:17.862000,415.6102946004281,10
2024-09-16 13:13:17.892000,415.6662576151437,12
2024-09-16 13:13:17.983000,415.6962900135874,1005
2024-09-16 13:13:18.120000,415.6908449274143,5
2024-09-16 13:13:18.926000,415.6625223641332,1002
2024-09-16 13:13:19.115000,415.6918826901817,7
2024-09-16 13:13:19.129000,415.70880547411167,1001
2024-09-16 13:13:19.131000,415.6820064761894,104
2024-09-16 13:13:19.362000,415.71471505906464,104
2024-09-16 13:13:19.379000,415.7120448684253,1002
2024-09-16 13:13:19.395000,415.6846938917784,1003
2024-09-16 13:13:19.404000,415.7297764184287,10
2024-09-16 13:13:19.415000,415.6886001215,999
2024-09-16 13:13:19.441000,415.709576733608,998
2024-09-16 13:13:19.528000,415.6991845857519,1003
2024-09-16 13:13:19.555000,415.67486189544366,98
2024-09-16 13:13:19.604000,415.69466948488486,995
2024-09-16 13:13:19.614000,415.6744133351476,14
2024-09-16 13:13:19.703000,415.72349472400094,995
2024-09-16 13:13:19.758000,415.7105195863687,13
2024-09-16 13:13:19.782000,415.7123350301019,7
2024-09-16 13:13:19.802000,415.7272424137567,9
2024-09-16 13:13:19.819000,415.7172302633616,12
2024-09-16 13:13:19.838000,415.703300857224,99
2024-09-16 13:13:19.850000,415.7019173273305,97
2024-09-16 13:13:20.025000,415.7165047737774,10
2024-09-16 13:13:20.065000,415.6676830880557,1004
2024-09-16 13:13:20.102000,415.6610586715567,105
2024-09-16 13:13:20.103000,415.7016147650847,105
2024-09-16 13:13:20.147000,415.6999303283831,103
2024-09-16 13:13:20.280000,415.6663556238749,101
2024-09-16 13:13:20.428000,415.6957053176613,101
2024-09-16 13:13:20.533000,415.70486646535016,8
2024-09-16 13:13:20.725000,415.6963674205062,98
2024-09-16 13:13:20.773000,415.6959739398266,15
2024-09-16 13:13:20.795000,415.705301631407,1004
2024-09-16 13:13:20.795000,415.68428978696375,1003
2024-09-16 13:13:20.874000,415.6654535696508,14
2024-09-16 13:13:21.083000,415.6894923448308,13
2024-09-16 13:13:21.108000,415.7042275337082,1004
2024-09-16 13:13:21.283000,415.69177676260114,8
2024-09-16 13:13:21.309000,415.6871575782935,995
2024-09-16 13:13:21.543000,415.67969036027097,95
2024-09-16 13:13:21.552000,415.68945783382304,1003
2024-09-16 13:13:21.718000,415.6954208893718,102
2024-09-16 13:13:21.784000,415.68982873790407,14
2024-09-16 13:13:21.792000,415.6907587203893,9
2024-09-16 13:13:21.909000,415.6793559150315,102
2024-09-16 13:13:21.924000,415.6712784053557,7
2024-09-16 13:13:21.953000,415.6772178334146,102
2024-09-16 13:13:21.979000,415.7007729269778,1003
2024-09-16 13:13:22.022000,415.6938728100016,14
2024-09-16 13:13:22.065000,415.6747539882212,11
2024-09-16 13:13:22.178000,415.68704998810495,8
2024-09-16 13:13:22.185000,415.69117536688736,95
2024-09-16 13:13:22.313000,415.7102353986836,104
2024-09-16 13:13:22.440000,415.70327652799904,99
2024-09-16 13:13:22.512000,415.6985829821775,1005
2024-09-16 13:13:22.687000,415.7052398554262,1001
2024-09-16 13:13:22.766000,415.68229671266914,98
2024-09-16 13:13:22.874000,415.6961114496677,96
2024-09-16 13:13:23.080000,415.6768078470214,99
2024-09-16 13:13:23.086000,415.6245322551586,1000
2024-09-16 13:13:23.134000,415.6653761693333,101
2024-09-16 13:13:23.230000,415.6418302127904,7
2024-09-16 13:13:23.384000,415.6490765533007,9
2024-09-16 13:13:23.386000,415.653596562838,997
2024-09-16 13:13:23.488000,415.65692076137145,1001
2024-09-16 13:13:23.569000,415.6148648199657,98
2024-09-16 13:13:23.646000,415.62070770919706,10
2024-09-16 13:13:23.675000,415.6842899025633,995
2024-09-16 13:13:23.766000,415.6209039934172,995
2024-09-16 13:13:23.805000,415.6282844729979,99
2024-09-16 13:13:23.870000,415.6377679529886,1004
2024-09-16 13:13:23.893000,415.6762699170063,1001
2024-09-16 13:13:23.899000,415.6128530934431,1003
2024-09-16 13:13:23.913000,415.6739420071517,100
2024-09-16 13:13:23.965000,415.62515194657817,998
2024-09-16 13:13:23.986000,415.61429213786647,997
2024-09-16 13:13:24.299000,415.6182146552511,103
2024-09-16 13:13:24.350000,415.6372566217032,98
2024-09-16 13:13:24.397000,415.65063016604273,9
2024-09-16 13:13:24.850000,415.6019714984967,7
2024-09-16 13:13:24.952000,415.6576686525284,7
2024-09-16 13:13:24.961000,415.6664237050905,1000
2024-09-16 13:13:25.091000,415.6825766927225,104
2024-09-16 13:13:25.100000,415.6587891549343,996
2024-09-16 13:13:25.840000,415.6415597082702,6
2024-09-16 13:13:26.004000,415.6780590058554,1005
2024-09-16 13:13:26.100000,415.6253983379583,11
2024-09-16 13:13:26.119000,415.6839807524231,99
2024-09-16 13:13:26.133000,415.6219668436602,1003
2024-09-16 13:13:26.242000,415.6346329637024,995
2024-09-16 13:13:26.323000,415.62359060137743,97
2024-09-16 13:13:26.338000,415.6288813832557,103
2024-09-16 13:13:26.388000,415.6379735777181,999
2024-09-16 13:13:26.410000,415.67384367913695,7
2024-09-16 13:13:26.420000,415.6960100848764,10
2024-09-16 13:13:26.630000,415.7063821516134,1004
2024-09-16 13:13:26.669000,415.6323460560132,995
2024-09-16 13:13:26.671000,415.661720885548,8
2024-09-16 13:13:26.706000,415.6233381775311,996
2024-09-16 13:13:26.737000,415.706991808201,10
2024-09-16 13:13:26.763000,415.708171651801,999
2024-09-16 13:13:26.809000,415.71261568843687,15
2024-09-16 13:13:26.822000,415.705387940233,8
2024-09-16 13:13:26.823000,415.6977983313929,15
2024-09-16 13:13:26.823000,415.686142247064,1005
2024-09-16 13:13:26.894000,415.6298571215025,12
2024-09-16 13:13:26.901000,415.70067867553,102
2024-09-16 13:13:26.925000,415.6807112440442,7
2024-09-16 13:13:26.951000,415.7158894824066,14
2024-09-16 13:13:26.977000,415.7117615885717,104
2024-09-16 13:13:26.991000,415.70776782267785,14
2024-09-16 13:13:27.112000,415.7360291599817,100
2024-09-16 13:13:27.279000,415.6717302014424,7
2024-09-16 13:13:27.386000,415.6839313830568,1004
2024-09-16 13:13:27.408000,415.69809094908175,96
2024-09-16 13:13:27.423000,415.691039476348,999
2024-09-16 13:13:27.579000,415.7288568105168,6
2024-09-16 13:13:27.647000,415.7158896640997,103
2024-09-16 13:13:27.801000,415.71744596148,7
2024-09-16 13:13:27.873000,415.7163017969273,1001
2024-09-16 13:13:27.938000,415.7194751064496,13
2024-09-16 13:13:27.988000,415.67746149536833,1003
2024-09-16 13:13:28.012000,415.66938122581183,5
2024-09-16 13:13:28.075000,415.6777951405236,104
2024-09-16 13:13:28.507000,415.67693840166186,5
2024-09-16 13:13:28.876000,415.6702198625746,1002
2024-09-16 13:13:28.883000,415.71038753901706,95
2024-09-16 13:13:29.033000,415.7224035411909,95
2024-09-16 13:13:29.114000,415.7311053669068,1005
2024-09-16 13:13:29.472000,415.7256491888545,998
2024-09-16 13:13:29.537000,415.711572205528,1000
2024-09-16 13:13:29.626000,415.7274538065716,997
2024-09-16 13:13:30.081000,415.6291792712399,14
2024-09-16 13:13:30.151000,415.664821420966,97
2024-09-16 13:13:30.295000,415.6470149879845,9
2024-09-16 13:13:30.368000,415.65100860548495,7
2024-09-16 13:13:30.385000,415.62947979650687,9
2024-09-16 13:13:30.472000,415.6859917092112,6
2024-09-16 13:13:30.542000,415.6830760887,7
2024-09-16 13:13:30.613000,415.6388472812853,1003
2024-09-16 13:13:30.676000,415.6475367891281,11
2024-09-16 13:13:30.817000,415.6559876649296,11
2024-09-16 13:13:30.894000,415.7057843489857,1002
2024-09-16 13:13:30.990000,415.6348916477949,100
2024-09-16 13:13:31.007000,415.6294098476555,100
2024-09-16 13:13:31.020000,415.618643969308,14
2024-09-16 13:13:31.061000,415.6139955634844,100
2024-09-16 13:13:31.096000,415.6264947506963,995
2024-09-16 13:13:31.151000,415.636659967539,7
2024-09-16 13:13:31.161000,415.60451865597935,1004
2024-09-16 13:13:31.193000,415.61843331167233,1004
2024-09-16 13:13:31.213000,415.6325353450707,9
2024-09-16 13:13:31.217000,415.63680437005706,96
2024-09-16 13:13:31.238000,415.6212263879734,1005
2024-09-16 13:13:31.258000,415.627195479331,998
2024-09-16 13:13:31.302000,415.6334045165674,6
2024-09-16 13:13:31.336000,415.6300619754261,998
2024-09-16 13:13:31.389000,415.6421911849483,997
2024-09-16 13:13:31.422000,415.6191161142124,100
2024-09-16 13:13:31.470000,415.6012930876943,995
2024-09-16 13:13:31.499000,415.60759760012206,15
2024-09-16 13:13:31.525000,415.61274653655113,99
2024-09-16 13:13:31.546000,415.621102945189,102
2024-09-16 13:13:31.579000,415.62786187617326,99
2024-09-16 13:13:31.628000,415.62433582905226,10
2024-09-16 13:13:31.642000,415.62517323210494,997
2024-09-16 13:13:31.691000,415.6270932025403,96
2024-09-16 13:13:31.767000,415.6240974293627,1001
2024-09-16 13:13:31.801000,415.6210030341637,6
2024-09-16 13:13:31.827000,415.59086146765407,1005
2024-09-16 13:13:31.913000,415.63375576180863,998
2024-09-16 13:13:31.927000,415.63910135266326,996
2024-09-16 13:13:32.152000,415.6108495799701,7
2024-09-16 13:13:32.237000,415.5874872943457,12
2024-09-16 13:13:32.416000,415.5929644269573,100
2024-09-16 13:13:32.490000,415.5693592636064,1003
2024-09-16 13:13:32.506000,415.5858585906311,995
2024-09-16 13:13:32.534000,415.5720755610215,95
2024-09-16 13:13:32.564000,415.5935557295583,13
2024-09-16 13:13:32.600000,415.5748055633659,5
2024-09-16 13:13:32.644000,415.5965151266723,105
2024-09-16 13:13:32.717000,415.564563036024,1000
2024-09-16 13:13:32.819000,415.6167458753806,999
2024-09-16 13:13:33.014000,415.579768918138,96
2024-09-16 13:13:33.056000,415.5928991991457,996
2024-09-16 13:13:33.166000,415.5665976929362,13
2024-09-16 13:13:33.201000,415.6215480220764,6
2024-09-16 13:13:33.263000,415.60160234591103,5
2024-09-16 13:13:33.326000,415.61016267256485,7
2024-09-16 13:13:33.417000,415.5882873995109,97
2024-09-16 13:13:33.541000,415.58531950636734,99
2024-09-16 13:13:33.591000,415.5934109858447,999
2024-09-16 13:13:33.596000,415.6160733340061,1002
2024-09-16 13:13:33.857000,415.5865080166774,1002
2024-09-16 13:13:33.858000,415.6148623382372,105
2024-09-16 13:13:33.883000,415.5946399521609,997
2024-09-16 13:13:33.991000,415.5760837535111,998
2024-09-16 13:13:34.124000,415.588649191193,7
2024-09-16 13:13:34.147000,415.53692115268046,105
2024-09-16 13:13:34.149000,415.56462678677815,998
2024-09-16 13:13:34.157000,415.5162229233319,97
2024-09-16 13:13:34.215000,415.5712363783928,98
2024-09-16 13:13:34.227000,415.514081535332,6
2024-09-16 13:13:34.245000,415.4868465511757,995
2024-09-16 13:13:34.258000,415.564571265235,10
2024-09-16 13:13:34.372000,415.5322230226768,1002
2024-09-16 13:13:34.380000,415.5865587840858,95
2024-09-16 13:13:34.755000,415.5098333461024,995
2024-09-16 13:13:34.825000,415.5849832192472,12
2024-09-16 13:13:34.900000,415.48276658364,105
2024-09-16 13:13:34.927000,415.5230469943209,1002
2024-09-16 13:13:34.945000,415.5548285973024,6
2024-09-16 13:13:35.077000,415.5237389690019,15
2024-09-16 13:13:35.090000,415.5161724072747,15
2024-09-16 13:13:35.106000,415.4859116402752,1002
2024-09-16 13:13:35.143000,415.5231803906912,10
2024-09-16 13:13:35.155000,415.4932096705168,98
2024-09-16 13:13:35.195000,415.52242530405215,102
2024-09-16 13:13:35.225000,415.5480857621368,1002
2024-09-16 13:13:35.247000,415.53100641533865,104
2024-09-16 13:13:35.257000,415.4998117332146,1004
2024-09-16 13:13:35.289000,415.5060811022637,1002
2024-09-16 13:13:35.323000,415.533612567294,11
2024-09-16 13:13:35.411000,415.50688316008905,104
2024-09-16 13:13:35.434000,415.5183994039187,1002
2024-09-16 13:13:35.471000,415.5251418336909,104
2024-09-16 13:13:35.516000,415.5142545119384,9
2024-09-16 13:13:35.533000,415.4881401646314,6
2024-09-16 13:13:35.571000,415.4674318229922,6
2024-09-16 13:13:35.648000,415.4956588124657,5
2024-09-16 13:13:35.671000,415.5143567771322,999
2024-09-16 13:13:35.672000,415.51641033193937,96
2024-09-16 13:13:35.707000,415.4857592990829,13
2024-09-16 13:13:35.806000,415.5327793709126,1003
2024-09-16 13:13:35.824000,415.5461951465379,97
2024-09-16 13:13:35.903000,415.5118045184808,104
2024-09-16 13:13:35.993000,415.5379539411784,15
2024-09-16 13:13:35.993000,415.5118980168343,99
2024-09-16 13:13:36.103000,415.56091865124273,9
2024-09-16 13:13:36.105000,415.566059015507,100
2024-09-16 13:13:36.159000,415.5597444180974,5
2024-09-16 13:13:36.193000,415.544112610596,5
2024-09-16 13:13:36.215000,415.57137299994,15
2024-09-16 13:13:36.313000,415.5342343732215,1005
2024-09-16 13:13:36.349000,415.5489827152667,999
2024-09-16 13:13:36.358000,415.53488147081833,14
2024-09-16 13:13:36.396000,415.5409080665007,1004
2024-09-16 13:13:36.434000,415.5518521973276,1005
2024-09-16 13:13:36.470000,415.5329386897136,997
2024-09-16 13:13:36.475000,415.5575951778877,14
2024-09-16 13:13:36.509000,415.5583440782411,1002
2024-09-16 13:13:36.765000,415.5665987778718,998
2024-09-16 13:13:36.766000,415.5626776026298,997
2024-09-16 13:13:36.826000,415.5720816111684,1001
2024-09-16 13:13:36.872000,415.5399886933752,1003
2024-09-16 13:13:36.912000,415.537551771192,6
2024-09-16 13:13:36.933000,415.5611250355515,1002
2024-09-16 13:13:36.974000,415.5799870234112,97
2024-09-16 13:13:37.017000,415.5559778468884,6
2024-09-16 13:13:37.046000,415.5822258779463,996
2024-09-16 13:13:37.058000,415.5831596613539,105
2024-09-16 13:13:37.129000,415.57245746525314,998
2024-09-16 13:13:37.141000,415.59771170397113,98
2024-09-16 13:13:37.326000,415.5711234570848,100
2024-09-16 13:13:37.348000,415.5789617696416,9
2024-09-16 13:13:37.390000,415.56022035494215,11
2024-09-16 13:13:37.412000,415.5692693079312,1002
2024-09-16 13:13:37.541000,415.5469420219248,98
2024-09-16 13:13:37.603000,415.5765698711468,10
2024-09-16 13:13:37.604000,415.5783701390132,103
2024-09-16 13:13:37.645000,415.58945218567936,997
2024-09-16 13:13:37.783000,415.5751135575405,5
2024-09-16 13:13:37.803000,415.5858447497251,6
2024-09-16 13:13:37.816000,415.5766137284409,996
2024-09-16 13:13:37.826000,415.5635541319992,96
2024-09-16 13:13:37.846000,415.57323876788695,1004
2024-09-16 13:13:38.030000,415.5278359806475,95
2024-09-16 13:13:38.048000,415.5471785536018,100
2024-09-16 13:13:38.113000,415.5590857510925,995
2024-09-16 13:13:38.125000,415.5265149469086,996
2024-09-16 13:13:38.285000,415.5647188381672,98
2024-09-16 13:13:38.290000,415.5319680765559,1004
2024-09-16 13:13:38.292000,415.56495671225895,11
2024-09-16 13:13:38.360000,415.5580029475408,13
2024-09-16 13:13:38.602000,415.5336661448768,10
2024-09-16 13:13:38.621000,415.5739727799794,97
2024-09-16 13:13:38.655000,415.5446246683359,96
2024-09-16 13:13:38.661000,415.5275988934973,96
2024-09-16 13:13:38.769000,415.5434318176585,12
2024-09-16 13:13:38.809000,415.5721091530091,8
2024-09-16 13:13:38.873000,415.5554391213655,101
2024-09-16 13:13:38.923000,415.5567814526009,998
2024-09-16 13:13:38.923000,415.54623760648576,12
2024-09-16 13:13:38.989000,415.5768600194023,104
2024-09-16 13:13:39.055000,415.45278332112,999
2024-09-16 13:13:39.086000,415.4605095311082,5
2024-09-16 13:13:39.097000,415.4754537253121,1005
2024-09-16 13:13:39.198000,415.4884484039258,13
2024-09-16 13:13:39.200000,415.4378468486876,10
2024-09-16 13:13:39.232000,415.5052748686684,1002
2024-09-16 13:13:39.352000,415.48198818026265,996
2024-09-16 13:13:39.372000,415.4883974569101,1005
2024-09-16 13:13:39.385000,415.5023695864425,102
2024-09-16 13:13:39.505000,415.4476634233952,999
2024-09-16 13:13:39.542000,415.4655426674876,1000
2024-09-16 13:13:39.619000,415.4897907322656,6
2024-09-16 13:13:39.630000,415.49618560100186,8
2024-09-16 13:13:39.651000,415.4593080784192,14
2024-09-16 13:13:39.677000,415.4537616519292,9
2024-09-16 13:13:39.692000,415.47444590785983,1001
2024-09-16 13:13:39.700000,415.4444190190202,995
2024-09-16 13:13:39.722000,415.4758220580928,998
2024-09-16 13:13:39.728000,415.4915549717052,9
2024-09-16 13:13:39.743000,415.45203165157534,1004
2024-09-16 13:13:39.761000,415.5169745409102,8
2024-09-16 13:13:39.806000,415.4546766828163,1000
2024-09-16 13:13:39.882000,415.4702091637273,13
2024-09-16 13:13:39.939000,415.4659807833965,5
2024-09-16 13:13:39.949000,415.4837631034183,11
2024-09-16 13:13:40.261000,415.46470731827793,7
2024-09-16 13:13:40.377000,415.4535476296596,96
2024-09-16 13:13:40.477000,415.4597311037517,13
2024-09-16 13:13:41.196000,415.459256684806,95
2024-09-16 13:13:41.223000,415.4455410966876,14
2024-09-16 13:13:41.241000,415.44521942581895,98
2024-09-16 13:13:41.303000,415.4815929923228,9
2024-09-16 13:13:41.586000,415.4525438558042,5
2024-09-16 13:13:41.711000,415.4406763097252,100
2024-09-16 13:13:41.731000,415.45925490781946,14
2024-09-16 13:13:41.759000,415.47034472110425,5
2024-09-16 13:13:41.763000,415.4743491270534,996
2024-09-16 13:13:41.909000,415.4550927587369,14
2024-09-16 13:13:42.087000,415.4718168989815,101
2024-09-16 13:13:42.143000,415.4199159873953,1000
2024-09-16 13:13:42.219000,415.4429605440274,999
2024-09-16 13:13:42.272000,415.4337325313789,1005
2024-09-16 13:13:42.275000,415.414463745621,14
2024-09-16 13:13:42.361000,415.43344508919006,105
2024-09-16 13:13:42.484000,415.4590828535759,100
2024-09-16 13:13:42.561000,415.4251099129193,9
2024-09-16 13:13:42.651000,415.45401477905045,101
2024-09-16 13:13:42.696000,415.44113468781217,101
2024-09-16 13:13:42.959000,415.4575649023043,1001
2024-09-16 13:13:43.009000,415.3497270102405,995
2024-09-16 13:13:43.060000,415.3883028704629,15
2024-09-16 13:13:43.073000,415.43152539794863,6
2024-09-16 13:13:43.086000,415.3976167187242,105
2024-09-16 13:13:43.109000,415.3639495454269,997
2024-09-16 13:13:43.152000,415.3791561324065,8
2024-09-16 13:13:43.228000,415.3485050607906,100
2024-09-16 13:13:43.283000,415.3455609988415,11
2024-09-16 13:13:43.284000,415.4191287728461,6
2024-09-16 13:13:43.308000,415.3552239623484,100
2024-09-16 13:13:43.330000,415.374218134358,6
2024-09-16 13:13:43.373000,415.4227259453564,1000
2024-09-16 13:13:43.427000,415.44174744478977,9
2024-09-16 13:13:43.606000,415.4420847613286,13
2024-09-16 13:13:43.635000,415.3794582375919,995
2024-09-16 13:13:43.665000,415.4219537622138,1003
2024-09-16 13:13:43.687000,415.3635339966367,1001
2024-09-16 13:13:43.716000,415.3410479162044,999
2024-09-16 13:13:43.742000,415.4449804673551,96
2024-09-16 13:13:43.743000,415.36588771042005,13
2024-09-16 13:13:43.755000,415.3461806330156,7
2024-09-16 13:13:43.783000,415.4427735085613,998
2024-09-16 13:13:43.874000,415.3672883802085,15
2024-09-16 13:13:43.889000,415.3538427476117,1002
2024-09-16 13:13:43.917000,415.4162991663844,104
2024-09-16 13:13:43.930000,415.3669416891981,5
2024-09-16 13:13:43.950000,415.3550158191725,1004
2024-09-16 13:13:44.184000,415.3653043192281,10
2024-09-16 13:13:44.227000,415.3393335077163,10
2024-09-16 13:13:44.270000,415.3459748643042,105
2024-09-16 13:13:44.306000,415.346570196953,105
2024-09-16 13:13:44.368000,415.35669112821057,995
2024-09-16 13:13:44.513000,415.3604862141456,6
2024-09-16 13:13:44.550000,415.3382743669321,997
2024-09-16 13:13:44.886000,415.3539967618582,1003
2024-09-16 13:13:45.399000,415.3628657780782,101
2024-09-16 13:13:45.633000,415.37067595753166,995
2024-09-16 13:13:45.926000,415.3671954883208,103
2024-09-16 13:13:46.072000,415.3725404865386,7
2024-09-16 13:13:46.155000,415.373896162441,103
2024-09-16 13:13:46.158000,415.3530155918835,995
2024-09-16 13:13:46.249000,415.3827216758432,9
2024-09-16 13:13:46.260000,415.3669750365701,98
2024-09-16 13:13:46.290000,415.3743431163491,96
2024-09-16 13:13:46.509000,415.3388053729632,998
2024-09-16 13:13:46.510000,415.3745034139371,95
2024-09-16 13:13:46.566000,415.3502349004762,6
2024-09-16 13:13:46.813000,415.3551704270743,6
2024-09-16 13:13:46.926000,415.3628526074984,105
2024-09-16 13:13:47.170000,415.4136868739417,97
2024-09-16 13:13:47.179000,415.4279834129408,96
2024-09-16 13:13:47.219000,415.4024908120269,13
2024-09-16 13:13:47.449000,415.41053276804575,98
2024-09-16 13:13:47.743000,415.43589492009954,11
2024-09-16 13:13:47.744000,415.4214280234897,100
2024-09-16 13:13:47.940000,415.4027219015779,10
2024-09-16 13:13:48.182000,415.4073278395492,105
2024-09-16 13:13:48.223000,415.372154172694,15
2024-09-16 13:13:48.342000,415.3719792339264,99
2024-09-16 13:13:48.391000,415.3724157616409,7
2024-09-16 13:13:48.458000,415.363590112628,12
2024-09-16 13:13:48.642000,415.36171645045977,1003
2024-09-16 13:13:48.648000,415.38188820519866,12
2024-09-16 13:13:48.846000,415.4043039157391,105
2024-09-16 13:13:48.847000,415.35159795112025,10
2024-09-16 13:13:48.989000,415.3942231052436,14
2024-09-16 13:13:48.990000,415.34832834379705,5
2024-09-16 13:13:49.028000,415.35499589513256,999
2024-09-16 13:13:49.064000,415.3678697595324,96
2024-09-16 13:13:49.155000,415.34058881316406,1002
2024-09-16 13:13:49.180000,415.3559614283802,8
2024-09-16 13:13:49.193000,415.3541721992158,97
2024-09-16 13:13:49.234000,415.382606145801,999
2024-09-16 13:13:49.264000,415.368526442396,12
2024-09-16 13:13:49.577000,415.3362298973523,100
2024-09-16 13:13:49.591000,415.3670648840092,998
2024-09-16 13:13:49.699000,415.352873338742,1005
2024-09-16 13:13:49.721000,415.35537579952666,97
2024-09-16 13:13:49.738000,415.3735440960526,12
2024-09-16 13:13:49.761000,415.3305305290911,10
2024-09-16 13:13:49.985000,415.3734553195104,102
2024-09-16 13:13:50.133000,415.4366186988224,12
2024-09-16 13:13:50.190000,415.46934690122055,1002
2024-09-16 13:13:50.210000,415.4589972227338,13
2024-09-16 13:13:50.218000,415.4043411347656,13
2024-09-16 13:13:50.264000,415.4127611785568,97
2024-09-16 13:13:50.276000,415.4500238130771,95
2024-09-16 13:13:50.310000,415.45692045534514,999
2024-09-16 13:13:50.351000,415.478893522269,996
2024-09-16 13:13:50.367000,415.4620474986485,1001
2024-09-16 13:13:50.373000,415.3877229097049,6
2024-09-16 13:13:50.463000,415.4145929459801,1001
2024-09-16 13:13:50.499000,415.3958247731143,100
2024-09-16 13:13:50.600000,415.457749513776,997
2024-09-16 13:13:50.625000,415.4442233673852,14
2024-09-16 13:13:50.672000,415.4684131171287,9
2024-09-16 13:13:50.707000,415.4735658091497,98
2024-09-16 13:13:50.712000,415.43468433682784,98
2024-09-16 13:13:50.771000,415.4006506909628,103
2024-09-16 13:13:50.801000,415.3813583156461,9
2024-09-16 13:13:50.869000,415.39493351904,9
2024-09-16 13:13:50.883000,415.47007849644655,999
2024-09-16 13:13:50.889000,415.3993872018352,995
2024-09-16 13:13:50.942000,415.4747653462672,11
2024-09-16 13:13:50.965000,415.4120762151188,96
2024-09-16 13:13:50.982000,415.4302800044716,8
2024-09-16 13:13:51.160000,415.4053359818942,100
2024-09-16 13:13:51.215000,415.3746839741518,101
2024-09-16 13:13:51.319000,415.4670947318709,1001
2024-09-16 13:13:51.544000,415.4566574190712,105
2024-09-16 13:13:52.039000,415.4388419011944,99
2024-09-16 13:13:52.141000,415.3670086934334,10
2024-09-16 13:13:52.325000,415.43396558824463,1003
2024-09-16 13:13:52.341000,415.3862550153335,13
2024-09-16 13:13:52.614000,415.37534390649193,101
2024-09-16 13:13:52.639000,415.4364290707132,5
2024-09-16 13:13:52.811000,415.3633120489173,1000
2024-09-16 13:13:52.950000,415.4332104825223,995
2024-09-16 13:13:52.982000,415.37442500646,98
2024-09-16 13:13:53.016000,415.4607343314893,998
2024-09-16 13:13:53.103000,415.5082078365172,6
2024-09-16 13:13:53.263000,415.4950677996743,6
2024-09-16 13:13:53.396000,415.5288456903464,12
2024-09-16 13:13:53.463000,415.5267509447427,1001
2024-09-16 13:13:53.502000,415.5638210775671,103
2024-09-16 13:13:53.533000,415.5045851660813,96
2024-09-16 13:13:53.534000,415.51588717980553,97
2024-09-16 13:13:53.607000,415.5515266936711,1002
2024-09-16 13:13:53.847000,415.543791453432,15
2024-09-16 13:13:53.935000,415.5635288034488,13
2024-09-16 13:13:53.939000,415.5515520131498,6
2024-09-16 13:13:54.090000,415.58024238742007,7
2024-09-16 13:13:54.382000,415.5725559665423,1001
2024-09-16 13:13:54.632000,415.5781343679789,99
2024-09-16 13:13:54.698000,415.5698563011359,98
2024-09-16 13:13:54.724000,415.56845884036375,1004
2024-09-16 13:13:54.952000,415.556096282971,15
2024-09-16 13:13:55.040000,415.563131020891,95
2024-09-16 13:13:55.084000,415.5689670763953,12
2024-09-16 13:13:55.090000,415.5770657153376,998
2024-09-16 13:13:55.111000,415.58362272674174,5
2024-09-16 13:13:55.122000,415.55805404810434,100
2024-09-16 13:13:55.187000,415.5106980820791,8
2024-09-16 13:13:55.246000,415.49388851881866,105
2024-09-16 13:13:55.294000,415.5225668297841,104
2024-09-16 13:13:55.354000,415.564754975261,5
2024-09-16 13:13:55.375000,415.5705015127536,9
2024-09-16 13:13:55.377000,415.5438626622024,998
2024-09-16 13:13:55.398000,415.5493696662399,1004
2024-09-16 13:13:55.421000,415.5599079141588,104
2024-09-16 13:13:55.482000,415.5653087174841,998
2024-09-16 13:13:55.492000,415.5055018971845,99
2024-09-16 13:13:55.578000,415.562615423944,105
2024-09-16 13:13:55.579000,415.50218718736966,13
2024-09-16 13:13:55.615000,415.5016470415962,10
2024-09-16 13:13:55.701000,415.5255733500454,95
2024-09-16 13:13:55.731000,415.5205556386595,8
2024-09-16 13:13:55.748000,415.5577331552191,1000
2024-09-16 13:13:55.791000,415.56431877535965,997
2024-09-16 13:13:55.875000,415.5572996089152,103
2024-09-16 13:13:55.956000,415.5387071993447,999
2024-09-16 13:13:55.970000,415.5589216397222,104
2024-09-16 13:13:56.011000,415.52321744899234,5
2024-09-16 13:13:56.142000,415.47930340892657,996
2024-09-16 13:13:56.165000,415.48004731415335,14
2024-09-16 13:13:56.185000,415.492573812396,14
2024-09-16 13:13:56.224000,415.4291115426927,996
2024-09-16 13:13:56.250000,415.4597978975529,997
2024-09-16 13:13:56.321000,415.4295317717391,103
2024-09-16 13:13:56.327000,415.4260746302383,998
2024-09-16 13:13:56.387000,415.4948701428861,5
2024-09-16 13:13:56.395000,415.4441605412039,14
2024-09-16 13:13:56.447000,415.4453114509677,996
2024-09-16 13:13:56.481000,415.4911243762557,11
2024-09-16 13:13:56.534000,415.45299122461535,6
2024-09-16 13:13:56.538000,415.45855073861946,1002
2024-09-16 13:13:56.563000,415.5241938296435,9
2024-09-16 13:13:56.657000,415.4595133684304,1005
2024-09-16 13:13:56.718000,415.5119380014304,104
2024-09-16 13:13:56.764000,415.5045105241866,12
2024-09-16 13:13:56.844000,415.5052219098157,6
2024-09-16 13:13:56.851000,415.447294580557,15
2024-09-16 13:13:56.867000,415.4363440726759,11
2024-09-16 13:13:56.899000,415.42613257601215,8
2024-09-16 13:13:56.926000,415.4828947219469,96
2024-09-16 13:13:56.937000,415.4466015968287,12
2024-09-16 13:13:56.945000,415.4745383577505,1004
2024-09-16 13:13:57.036000,415.4775958962184,105
2024-09-16 13:13:57.045000,415.4169873919016,1005
2024-09-16 13:13:57.063000,415.4729900015551,11
2024-09-16 13:13:57.065000,415.4608710815014,99
2024-09-16 13:13:57.089000,415.4447868194578,1005
2024-09-16 13:13:57.153000,415.4363043947386,1001
2024-09-16 13:13:57.175000,415.4768864512642,100
2024-09-16 13:13:57.235000,415.423674631416,96
2024-09-16 13:13:57.278000,415.48555204099006,998
2024-09-16 13:13:57.370000,415.4682340401036,101
2024-09-16 13:13:57.476000,415.4283002018683,97
2024-09-16 13:13:57.477000,415.487850514314,5
2024-09-16 13:13:57.630000,415.4727102857422,1003
2024-09-16 13:13:57.644000,415.4663418637184,96
2024-09-16 13:13:57.698000,415.4504757206532,9
2024-09-16 13:13:57.904000,415.4228310396682,9
2024-09-16 13:13:57.945000,415.449782127813,6
2024-09-16 13:13:58.032000,415.444337793572,104
2024-09-16 13:13:58.040000,415.4461807046108,6
2024-09-16 13:13:58.092000,415.40349806826174,95
2024-09-16 13:13:58.105000,415.4576246961362,9
2024-09-16 13:13:58.108000,415.42972104496266,100
2024-09-16 13:13:58.204000,415.3924081780464,1005
2024-09-16 13:13:58.250000,415.4466880485533,998
2024-09-16 13:13:58.348000,415.4240634934411,1001
2024-09-16 13:13:58.367000,415.4555673093157,102
2024-09-16 13:13:58.394000,415.4460215419747,10
2024-09-16 13:13:58.424000,415.4076165569784,8
2024-09-16 13:13:58.476000,415.40999446965753,103
2024-09-16 13:13:58.516000,415.4157673223238,97
2024-09-16 13:13:58.530000,415.4170810951503,6
2024-09-16 13:13:58.540000,415.4230805851365,95
2024-09-16 13:13:58.558000,415.446604048696,7
2024-09-16 13:13:58.631000,415.4015882957136,14
2024-09-16 13:13:58.808000,415.4171946770591,97
2024-09-16 13:13:58.831000,415.43915400079953,1002
2024-09-16 13:13:58.895000,415.4632586957412,997
2024-09-16 13:13:58.917000,415.44669146924366,15
2024-09-16 13:13:58.998000,415.4174241838382,1000
2024-09-16 13:13:59.012000,415.4600571746982,998
2024-09-16 13:13:59.084000,415.4537457975277,95
2024-09-16 13:13:59.120000,415.4529264785149,8
2024-09-16 13:13:59.227000,415.49607015767776,1001
2024-09-16 13:13:59.248000,415.47680896605686,995
2024-09-16 13:13:59.263000,415.40581098862975,95
2024-09-16 13:13:59.300000,415.4339907699863,96
2024-09-16 13:13:59.404000,415.4911824818817,105
2024-09-16 13:13:59.497000,415.3941707100103,1002
2024-09-16 13:13:59.722000,415.49846040888815,1003
2024-09-16 13:13:59.722000,415.4571619912135,105
2024-09-16 13:13:59.758000,415.4252930103236,1004
2024-09-16 13:13:59.811000,415.47388495352254,1003
2024-09-16 13:13:59.862000,415.4766611206081,999
2024-09-16 13:13:59.867000,415.4701421152784,96
2024-09-16 13:13:59.874000,415.4961182667737,995
2024-09-16 13:13:59.902000,415.4381346980642,14
2024-09-16 13:13:59.919000,415.46410632417513,97
