Timestamp,Price,Size
2024-09-17 14:22:00.063000,405.197339458817,1000
2024-09-17 14:22:00.070000,405.2321217862543,97
2024-09-17 14:22:00.085000,405.2214289242636,95
2024-09-17 14:22:00.135000,405.22032166214456,995
2024-09-17 14:22:00.163000,405.2415632464567,99
2024-09-17 14:22:00.198000,405.19532062963833,997
2024-09-17 14:22:00.240000,405.2393164674386,1001
2024-09-17 14:22:00.248000,405.2202698512893,995
2024-09-17 14:22:00.271000,405.231663427116,98
2024-09-17 14:22:00.291000,405.248142236461,7
2024-09-17 14:22:00.324000,405.2133648448808,99
2024-09-17 14:22:00.324000,405.2213808942666,12
2024-09-17 14:22:00.440000,405.2293671166215,99
2024-09-17 14:22:00.444000,405.2192105760327,6
2024-09-17 14:22:00.465000,405.1994966441637,100
2024-09-17 14:22:00.473000,405.2423035198223,104
2024-09-17 14:22:00.601000,405.1974933513115,101
2024-09-17 14:22:00.606000,405.22013559556575,997
2024-09-17 14:22:00.623000,405.21902734027645,1003
2024-09-17 14:22:00.635000,405.2074823440896,1002
2024-09-17 14:22:00.742000,405.19736210610193,101
2024-09-17 14:22:00.756000,405.22821829733607,1005
2024-09-17 14:22:00.867000,405.21670735851256,6
2024-09-17 14:22:00.877000,405.20759564885486,104
2024-09-17 14:22:00.906000,405.2104502081368,98
2024-09-17 14:22:00.929000,405.2276077195533,10
2024-09-17 14:22:00.995000,405.2113514893631,12
2024-09-17 14:22:01.104000,405.2527199286551,1002
2024-09-17 14:22:01.162000,405.2488951903964,10
2024-09-17 14:22:01.210000,405.2243986497195,11
2024-09-17 14:22:01.231000,405.2152415922741,12
2024-09-17 14:22:01.320000,405.2323740401692,1001
2024-09-17 14:22:01.335000,405.2433192413968,1000
2024-09-17 14:22:01.471000,405.21913094334906,998
2024-09-17 14:22:01.806000,405.2152927115569,97
2024-09-17 14:22:02.053000,405.31153489147147,12
2024-09-17 14:22:02.073000,405.30972689647336,99
2024-09-17 14:22:02.166000,405.2870373453677,105
2024-09-17 14:22:02.192000,405.2880375107267,12
2024-09-17 14:22:02.260000,405.3000515556259,1001
2024-09-17 14:22:02.261000,405.3303489788632,15
2024-09-17 14:22:02.319000,405.3057552217173,95
2024-09-17 14:22:02.539000,405.33447870027936,997
2024-09-17 14:22:02.580000,405.315873249588,102
2024-09-17 14:22:02.649000,405.30285276989554,103
2024-09-17 14:22:02.717000,405.3243087269488,1002
2024-09-17 14:22:02.754000,405.3096858898996,96
2024-09-17 14:22:02.902000,405.3111898567967,13
2024-09-17 14:22:02.931000,405.3180297909744,100
2024-09-17 14:22:02.959000,405.2660577306444,14
2024-09-17 14:22:03.040000,405.1832394142469,997
2024-09-17 14:22:03.048000,405.25076234965786,11
2024-09-17 14:22:03.205000,405.2043760484357,99
2024-09-17 14:22:03.217000,405.2238882365327,8
2024-09-17 14:22:03.285000,405.2699448328928,997
2024-09-17 14:22:03.292000,405.2908520026247,102
2024-09-17 14:22:03.318000,405.22508204243786,1001
2024-09-17 14:22:03.342000,405.2054491245625,102
2024-09-17 14:22:03.374000,405.2163822465501,1002
2024-09-17 14:22:03.540000,405.2518734251744,1005
2024-09-17 14:22:03.558000,405.19094205345647,12
2024-09-17 14:22:03.617000,405.2027640733223,9
2024-09-17 14:22:03.643000,405.2013966556149,98
2024-09-17 14:22:03.655000,405.235763888494,1002
2024-09-17 14:22:03.660000,405.21976607445134,5
2024-09-17 14:22:03.799000,405.1970520726748,14
2024-09-17 14:22:03.805000,405.1778821304754,102
2024-09-17 14:22:03.810000,405.1974486666245,105
2024-09-17 14:22:03.825000,405.217378580484,1005
2024-09-17 14:22:03.841000,405.212564309854,1000
2024-09-17 14:22:03.860000,405.1817173475369,1003
2024-09-17 14:22:03.869000,405.203723950413,105
2024-09-17 14:22:03.891000,405.2073118687819,13
2024-09-17 14:22:03.913000,405.2459289891266,15
2024-09-17 14:22:04.079000,405.1710667665107,1001
2024-09-17 14:22:04.129000,405.15147537897394,999
2024-09-17 14:22:04.227000,405.1771993911082,6
2024-09-17 14:22:04.256000,405.13219900096647,11
2024-09-17 14:22:04.291000,405.1703188607692,10
2024-09-17 14:22:04.349000,405.1745257912309,11
2024-09-17 14:22:04.406000,405.1213195349984,102
2024-09-17 14:22:04.412000,405.17512866135394,995
2024-09-17 14:22:04.428000,405.16104688410337,95
2024-09-17 14:22:04.464000,405.1405079702517,15
2024-09-17 14:22:04.475000,405.1732593026082,98
2024-09-17 14:22:04.495000,405.1719585991178,99
2024-09-17 14:22:04.580000,405.14419731805367,15
2024-09-17 14:22:04.594000,405.1325945585468,98
2024-09-17 14:22:04.616000,405.1382742954005,7
2024-09-17 14:22:04.621000,405.1391433282545,997
2024-09-17 14:22:04.654000,405.16561599483714,13
2024-09-17 14:22:04.664000,405.1828137273304,101
2024-09-17 14:22:04.713000,405.1448127757372,99
2024-09-17 14:22:04.777000,405.1951553697295,14
2024-09-17 14:22:04.813000,405.13808817474734,98
2024-09-17 14:22:04.822000,405.1609757653414,1000
2024-09-17 14:22:04.883000,405.1838267683548,1000
2024-09-17 14:22:04.897000,405.1245042143001,102
2024-09-17 14:22:04.910000,405.1598109394427,1005
2024-09-17 14:22:04.941000,405.1310861885234,12
2024-09-17 14:22:05.422000,405.13556193719177,14
2024-09-17 14:22:05.623000,405.14716632593536,995
2024-09-17 14:22:05.688000,405.1532402553323,15
2024-09-17 14:22:05.856000,405.14449428210094,14
2024-09-17 14:22:06.018000,405.1330796589029,11
2024-09-17 14:22:06.141000,405.15883522211294,15
2024-09-17 14:22:06.247000,405.094434376807,103
2024-09-17 14:22:06.308000,405.1372812664037,99
2024-09-17 14:22:06.316000,405.12108822151055,10
2024-09-17 14:22:06.341000,405.08010915385086,105
2024-09-17 14:22:06.500000,405.1261991711005,997
2024-09-17 14:22:06.510000,405.1538140974615,104
2024-09-17 14:22:06.585000,405.0600493403572,1003
2024-09-17 14:22:06.721000,405.05218608794667,13
2024-09-17 14:22:06.906000,405.1259321741302,97
2024-09-17 14:22:06.907000,405.1036747508744,996
2024-09-17 14:22:06.967000,405.157748507005,999
2024-09-17 14:22:07.066000,405.043871488538,104
2024-09-17 14:22:07.148000,405.0526130518164,13
2024-09-17 14:22:07.199000,405.0510488970417,9
2024-09-17 14:22:07.221000,405.0481449709443,6
2024-09-17 14:22:07.312000,405.06266994863495,97
2024-09-17 14:22:07.315000,405.0640120402641,9
2024-09-17 14:22:07.450000,405.0540331737291,97
2024-09-17 14:22:07.475000,405.070983709229,9
2024-09-17 14:22:07.483000,405.0506018044805,1000
2024-09-17 14:22:07.526000,405.0689093340505,995
2024-09-17 14:22:07.661000,405.043020663962,15
2024-09-17 14:22:07.813000,405.0689895048663,7
2024-09-17 14:22:07.995000,405.0600395834687,1000
2024-09-17 14:22:08.030000,405.0529195580499,1001
2024-09-17 14:22:08.066000,405.057389573348,98
2024-09-17 14:22:08.121000,405.04743833953125,100
2024-09-17 14:22:08.360000,405.051711795106,101
2024-09-17 14:22:08.372000,405.04758303152914,997
2024-09-17 14:22:08.428000,405.0575707242867,6
2024-09-17 14:22:08.798000,405.04926772612737,1001
2024-09-17 14:22:08.929000,405.060199214415,8
2024-09-17 14:22:09.068000,405.02615878131365,97
2024-09-17 14:22:09.098000,405.031446110948,999
2024-09-17 14:22:09.166000,405.0413039110329,7
2024-09-17 14:22:09.186000,405.0375005380035,996
2024-09-17 14:22:09.214000,405.0162778654345,6
2024-09-17 14:22:09.255000,405.0503793750555,97
2024-09-17 14:22:09.371000,405.02260832544937,9
2024-09-17 14:22:09.389000,405.0581798013207,100
2024-09-17 14:22:09.444000,405.0366846246361,8
2024-09-17 14:22:09.472000,405.041000179735,95
2024-09-17 14:22:09.546000,405.0322744480215,8
2024-09-17 14:22:09.563000,405.0378705520043,97
2024-09-17 14:22:09.602000,405.0492827536018,5
2024-09-17 14:22:09.603000,405.03053288434137,1001
2024-09-17 14:22:09.617000,405.0416898852852,97
2024-09-17 14:22:09.628000,405.0239687879426,1004
2024-09-17 14:22:09.721000,405.0221092302247,105
2024-09-17 14:22:09.995000,405.0295018133697,998
2024-09-17 14:22:10.016000,404.9193128722304,9
2024-09-17 14:22:10.019000,404.91390801683497,995
2024-09-17 14:22:10.024000,405.0190955762004,15
2024-09-17 14:22:10.025000,404.9819478610099,6
2024-09-17 14:22:10.091000,404.9647720069997,1004
2024-09-17 14:22:10.092000,404.99608545951065,1004
2024-09-17 14:22:10.131000,405.0319657178812,104
2024-09-17 14:22:10.195000,404.9306069618392,98
2024-09-17 14:22:10.215000,404.9474449900877,9
2024-09-17 14:22:10.234000,404.9873167781631,998
2024-09-17 14:22:10.364000,404.9606848315515,995
2024-09-17 14:22:10.435000,404.9339420097023,996
2024-09-17 14:22:10.437000,404.9205975742916,14
2024-09-17 14:22:10.460000,404.9411138830418,101
2024-09-17 14:22:10.491000,404.97839447270815,6
2024-09-17 14:22:10.608000,404.9951984118615,1005
2024-09-17 14:22:10.647000,404.9680416079764,98
2024-09-17 14:22:10.674000,404.9381796678933,11
2024-09-17 14:22:10.703000,404.9319263072685,9
2024-09-17 14:22:10.719000,405.0320443989912,1003
2024-09-17 14:22:10.858000,405.0024245560733,11
2024-09-17 14:22:10.858000,404.9370277703837,998
2024-09-17 14:22:10.871000,404.9951723418615,1001
2024-09-17 14:22:10.883000,404.91363756275257,100
2024-09-17 14:22:10.987000,405.0301403606103,99
2024-09-17 14:22:11.119000,404.90929507973465,6
2024-09-17 14:22:11.389000,404.90977137823415,103
2024-09-17 14:22:11.479000,404.9081904394064,6
2024-09-17 14:22:11.682000,404.91374334885626,15
2024-09-17 14:22:12.038000,404.84844803052766,6
2024-09-17 14:22:12.060000,404.8571762210593,1003
2024-09-17 14:22:12.128000,404.86303446565626,1001
2024-09-17 14:22:12.171000,404.8504043393783,10
2024-09-17 14:22:12.197000,404.8558279427404,13
2024-09-17 14:22:12.239000,404.8492905534493,1004
2024-09-17 14:22:12.379000,404.84262946212647,96
2024-09-17 14:22:12.490000,404.8853385114297,995
2024-09-17 14:22:12.608000,404.84846800317433,8
2024-09-17 14:22:12.639000,404.83946024277583,5
2024-09-17 14:22:12.709000,404.89959227093846,98
2024-09-17 14:22:12.740000,404.8665035033695,97
2024-09-17 14:22:12.800000,404.8708217504506,104
2024-09-17 14:22:13.175000,404.8469201180683,102
2024-09-17 14:22:13.196000,404.8911258900053,100
2024-09-17 14:22:13.427000,404.8418675549708,999
2024-09-17 14:22:13.515000,404.9104323879436,1003
2024-09-17 14:22:13.532000,404.8982187447784,1004
2024-09-17 14:22:13.791000,404.85086115716575,95
2024-09-17 14:22:13.930000,404.85876703857946,12
2024-09-17 14:22:13.983000,404.8654789136528,9
2024-09-17 14:22:14.252000,404.8831121182556,101
2024-09-17 14:22:14.450000,404.9007464268767,98
2024-09-17 14:22:14.737000,404.89159603087353,105
2024-09-17 14:22:15.021000,404.83137590392334,1005
2024-09-17 14:22:15.021000,404.8742547130675,98
2024-09-17 14:22:15.044000,404.8023052400882,13
2024-09-17 14:22:15.083000,404.8662292818364,8
2024-09-17 14:22:15.112000,404.84751130348144,98
2024-09-17 14:22:15.134000,404.8686418929576,10
2024-09-17 14:22:15.191000,404.80804523042417,1005
2024-09-17 14:22:15.203000,404.853108044238,12
2024-09-17 14:22:15.267000,404.8268910803801,98
2024-09-17 14:22:15.287000,404.8971452657841,95
2024-09-17 14:22:15.302000,404.8142002023769,1003
2024-09-17 14:22:15.337000,404.87685311208855,8
2024-09-17 14:22:15.358000,404.7984039867794,998
2024-09-17 14:22:15.510000,404.8922588560369,14
2024-09-17 14:22:15.524000,404.8326611430804,8
2024-09-17 14:22:15.711000,404.8837323411446,5
2024-09-17 14:22:15.750000,404.8589023859146,995
2024-09-17 14:22:15.865000,404.8836046430199,1000
2024-09-17 14:22:15.946000,404.8218816560838,97
2024-09-17 14:22:16.020000,404.8374007829975,14
2024-09-17 14:22:16.102000,404.85768158037297,97
2024-09-17 14:22:16.111000,404.8494614204985,100
2024-09-17 14:22:16.124000,404.8750728919584,12
2024-09-17 14:22:16.143000,404.8582419572356,12
2024-09-17 14:22:16.186000,404.8721909614485,104
2024-09-17 14:22:16.206000,404.8450370151877,103
2024-09-17 14:22:16.251000,404.831729915346,995
2024-09-17 14:22:16.304000,404.8956390149989,97
2024-09-17 14:22:16.386000,404.8154191635083,8
2024-09-17 14:22:16.436000,404.83370154236337,997
2024-09-17 14:22:16.560000,404.8867135924544,6
2024-09-17 14:22:16.611000,404.90476538786135,1001
2024-09-17 14:22:16.737000,404.85576606950633,1001
2024-09-17 14:22:16.869000,404.8748411591381,10
2024-09-17 14:22:16.889000,404.83875264470265,98
2024-09-17 14:22:16.932000,404.8424363627762,5
2024-09-17 14:22:17.090000,404.9040774596684,998
2024-09-17 14:22:17.574000,404.9055038217164,6
2024-09-17 14:22:18.182000,404.8723942325842,95
2024-09-17 14:22:18.212000,404.8972701463495,1004
2024-09-17 14:22:18.241000,404.8777550317193,99
2024-09-17 14:22:18.261000,404.9060093685125,995
2024-09-17 14:22:18.271000,404.888024229851,9
2024-09-17 14:22:18.335000,404.8849526537151,97
2024-09-17 14:22:18.409000,404.9110723874809,8
2024-09-17 14:22:18.444000,404.89186736932106,104
2024-09-17 14:22:18.470000,404.8734805711098,11
2024-09-17 14:22:18.484000,404.8853455805343,104
2024-09-17 14:22:18.484000,404.90462513610754,1005
2024-09-17 14:22:18.531000,404.8645624534437,101
2024-09-17 14:22:18.564000,404.8803886099719,11
2024-09-17 14:22:18.594000,404.8838357333958,999
2024-09-17 14:22:18.643000,404.898698067279,98
2024-09-17 14:22:18.818000,404.9087576245453,1004
2024-09-17 14:22:18.868000,404.9087735076165,100
2024-09-17 14:22:18.938000,404.9084299657145,13
2024-09-17 14:22:18.985000,404.8784400302496,5
2024-09-17 14:22:19.007000,404.9540954027117,6
2024-09-17 14:22:19.025000,404.9278096672119,103
2024-09-17 14:22:19.081000,404.9400474836709,104
2024-09-17 14:22:19.088000,404.9277255997808,996
2024-09-17 14:22:19.163000,404.9468772312508,99
2024-09-17 14:22:19.193000,404.950932886078,996
2024-09-17 14:22:19.234000,404.9137944615388,5
2024-09-17 14:22:19.243000,404.9421736336592,6
2024-09-17 14:22:19.346000,404.9406119917703,10
2024-09-17 14:22:19.347000,404.95245381099744,11
2024-09-17 14:22:19.390000,404.9488157886084,101
2024-09-17 14:22:19.417000,404.925604577388,997
2024-09-17 14:22:19.457000,404.94253826692295,14
2024-09-17 14:22:19.481000,404.92956945339296,98
2024-09-17 14:22:19.527000,404.9237402492163,1001
2024-09-17 14:22:19.564000,404.9432172171103,1004
2024-09-17 14:22:19.611000,404.9219070442426,105
2024-09-17 14:22:19.622000,404.9304394050712,96
2024-09-17 14:22:19.635000,404.9259076015358,1002
2024-09-17 14:22:19.640000,404.9574797412103,12
2024-09-17 14:22:19.660000,404.9733420443327,100
2024-09-17 14:22:19.687000,404.9368842054524,97
2024-09-17 14:22:19.847000,404.9371121135418,101
2024-09-17 14:22:19.905000,404.9239980978751,15
2024-09-17 14:22:19.946000,404.96874713784354,1002
2024-09-17 14:22:19.985000,404.94352870069446,5
2024-09-17 14:22:20.036000,404.9919224120001,96
2024-09-17 14:22:20.124000,404.99249042898623,13
2024-09-17 14:22:20.305000,405.0217683263783,104
2024-09-17 14:22:20.382000,404.9931480396081,7
2024-09-17 14:22:20.398000,404.9722979461408,96
2024-09-17 14:22:20.420000,405.0298620813719,999
2024-09-17 14:22:20.492000,405.031282911597,15
2024-09-17 14:22:20.493000,405.0150358115092,97
2024-09-17 14:22:20.545000,404.9992355048623,9
2024-09-17 14:22:20.617000,405.02415789464914,998
2024-09-17 14:22:20.638000,405.0075775733363,1000
2024-09-17 14:22:20.714000,404.9995031214763,7
2024-09-17 14:22:20.715000,404.98916856292817,96
2024-09-17 14:22:20.818000,404.9804827143732,99
2024-09-17 14:22:20.939000,405.0078515189609,1001
2024-09-17 14:22:20.955000,405.0225685531396,1000
2024-09-17 14:22:20.956000,404.9899994917808,1001
2024-09-17 14:22:20.960000,404.9978070561163,1001
2024-09-17 14:22:21.067000,405.076447754208,104
2024-09-17 14:22:21.141000,405.0512853195242,15
2024-09-17 14:22:21.216000,405.0483504180593,104
2024-09-17 14:22:21.235000,405.06148580845695,1003
2024-09-17 14:22:21.309000,405.0467156765315,104
2024-09-17 14:22:21.310000,405.039650975416,998
2024-09-17 14:22:21.318000,405.0581020360708,15
2024-09-17 14:22:21.362000,405.075561571645,101
2024-09-17 14:22:21.362000,405.0443912791315,998
2024-09-17 14:22:21.384000,405.0291656958833,1005
2024-09-17 14:22:21.409000,405.0522120668077,1004
2024-09-17 14:22:21.450000,405.06848104289867,14
2024-09-17 14:22:21.468000,405.0482325974269,5
2024-09-17 14:22:21.492000,405.0444049066823,998
2024-09-17 14:22:21.575000,405.0300720512363,98
2024-09-17 14:22:21.641000,405.0483944119586,997
2024-09-17 14:22:21.647000,405.03804351460144,103
2024-09-17 14:22:21.652000,405.028041753659,6
2024-09-17 14:22:21.695000,405.0310045500392,95
2024-09-17 14:22:21.733000,405.0622776428239,995
2024-09-17 14:22:21.745000,405.0316410691885,1005
2024-09-17 14:22:21.746000,405.0576154809391,1004
2024-09-17 14:22:21.791000,405.0606116881472,5
2024-09-17 14:22:21.838000,405.03422492010657,995
2024-09-17 14:22:21.878000,405.0351007891781,997
2024-09-17 14:22:21.927000,405.0347215485317,1001
2024-09-17 14:22:21.978000,405.0437121625687,5
2024-09-17 14:22:22.016000,405.08556230928633,9
2024-09-17 14:22:22.024000,405.0722396380256,8
2024-09-17 14:22:22.050000,405.063382028177,5
2024-09-17 14:22:22.054000,405.0813727918408,104
2024-09-17 14:22:22.096000,405.064886121427,12
2024-09-17 14:22:22.132000,405.0733007201397,14
2024-09-17 14:22:22.137000,405.0783361113837,105
2024-09-17 14:22:22.143000,405.03172778826985,6
2024-09-17 14:22:22.174000,405.0677942726617,11
2024-09-17 14:22:22.180000,405.0662388580184,13
2024-09-17 14:22:22.291000,405.0713401357417,1005
2024-09-17 14:22:22.291000,405.0555142742858,13
2024-09-17 14:22:22.366000,405.06469680255225,1000
2024-09-17 14:22:22.404000,405.05469069500026,1004
2024-09-17 14:22:22.624000,405.0607205711628,997
2024-09-17 14:22:22.769000,405.0723706271501,10
2024-09-17 14:22:22.827000,405.0723648493629,5
2024-09-17 14:22:22.856000,405.056264034025,998
2024-09-17 14:22:22.883000,405.03872674136056,1003
2024-09-17 14:22:22.956000,405.0663201889006,95
2024-09-17 14:22:23.100000,405.0294041630576,105
2024-09-17 14:22:23.451000,405.02876966809646,999
2024-09-17 14:22:23.756000,405.0201590391711,97
2024-09-17 14:22:23.759000,405.03570263952463,1005
2024-09-17 14:22:23.931000,405.0195629970994,10
2024-09-17 14:22:24.129000,405.0420193943463,1001
2024-09-17 14:22:24.324000,405.05634104491753,100
2024-09-17 14:22:24.365000,405.0170254207717,997
2024-09-17 14:22:24.511000,405.0231168412868,996
2024-09-17 14:22:24.617000,405.0352228636642,7
2024-09-17 14:22:24.634000,405.0321687057182,1000
2024-09-17 14:22:24.713000,405.0468706783894,1004
2024-09-17 14:22:24.736000,405.0292064372509,103
2024-09-17 14:22:24.747000,405.0483969084084,1004
2024-09-17 14:22:24.801000,405.0444046176315,100
2024-09-17 14:22:24.900000,405.0381903221572,1002
2024-09-17 14:22:24.937000,405.05180411581625,105
2024-09-17 14:22:24.941000,405.03960065736914,95
2024-09-17 14:22:25.030000,405.0278064204386,96
2024-09-17 14:22:25.061000,405.078839323555,105
2024-09-17 14:22:25.087000,405.08976499000073,5
2024-09-17 14:22:25.138000,405.0218031026472,1000
2024-09-17 14:22:25.159000,405.02647146953774,15
2024-09-17 14:22:25.183000,405.0687152700135,100
2024-09-17 14:22:25.352000,405.0861589575203,98
2024-09-17 14:22:25.393000,405.06127324605455,1004
2024-09-17 14:22:25.430000,405.05962531575136,1000
2024-09-17 14:22:25.446000,405.0444493015897,105
2024-09-17 14:22:25.516000,405.0370068131145,14
2024-09-17 14:22:25.554000,405.0860530357424,1003
2024-09-17 14:22:25.591000,405.0768192624051,1003
2024-09-17 14:22:25.621000,405.0710626991064,10
2024-09-17 14:22:25.776000,405.038002702504,9
2024-09-17 14:22:25.815000,405.04485205782623,996
2024-09-17 14:22:25.871000,405.0191164728964,5
2024-09-17 14:22:25.902000,405.043096178617,101
2024-09-17 14:22:25.929000,405.0593477964832,96
2024-09-17 14:22:25.993000,405.04648012909945,98
2024-09-17 14:22:26.013000,405.141972726382,997
2024-09-17 14:22:26.042000,405.0999267390946,96
2024-09-17 14:22:26.104000,405.126929217787,105
2024-09-17 14:22:26.117000,405.1458005771007,1003
2024-09-17 14:22:26.129000,405.11504614245314,13
2024-09-17 14:22:26.165000,405.12775286209296,103
2024-09-17 14:22:26.195000,405.1263832532089,102
2024-09-17 14:22:26.301000,405.1421061721247,1002
2024-09-17 14:22:26.312000,405.1339930380327,1003
2024-09-17 14:22:26.332000,405.1303131176612,997
2024-09-17 14:22:26.335000,405.13255024827833,1003
2024-09-17 14:22:26.343000,405.1331141519242,96
2024-09-17 14:22:26.401000,405.1117256797996,98
2024-09-17 14:22:26.429000,405.1472082483393,100
2024-09-17 14:22:26.436000,405.1065817799753,1001
2024-09-17 14:22:26.466000,405.1558170020066,95
2024-09-17 14:22:26.489000,405.15325194007335,1004
2024-09-17 14:22:26.545000,405.1301191964235,105
2024-09-17 14:22:26.568000,405.1543227388208,5
2024-09-17 14:22:26.593000,405.1375258649701,95
2024-09-17 14:22:26.603000,405.15049952438494,997
2024-09-17 14:22:26.756000,405.14540023164096,97
2024-09-17 14:22:26.774000,405.1557258987528,998
2024-09-17 14:22:26.800000,405.1394866746791,1002
2024-09-17 14:22:26.820000,405.1341341385974,102
2024-09-17 14:22:26.896000,405.1497193007826,1001
2024-09-17 14:22:26.897000,405.1268543718712,6
2024-09-17 14:22:26.925000,405.1282203419592,999
2024-09-17 14:22:26.961000,405.12317045454745,1001
2024-09-17 14:22:27.051000,405.1422481931105,995
2024-09-17 14:22:27.226000,405.147703432834,103
2024-09-17 14:22:27.230000,405.13406845857367,8
2024-09-17 14:22:27.260000,405.12496405543146,103
2024-09-17 14:22:27.265000,405.1401138577872,101
2024-09-17 14:22:27.274000,405.1385175889885,1004
2024-09-17 14:22:27.354000,405.1288217371716,6
2024-09-17 14:22:27.417000,405.1237197426668,999
2024-09-17 14:22:27.473000,405.114982630025,13
2024-09-17 14:22:27.489000,405.1200630382381,998
2024-09-17 14:22:27.522000,405.1084568854019,999
2024-09-17 14:22:27.714000,405.10964510292126,98
2024-09-17 14:22:27.748000,405.1271497783142,99
2024-09-17 14:22:27.757000,405.1308560001011,10
2024-09-17 14:22:27.776000,405.12531363188646,1004
2024-09-17 14:22:27.983000,405.1169740832029,1002
2024-09-17 14:22:28.042000,405.0310253566913,1002
2024-09-17 14:22:28.094000,405.0239004762829,15
2024-09-17 14:22:28.102000,405.0237164324448,995
2024-09-17 14:22:28.121000,405.04022479725234,10
2024-09-17 14:22:28.126000,405.0426368799209,11
2024-09-17 14:22:28.126000,405.0526868799845,9
2024-09-17 14:22:28.143000,405.0578450222496,5
2024-09-17 14:22:28.183000,405.0693164089805,99
2024-09-17 14:22:28.239000,405.0207722595178,11
2024-09-17 14:22:28.300000,405.0272531982678,998
2024-09-17 14:22:28.301000,405.0573817103662,15
2024-09-17 14:22:28.305000,405.0462019216167,13
2024-09-17 14:22:28.457000,405.0447120567688,1001
2024-09-17 14:22:28.513000,405.0497897145693,12
2024-09-17 14:22:28.534000,405.03765255344894,9
2024-09-17 14:22:28.543000,405.0289623666111,103
2024-09-17 14:22:28.570000,405.064577171824,996
2024-09-17 14:22:28.590000,405.04602212673177,13
2024-09-17 14:22:28.596000,405.0338875980394,1004
2024-09-17 14:22:28.647000,405.031162404297,997
2024-09-17 14:22:28.730000,405.05603531463913,102
2024-09-17 14:22:28.732000,405.024018150379,1004
2024-09-17 14:22:28.816000,405.04130043135314,999
2024-09-17 14:22:28.837000,405.0965876904585,13
2024-09-17 14:22:28.896000,405.09047347249503,998
2024-09-17 14:22:28.919000,405.0338070338453,5
2024-09-17 14:22:28.920000,405.0248006792378,10
2024-09-17 14:22:28.984000,405.0905350349936,1000
2024-09-17 14:22:29.037000,405.0469143529013,998
2024-09-17 14:22:29.054000,405.01827390171735,96
2024-09-17 14:22:29.145000,405.08445625171225,1001
2024-09-17 14:22:29.166000,405.053156471513,1000
2024-09-17 14:22:29.180000,405.02558550702,97
2024-09-17 14:22:29.205000,405.0567205634445,10
2024-09-17 14:22:29.254000,405.0259139366153,1004
2024-09-17 14:22:29.263000,405.083257191722,995
2024-09-17 14:22:29.267000,405.0425415871261,7
2024-09-17 14:22:29.400000,405.058171358838,100
2024-09-17 14:22:29.436000,405.0467446376056,997
2024-09-17 14:22:29.590000,405.0763676537624,1000
2024-09-17 14:22:29.648000,405.06832888230105,10
2024-09-17 14:22:29.694000,405.04245991901234,99
2024-09-17 14:22:29.695000,405.0686185290084,96
2024-09-17 14:22:29.783000,405.0257751102432,996
2024-09-17 14:22:29.992000,405.0561458347292,13
2024-09-17 14:22:30.079000,405.0165629256744,97
2024-09-17 14:22:30.241000,405.0082451616761,5
2024-09-17 14:22:30.277000,405.02279461933097,995
2024-09-17 14:22:30.329000,405.0109064745381,1002
2024-09-17 14:22:30.534000,405.0172384380465,1002
2024-09-17 14:22:30.684000,405.0117076880965,996
2024-09-17 14:22:31.010000,404.9399759611256,1003
2024-09-17 14:22:31.027000,404.97327634149696,8
2024-09-17 14:22:31.067000,404.9536167406548,12
2024-09-17 14:22:31.093000,404.9158111155433,1004
2024-09-17 14:22:31.111000,404.9504044461768,14
2024-09-17 14:22:31.138000,405.00658276212346,999
2024-09-17 14:22:31.213000,404.9167173654711,13
2024-09-17 14:22:31.273000,404.9654471036612,14
2024-09-17 14:22:31.365000,404.9452580456162,9
2024-09-17 14:22:31.370000,404.9298489044009,8
2024-09-17 14:22:31.448000,404.92225865786,11
2024-09-17 14:22:31.485000,404.9980853008744,998
2024-09-17 14:22:31.487000,404.9708423208983,8
2024-09-17 14:22:31.544000,404.9261425789081,105
2024-09-17 14:22:31.567000,404.9380932910646,1002
2024-09-17 14:22:31.570000,404.9955426677482,14
2024-09-17 14:22:31.639000,404.9629492448701,1002
2024-09-17 14:22:31.701000,404.963331809296,998
2024-09-17 14:22:31.708000,404.9564320723716,995
2024-09-17 14:22:31.747000,404.9297107517399,997
2024-09-17 14:22:31.764000,404.9277675572831,998
2024-09-17 14:22:31.784000,404.9468037399103,1003
2024-09-17 14:22:31.799000,404.9363386021116,104
2024-09-17 14:22:31.807000,404.95254608111736,1000
2024-09-17 14:22:31.860000,404.9815533807657,1005
2024-09-17 14:22:31.973000,404.9403549851669,997
2024-09-17 14:22:31.999000,404.9233736609481,7
2024-09-17 14:22:32.062000,404.9357844995957,1005
2024-09-17 14:22:32.174000,404.8498378080746,5
2024-09-17 14:22:32.198000,404.89664421166464,996
2024-09-17 14:22:32.241000,404.86871890604016,104
2024-09-17 14:22:32.268000,404.8859829551533,100
2024-09-17 14:22:32.303000,404.9158644225733,8
2024-09-17 14:22:32.358000,404.8845788285484,7
2024-09-17 14:22:32.456000,404.8782966010224,96
2024-09-17 14:22:32.597000,404.9037873658816,10
2024-09-17 14:22:32.628000,404.9062495782227,1004
2024-09-17 14:22:32.726000,404.8814114589014,9
2024-09-17 14:22:32.731000,404.92971895446914,100
2024-09-17 14:22:32.770000,404.8407105898213,14
2024-09-17 14:22:32.849000,404.9118379906069,998
2024-09-17 14:22:32.890000,404.8835187332657,8
2024-09-17 14:22:32.947000,404.8445689393547,5
2024-09-17 14:22:32.968000,404.91583989509,13
2024-09-17 14:22:32.973000,404.8332644019721,1005
2024-09-17 14:22:33.024000,404.8786994331724,102
2024-09-17 14:22:33.123000,404.8719098431412,996
2024-09-17 14:22:33.124000,404.85871819585714,13
2024-09-17 14:22:33.141000,404.8729603053864,996
2024-09-17 14:22:33.193000,404.885629349006,105
2024-09-17 14:22:33.260000,404.90473773660864,1003
2024-09-17 14:22:33.289000,404.862003315948,8
2024-09-17 14:22:33.376000,404.8769209930102,9
2024-09-17 14:22:33.447000,404.863583119183,1002
2024-09-17 14:22:33.496000,404.86939487324,6
2024-09-17 14:22:33.507000,404.8187778147338,1000
2024-09-17 14:22:33.520000,404.8382792577251,97
2024-09-17 14:22:33.539000,404.8701655224911,997
2024-09-17 14:22:33.581000,404.8603367451249,1004
2024-09-17 14:22:33.637000,404.8098045625332,1003
2024-09-17 14:22:33.660000,404.8606640244702,105
2024-09-17 14:22:33.709000,404.9054161703366,104
2024-09-17 14:22:33.726000,404.90881372457767,15
2024-09-17 14:22:33.739000,404.8649788127874,996
2024-09-17 14:22:33.750000,404.9087160011191,997
2024-09-17 14:22:33.890000,404.906496230501,5
2024-09-17 14:22:33.898000,404.8206808509619,11
2024-09-17 14:22:33.922000,404.9023526083234,1004
2024-09-17 14:22:33.936000,404.88274534049856,9
2024-09-17 14:22:33.950000,404.8953670186138,98
2024-09-17 14:22:33.983000,404.9140369181892,105
2024-09-17 14:22:34.035000,404.8149806394935,1004
2024-09-17 14:22:34.047000,404.8087487747315,98
2024-09-17 14:22:34.402000,404.8075754924865,9
2024-09-17 14:22:34.472000,404.8024176927988,997
2024-09-17 14:22:34.490000,404.7832571241446,98
2024-09-17 14:22:34.674000,404.8125675270662,6
2024-09-17 14:22:34.777000,404.7691800705508,95
2024-09-17 14:22:35.002000,404.7497531538631,103
2024-09-17 14:22:35.030000,404.7249775107475,11
2024-09-17 14:22:35.041000,404.7655311036103,97
2024-09-17 14:22:35.045000,404.7837640204869,11
2024-09-17 14:22:35.095000,404.7219194424004,6
2024-09-17 14:22:35.174000,404.729218783199,102
2024-09-17 14:22:35.194000,404.7461129743514,102
2024-09-17 14:22:35.195000,404.7211694267464,12
2024-09-17 14:22:35.225000,404.7483989132193,998
2024-09-17 14:22:35.227000,404.7227808585347,995
2024-09-17 14:22:35.250000,404.75470456206784,10
2024-09-17 14:22:35.278000,404.7689095873884,5
2024-09-17 14:22:35.364000,404.77258973970817,15
2024-09-17 14:22:35.562000,404.738539532098,5
2024-09-17 14:22:35.638000,404.7170500969169,1000
2024-09-17 14:22:35.663000,404.6978192583708,999
2024-09-17 14:22:35.680000,404.7435349309366,5
2024-09-17 14:22:35.721000,404.7110568833135,99
2024-09-17 14:22:35.751000,404.74464995605166,11
2024-09-17 14:22:35.761000,404.72844206763057,1000
2024-09-17 14:22:35.765000,404.712273844854,97
2024-09-17 14:22:35.801000,404.7176313144831,1003
2024-09-17 14:22:35.922000,404.75310880804926,9
2024-09-17 14:22:35.941000,404.71780564903474,8
2024-09-17 14:22:35.946000,404.7485018448317,104
2024-09-17 14:22:35.999000,404.74024259125423,13
2024-09-17 14:22:36.097000,404.7228560566311,1000
2024-09-17 14:22:36.190000,404.7399895595293,102
2024-09-17 14:22:36.194000,404.703794394073,100
2024-09-17 14:22:36.257000,404.692366095916,102
2024-09-17 14:22:36.320000,404.74227392186685,99
2024-09-17 14:22:36.321000,404.71239861865337,104
2024-09-17 14:22:36.349000,404.71257468706665,14
2024-09-17 14:22:36.643000,404.7100047166978,101
2024-09-17 14:22:36.704000,404.7012294564446,13
2024-09-17 14:22:36.772000,404.70370285284736,998
2024-09-17 14:22:36.838000,404.73033767138025,6
2024-09-17 14:22:36.842000,404.7105094695432,102
2024-09-17 14:22:37.815000,404.7204222366462,1000
2024-09-17 14:22:38.043000,404.7021155435747,103
2024-09-17 14:22:38.103000,404.696939286669,97
2024-09-17 14:22:38.141000,404.7074888491477,999
2024-09-17 14:22:38.202000,404.70395096888967,99
2024-09-17 14:22:38.212000,404.6860080704001,97
2024-09-17 14:22:38.256000,404.7042711444713,997
2024-09-17 14:22:38.277000,404.6970902219487,10
2024-09-17 14:22:38.333000,404.7128139608817,96
2024-09-17 14:22:38.343000,404.6898825100443,8
2024-09-17 14:22:38.379000,404.6936521639056,6
2024-09-17 14:22:38.410000,404.6773997347132,1005
2024-09-17 14:22:38.421000,404.6984032297325,10
2024-09-17 14:22:38.595000,404.6982249596599,1001
2024-09-17 14:22:38.658000,404.7421890901924,1001
2024-09-17 14:22:38.668000,404.7129982282008,95
2024-09-17 14:22:38.681000,404.7153327496795,100
2024-09-17 14:22:38.734000,404.74320600841554,995
2024-09-17 14:22:38.785000,404.7314549115905,1002
2024-09-17 14:22:38.841000,404.6929224891781,14
2024-09-17 14:22:38.957000,404.7034733983589,999
2024-09-17 14:22:38.998000,404.7137625648376,12
2024-09-17 14:22:39.051000,404.68585096568586,11
2024-09-17 14:22:39.126000,404.7429546600686,1000
2024-09-17 14:22:39.164000,404.7388403857594,7
2024-09-17 14:22:39.193000,404.7326834224156,1000
2024-09-17 14:22:39.195000,404.7052655096145,101
2024-09-17 14:22:39.277000,404.7666016936112,6
2024-09-17 14:22:39.292000,404.73609325460205,1004
2024-09-17 14:22:39.302000,404.7333664025985,6
2024-09-17 14:22:39.377000,404.7333769747704,97
2024-09-17 14:22:39.385000,404.7442243383558,1004
2024-09-17 14:22:39.430000,404.691252852202,105
2024-09-17 14:22:39.576000,404.76196094734274,7
2024-09-17 14:22:39.579000,404.75954303499,105
2024-09-17 14:22:39.595000,404.7217050518743,13
2024-09-17 14:22:39.615000,404.7345087235325,98
2024-09-17 14:22:39.631000,404.7447019631584,15
2024-09-17 14:22:39.652000,404.6901517972251,9
2024-09-17 14:22:39.656000,404.7515489900903,96
2024-09-17 14:22:39.674000,404.73871986400616,1004
2024-09-17 14:22:39.677000,404.7110782232375,996
2024-09-17 14:22:39.738000,404.76904814922113,10
2024-09-17 14:22:39.971000,404.7522707624213,100
2024-09-17 14:22:39.990000,404.7347322599365,97
2024-09-17 14:22:40.052000,404.7996172290838,10
2024-09-17 14:22:40.123000,404.7753927293391,996
2024-09-17 14:22:40.172000,404.79682839784783,1004
2024-09-17 14:22:40.185000,404.80014681596697,999
2024-09-17 14:22:40.317000,404.78937998366814,1000
2024-09-17 14:22:40.325000,404.7684333460261,1003
2024-09-17 14:22:40.472000,404.7798245528001,6
2024-09-17 14:22:40.510000,404.7812758577468,100
2024-09-17 14:22:40.537000,404.8127500949847,96
2024-09-17 14:22:40.671000,404.7580311663569,9
2024-09-17 14:22:40.680000,404.8077601216119,1001
2024-09-17 14:22:40.774000,404.7975482811103,5
2024-09-17 14:22:40.780000,404.78197360710726,101
2024-09-17 14:22:40.916000,404.7867197805194,8
2024-09-17 14:22:40.934000,404.79230027214487,7
2024-09-17 14:22:40.955000,404.8028648701455,1001
2024-09-17 14:22:40.958000,404.76377826398186,103
2024-09-17 14:22:40.978000,404.7481049464927,8
2024-09-17 14:22:41.009000,404.7257858519746,14
2024-09-17 14:22:41.014000,404.7437638506503,100
2024-09-17 14:22:41.024000,404.7193066519656,1001
2024-09-17 14:22:41.080000,404.7466323423779,100
2024-09-17 14:22:41.099000,404.7328245191679,1000
2024-09-17 14:22:41.139000,404.7420726428188,97
2024-09-17 14:22:41.154000,404.7478199004431,101
2024-09-17 14:22:41.167000,404.7596097226303,8
2024-09-17 14:22:41.214000,404.7430343884655,96
2024-09-17 14:22:41.291000,404.73767369308575,1002
2024-09-17 14:22:41.332000,404.724406233407,996
2024-09-17 14:22:41.357000,404.7498254085996,12
2024-09-17 14:22:41.380000,404.7578291372603,99
2024-09-17 14:22:41.464000,404.7572627858533,7
2024-09-17 14:22:41.513000,404.7439574914127,995
2024-09-17 14:22:41.539000,404.7214700577067,15
2024-09-17 14:22:41.558000,404.743159595012,998
2024-09-17 14:22:41.561000,404.7434620964684,996
2024-09-17 14:22:41.588000,404.7481666052333,14
2024-09-17 14:22:41.620000,404.74999056807854,1005
2024-09-17 14:22:41.666000,404.7622334485789,9
2024-09-17 14:22:41.746000,404.7347107312448,995
2024-09-17 14:22:41.755000,404.74711024670864,1004
2024-09-17 14:22:41.789000,404.7499656478421,11
2024-09-17 14:22:41.806000,404.7497971309903,99
2024-09-17 14:22:41.808000,404.72988441571374,12
2024-09-17 14:22:41.824000,404.7567011133279,1005
2024-09-17 14:22:42.002000,404.7647005932004,100
2024-09-17 14:22:42.007000,404.7688362507187,105
2024-09-17 14:22:42.018000,404.7674751102705,96
2024-09-17 14:22:42.040000,404.785411957402,98
2024-09-17 14:22:42.109000,404.7708485630096,7
2024-09-17 14:22:42.112000,404.7447925385435,15
2024-09-17 14:22:42.130000,404.7691585091082,1002
2024-09-17 14:22:42.137000,404.7546938271691,6
2024-09-17 14:22:42.181000,404.8060543925454,105
2024-09-17 14:22:42.195000,404.7303183684396,95
2024-09-17 14:22:42.251000,404.756423552153,13
2024-09-17 14:22:42.260000,404.74258349719634,98
2024-09-17 14:22:42.348000,404.7701338980888,8
2024-09-17 14:22:42.352000,404.7604608619666,997
2024-09-17 14:22:42.357000,404.7481459203589,998
2024-09-17 14:22:42.370000,404.7373845212505,1004
2024-09-17 14:22:42.372000,404.7994250546981,998
2024-09-17 14:22:42.392000,404.76957006749416,15
2024-09-17 14:22:42.481000,404.7734083383452,103
2024-09-17 14:22:42.517000,404.7856133501832,98
2024-09-17 14:22:42.522000,404.7879586846789,105
2024-09-17 14:22:42.583000,404.7747491741724,998
2024-09-17 14:22:42.624000,404.7712213427602,1000
2024-09-17 14:22:42.647000,404.7879093471463,1003
2024-09-17 14:22:42.670000,404.79450488465375,5
2024-09-17 14:22:42.842000,404.7612241462021,1002
2024-09-17 14:22:42.878000,404.7744597714541,997
2024-09-17 14:22:42.895000,404.8060863320042,104
2024-09-17 14:22:42.908000,404.7590755751019,1002
2024-09-17 14:22:43.006000,404.7777553306228,1000
2024-09-17 14:22:43.024000,404.7596059353109,5
2024-09-17 14:22:43.119000,404.7910887500938,7
2024-09-17 14:22:43.220000,404.78290305963,6
2024-09-17 14:22:43.268000,404.762318378542,1000
2024-09-17 14:22:43.378000,404.7891469177465,1003
2024-09-17 14:22:43.621000,404.7718776224607,998
2024-09-17 14:22:43.627000,404.7687583545518,8
2024-09-17 14:22:43.662000,404.7655988311349,101
2024-09-17 14:22:44.049000,404.77523768676826,15
2024-09-17 14:22:44.486000,404.7849455122834,997
2024-09-17 14:22:44.506000,404.7886779323999,10
2024-09-17 14:22:44.714000,404.7719803038052,1001
2024-09-17 14:22:45.083000,404.7732458142192,101
2024-09-17 14:22:45.105000,404.7556211018161,97
2024-09-17 14:22:45.142000,404.7379831069461,12
2024-09-17 14:22:45.160000,404.7749973850876,5
2024-09-17 14:22:45.182000,404.7339592380408,1004
2024-09-17 14:22:45.234000,404.7403875083408,997
2024-09-17 14:22:45.252000,404.7323422330327,9
2024-09-17 14:22:45.269000,404.75622253139466,98
2024-09-17 14:22:45.305000,404.7387383108739,1004
2024-09-17 14:22:45.344000,404.7450598493515,95
2024-09-17 14:22:45.360000,404.7519972866372,14
2024-09-17 14:22:45.402000,404.7261365406426,1000
2024-09-17 14:22:45.410000,404.7211766623769,1004
2024-09-17 14:22:45.448000,404.7695707316097,102
2024-09-17 14:22:45.459000,404.769374460334,103
2024-09-17 14:22:45.506000,404.7508747211667,998
2024-09-17 14:22:45.522000,404.7383587343995,1004
2024-09-17 14:22:45.549000,404.75864233598,1004
2024-09-17 14:22:45.550000,404.77868951050135,11
2024-09-17 14:22:45.564000,404.7781907500691,9
2024-09-17 14:22:45.634000,404.72600741104026,101
2024-09-17 14:22:45.641000,404.7641718230411,1000
2024-09-17 14:22:45.654000,404.7286743431655,13
2024-09-17 14:22:45.753000,404.7514144981347,97
2024-09-17 14:22:45.814000,404.731419566634,98
2024-09-17 14:22:45.817000,404.7553970462429,998
2024-09-17 14:22:45.822000,404.7431011182769,1005
2024-09-17 14:22:45.884000,404.7479066335676,104
2024-09-17 14:22:45.905000,404.7428159415237,10
2024-09-17 14:22:45.940000,404.73657518134127,8
2024-09-17 14:22:46.483000,404.77772102289,8
2024-09-17 14:22:46.690000,404.767632894641,103
2024-09-17 14:22:46.783000,404.7678199881912,12
2024-09-17 14:22:46.828000,404.7779603300925,10
2024-09-17 14:22:46.831000,404.76520664407786,6
2024-09-17 14:22:47.792000,404.7844902750806,1002
2024-09-17 14:22:47.808000,404.7742460249516,101
2024-09-17 14:22:49.631000,404.7656660238314,96
2024-09-17 14:22:49.789000,404.7833305576916,6
2024-09-17 14:22:50.410000,404.7476282271316,99
2024-09-17 14:22:50.656000,404.7524848407674,996
2024-09-17 14:22:51.052000,404.7463755742499,98
2024-09-17 14:22:51.063000,404.81326999489903,999
2024-09-17 14:22:51.181000,404.7770620165485,1003
2024-09-17 14:22:51.205000,404.7561614072831,14
2024-09-17 14:22:51.297000,404.79282304968086,996
2024-09-17 14:22:51.353000,404.77295925214526,99
2024-09-17 14:22:51.391000,404.7966343492306,98
2024-09-17 14:22:51.513000,404.7547326363592,1002
2024-09-17 14:22:51.533000,404.7875582786076,104
2024-09-17 14:22:51.547000,404.7594902864597,105
2024-09-17 14:22:51.582000,404.77875443285774,105
2024-09-17 14:22:51.642000,404.8094556896768,1001
2024-09-17 14:22:51.648000,404.80142774475706,96
2024-09-17 14:22:51.657000,404.7799483119587,14
2024-09-17 14:22:51.662000,404.7554272059516,104
2024-09-17 14:22:51.713000,404.8000434463368,997
2024-09-17 14:22:51.717000,404.779031829526,104
2024-09-17 14:22:51.732000,404.7973156278901,8
2024-09-17 14:22:51.751000,404.7983038534947,101
2024-09-17 14:22:51.800000,404.7747046265968,13
2024-09-17 14:22:52.407000,404.7911418183173,7
2024-09-17 14:22:52.507000,404.8151194516933,8
2024-09-17 14:22:52.882000,404.8038763174797,14
2024-09-17 14:22:53.107000,404.84420806371867,99
2024-09-17 14:22:53.276000,404.7886112006764,6
2024-09-17 14:22:53.404000,404.8400054599686,99
2024-09-17 14:22:53.480000,404.8497023722125,9
2024-09-17 14:22:53.545000,404.8436021633115,11
2024-09-17 14:22:53.692000,404.8090139908647,9
2024-09-17 14:22:54.005000,404.8832499607523,13
2024-09-17 14:22:54.031000,404.89492997961264,1004
2024-09-17 14:22:54.091000,404.8805524253787,101
2024-09-17 14:22:54.119000,404.8880397099829,95
2024-09-17 14:22:54.199000,404.8967532170304,13
2024-09-17 14:22:54.207000,404.8925289265677,999
2024-09-17 14:22:54.226000,404.8916366544632,1002
2024-09-17 14:22:54.290000,404.9262995391463,101
2024-09-17 14:22:54.341000,404.8937931023514,1003
2024-09-17 14:22:54.349000,404.9112354102136,96
2024-09-17 14:22:54.413000,404.895702365806,102
2024-09-17 14:22:54.455000,404.9138102926177,11
2024-09-17 14:22:54.564000,404.9382410849721,995
2024-09-17 14:22:54.576000,404.8780522406215,1002
2024-09-17 14:22:54.612000,404.8793726806948,1004
2024-09-17 14:22:54.613000,404.899388938663,1002
2024-09-17 14:22:54.623000,404.8783336877647,98
2024-09-17 14:22:54.641000,404.9219570974896,1004
2024-09-17 14:22:54.667000,404.9141450560564,998
2024-09-17 14:22:54.678000,404.8918696005666,8
2024-09-17 14:22:54.689000,404.8925620023856,1005
2024-09-17 14:22:54.711000,404.88527959227065,105
2024-09-17 14:22:54.719000,404.9209325959796,6
2024-09-17 14:22:54.755000,404.8501117104847,995
2024-09-17 14:22:54.770000,404.8627948191694,101
2024-09-17 14:22:54.887000,404.9424764726476,996
2024-09-17 14:22:54.912000,404.87991693102697,100
2024-09-17 14:22:54.955000,404.8794729066798,1003
2024-09-17 14:22:55.020000,404.8974254669354,99
2024-09-17 14:22:55.058000,404.9268991921398,95
2024-09-17 14:22:55.085000,404.9168401501178,1000
2024-09-17 14:22:55.149000,404.932277563881,104
2024-09-17 14:22:55.186000,404.9238072911869,105
2024-09-17 14:22:55.195000,404.9047674742288,1004
2024-09-17 14:22:55.198000,404.9158901680736,1002
2024-09-17 14:22:55.264000,404.9060826195861,999
2024-09-17 14:22:55.290000,404.9299101564928,999
2024-09-17 14:22:55.369000,404.9126009994442,101
2024-09-17 14:22:55.610000,404.9069238950297,101
2024-09-17 14:22:55.731000,404.92645753037226,998
2024-09-17 14:22:55.847000,404.9122360958308,104
2024-09-17 14:22:55.996000,404.9350388295244,8
2024-09-17 14:22:56.065000,404.9237887012269,103
2024-09-17 14:22:56.154000,404.9189520091511,8
2024-09-17 14:22:56.227000,404.9114947810673,98
2024-09-17 14:22:56.230000,404.92221221870113,97
2024-09-17 14:22:56.544000,404.8982589411257,1003
2024-09-17 14:22:56.610000,404.90936647985023,1001
2024-09-17 14:22:56.626000,404.916374603055,998
2024-09-17 14:22:56.836000,404.9082161383512,103
2024-09-17 14:22:56.874000,404.89817050174,8
2024-09-17 14:22:56.918000,404.9175572401537,15
2024-09-17 14:22:57.015000,404.878110119138,102
2024-09-17 14:22:57.038000,404.8955349865039,11
2024-09-17 14:22:57.098000,404.9189496078142,1002
2024-09-17 14:22:57.422000,404.859231741006,997
2024-09-17 14:22:57.556000,404.82896504740336,105
2024-09-17 14:22:57.569000,404.8703878748858,998
2024-09-17 14:22:57.577000,404.8459401647877,97
2024-09-17 14:22:57.585000,404.8607644337689,1003
2024-09-17 14:22:57.609000,404.8997155358724,1004
2024-09-17 14:22:57.650000,404.83239388121393,98
2024-09-17 14:22:57.681000,404.85362054875446,100
2024-09-17 14:22:57.756000,404.8191005768048,104
2024-09-17 14:22:57.801000,404.84912006599984,105
2024-09-17 14:22:57.839000,404.9035240534648,1002
2024-09-17 14:22:57.864000,404.83012580211306,1002
2024-09-17 14:22:57.888000,404.8478483859644,97
2024-09-17 14:22:57.949000,404.866317226702,1003
2024-09-17 14:22:58.160000,404.781895524091,7
2024-09-17 14:22:58.178000,404.80060928444783,1005
2024-09-17 14:22:58.182000,404.8156910477884,101
2024-09-17 14:22:58.226000,404.78651231523486,15
2024-09-17 14:22:58.269000,404.7892064074532,999
2024-09-17 14:22:58.363000,404.78088462542473,1005
2024-09-17 14:22:58.478000,404.7814508052637,105
2024-09-17 14:22:58.516000,404.7695842286229,9
2024-09-17 14:22:58.641000,404.80174582369614,13
2024-09-17 14:22:58.805000,404.791502251327,999
2024-09-17 14:22:58.835000,404.7825390562029,997
2024-09-17 14:22:59.374000,404.811998818608,12
2024-09-17 14:22:59.649000,404.813926024613,103
2024-09-17 14:22:59.927000,404.8128834805692,101
