Timestamp,Price,Size
2024-09-20 13:18:00.115000,428.863137548436,97
2024-09-20 13:18:00.142000,428.8760603285199,998
2024-09-20 13:18:00.180000,428.8483336672509,96
2024-09-20 13:18:00.198000,428.82596798645136,999
2024-09-20 13:18:00.265000,428.8617887437484,7
2024-09-20 13:18:00.270000,428.886058080029,102
2024-09-20 13:18:00.279000,428.8822769321123,996
2024-09-20 13:18:00.289000,428.8672567574389,102
2024-09-20 13:18:00.332000,428.8480297993276,1003
2024-09-20 13:18:00.464000,428.864176376445,101
2024-09-20 13:18:00.498000,428.844489750684,6
2024-09-20 13:18:00.597000,428.90213917113226,105
2024-09-20 13:18:00.624000,428.8231592380459,1004
2024-09-20 13:18:00.711000,428.881281720813,105
2024-09-20 13:18:00.713000,428.8849860151303,99
2024-09-20 13:18:00.798000,428.84710857769113,14
2024-09-20 13:18:00.805000,428.89792611402,100
2024-09-20 13:18:00.812000,428.8421137044776,996
2024-09-20 13:18:00.916000,428.87825466826496,97
2024-09-20 13:18:01.197000,428.85897533498166,104
2024-09-20 13:18:01.503000,428.88531842236114,10
2024-09-20 13:18:01.756000,428.8632144285993,995
2024-09-20 13:18:01.818000,428.8634921193377,8
2024-09-20 13:18:01.829000,428.8594094297448,8
2024-09-20 13:18:02.060000,428.8876511257424,101
2024-09-20 13:18:02.068000,428.8790834038328,100
2024-09-20 13:18:02.212000,428.9325977421252,999
2024-09-20 13:18:02.260000,428.9424900706129,5
2024-09-20 13:18:02.264000,428.8806354071015,7
2024-09-20 13:18:02.361000,428.8847489911133,100
2024-09-20 13:18:02.387000,428.9407250644885,997
2024-09-20 13:18:02.393000,428.89681448411415,98
2024-09-20 13:18:02.446000,428.9135671801804,7
2024-09-20 13:18:02.523000,428.9255746502757,6
2024-09-20 13:18:02.571000,428.8870466591501,95
2024-09-20 13:18:02.689000,428.9183555542392,998
2024-09-20 13:18:02.721000,428.8691617045728,100
2024-09-20 13:18:02.736000,428.92024229055886,9
2024-09-20 13:18:02.793000,428.8608736692418,1003
2024-09-20 13:18:02.819000,428.8745497881664,14
2024-09-20 13:18:02.874000,428.8626933443306,1001
2024-09-20 13:18:02.922000,428.8632562345256,103
2024-09-20 13:18:02.930000,428.9014356124327,7
2024-09-20 13:18:02.972000,428.9320411802875,1001
2024-09-20 13:18:03.012000,429.0194709155063,1004
2024-09-20 13:18:03.025000,428.9401330212152,999
2024-09-20 13:18:03.048000,428.95405570560695,99
2024-09-20 13:18:03.063000,429.0353126226376,12
2024-09-20 13:18:03.136000,428.96044618445495,96
2024-09-20 13:18:03.193000,428.9319779129996,12
2024-09-20 13:18:03.234000,428.92264086966736,99
2024-09-20 13:18:03.237000,428.9491213933219,11
2024-09-20 13:18:03.308000,428.9516851667537,995
2024-09-20 13:18:03.447000,428.9538628145225,104
2024-09-20 13:18:03.453000,428.9541009653863,15
2024-09-20 13:18:03.459000,428.9164532591352,105
2024-09-20 13:18:03.565000,428.9412089723917,103
2024-09-20 13:18:03.648000,428.9222893225308,101
2024-09-20 13:18:03.682000,428.9499708008853,103
2024-09-20 13:18:03.711000,428.9447639551013,1004
2024-09-20 13:18:03.789000,428.9928764257482,99
2024-09-20 13:18:03.809000,428.967738285594,997
2024-09-20 13:18:03.819000,428.9230587120506,1000
2024-09-20 13:18:03.822000,429.0286566587276,99
2024-09-20 13:18:03.823000,428.9256878946521,1000
2024-09-20 13:18:03.837000,429.010946721323,998
2024-09-20 13:18:03.895000,428.9482148954388,996
2024-09-20 13:18:03.898000,429.0250742595556,10
2024-09-20 13:18:03.952000,428.93270193139927,1000
2024-09-20 13:18:04.029000,429.02060218339005,1003
2024-09-20 13:18:04.039000,429.0263559689532,1003
2024-09-20 13:18:04.054000,429.0147369998417,99
2024-09-20 13:18:04.057000,429.0161375550607,999
2024-09-20 13:18:04.069000,429.01304759735655,12
2024-09-20 13:18:04.159000,429.0128240012024,10
2024-09-20 13:18:04.324000,429.0313768036755,1001
2024-09-20 13:18:04.460000,429.025801312517,95
2024-09-20 13:18:04.493000,429.0101439293413,95
2024-09-20 13:18:04.496000,429.0329757045913,103
2024-09-20 13:18:04.516000,429.0226393247995,9
2024-09-20 13:18:04.574000,429.0204188996509,101
2024-09-20 13:18:05.090000,429.0410554921053,99
2024-09-20 13:18:05.597000,429.0807816094781,15
2024-09-20 13:18:05.831000,429.0829644585128,100
2024-09-20 13:18:05.937000,429.0631809530127,105
2024-09-20 13:18:06.254000,429.092128503067,995
2024-09-20 13:18:06.738000,429.0792883084739,14
2024-09-20 13:18:07.014000,429.0290121857004,1005
2024-09-20 13:18:07.027000,428.9918876836373,8
2024-09-20 13:18:07.036000,428.9739843131933,8
2024-09-20 13:18:07.064000,429.0767679205546,105
2024-09-20 13:18:07.087000,429.08019828635696,102
2024-09-20 13:18:07.147000,429.0016139264744,998
2024-09-20 13:18:07.171000,429.0770219864072,105
2024-09-20 13:18:07.186000,429.08014827948887,1005
2024-09-20 13:18:07.196000,429.08482711041904,95
2024-09-20 13:18:07.281000,429.0229507140969,1004
2024-09-20 13:18:07.384000,429.018749752353,15
2024-09-20 13:18:07.446000,429.0065668170964,995
2024-09-20 13:18:07.571000,428.9790548981202,104
2024-09-20 13:18:07.649000,429.0494763962146,1001
2024-09-20 13:18:07.684000,429.08423946222143,105
2024-09-20 13:18:07.724000,429.0694462155564,10
2024-09-20 13:18:07.787000,429.0044495878802,97
2024-09-20 13:18:08.066000,428.9995757273166,12
2024-09-20 13:18:08.140000,428.998569049012,100
2024-09-20 13:18:08.221000,428.9890526589016,95
2024-09-20 13:18:08.231000,429.0129928527329,97
2024-09-20 13:18:08.242000,429.0207266126855,97
2024-09-20 13:18:08.249000,428.994009659114,999
2024-09-20 13:18:08.257000,428.9957776444765,97
2024-09-20 13:18:08.259000,428.9794066844522,14
2024-09-20 13:18:08.288000,429.0111718394211,10
2024-09-20 13:18:08.312000,429.0149704742713,104
2024-09-20 13:18:08.330000,429.0316742366495,996
2024-09-20 13:18:08.344000,429.0167466123721,998
2024-09-20 13:18:08.359000,429.029628147081,1002
2024-09-20 13:18:08.375000,429.0089975311585,15
2024-09-20 13:18:08.412000,429.029089976304,101
2024-09-20 13:18:08.446000,429.0148359939995,1004
2024-09-20 13:18:08.446000,429.0226490550162,101
2024-09-20 13:18:08.482000,428.9886847348904,997
2024-09-20 13:18:08.485000,429.00722628812514,6
2024-09-20 13:18:08.488000,428.9978208112354,104
2024-09-20 13:18:08.507000,428.9813514855456,999
2024-09-20 13:18:08.520000,429.026460434164,104
2024-09-20 13:18:08.534000,429.0104719451233,995
2024-09-20 13:18:08.538000,429.0305585259876,999
2024-09-20 13:18:08.583000,429.0093770184584,12
2024-09-20 13:18:08.583000,429.03765529103214,996
2024-09-20 13:18:08.608000,429.028130138763,96
2024-09-20 13:18:08.736000,429.0189252973031,102
2024-09-20 13:18:08.970000,429.012806584898,9
2024-09-20 13:18:09.086000,429.0337479821087,102
2024-09-20 13:18:09.102000,429.02730458922537,996
2024-09-20 13:18:09.129000,429.04298468953,995
2024-09-20 13:18:09.142000,429.02662051240617,5
2024-09-20 13:18:09.278000,429.0003330377477,998
2024-09-20 13:18:09.326000,429.0072250975744,10
2024-09-20 13:18:09.385000,429.02930759124536,995
2024-09-20 13:18:09.390000,429.0187360693385,14
2024-09-20 13:18:09.676000,429.0174456217043,12
2024-09-20 13:18:09.685000,429.0394908076435,995
2024-09-20 13:18:09.685000,429.0358949322907,1005
2024-09-20 13:18:10.004000,429.0153682046421,5
2024-09-20 13:18:10.078000,428.9940319034857,1004
2024-09-20 13:18:10.159000,428.9833709233615,7
2024-09-20 13:18:10.172000,429.0238170422302,105
2024-09-20 13:18:10.218000,429.0091778001389,996
2024-09-20 13:18:10.367000,429.0121267917687,7
2024-09-20 13:18:10.371000,429.0010352082223,1001
2024-09-20 13:18:10.378000,429.0154092950847,999
2024-09-20 13:18:10.434000,428.9603470260556,1003
2024-09-20 13:18:10.442000,428.9998838384751,5
2024-09-20 13:18:10.515000,429.0001642474487,1003
2024-09-20 13:18:10.535000,428.9606255017547,13
2024-09-20 13:18:10.552000,428.98804393248673,103
2024-09-20 13:18:10.561000,429.0485202291335,1004
2024-09-20 13:18:10.578000,428.97772252217686,10
2024-09-20 13:18:10.620000,429.0062509814896,10
2024-09-20 13:18:10.654000,429.00150045144704,11
2024-09-20 13:18:10.662000,428.9850573284684,1001
2024-09-20 13:18:10.709000,428.9809320973119,9
2024-09-20 13:18:10.753000,428.972925442737,998
2024-09-20 13:18:10.822000,428.98382536377534,96
2024-09-20 13:18:10.827000,428.975316117548,13
2024-09-20 13:18:10.851000,428.99545729843805,9
2024-09-20 13:18:10.859000,429.0104346156261,8
2024-09-20 13:18:10.863000,429.02685219589824,12
2024-09-20 13:18:10.933000,429.0042859029061,1000
2024-09-20 13:18:10.957000,428.9635822008065,103
2024-09-20 13:18:10.979000,428.9853406794295,1000
2024-09-20 13:18:11.020000,428.9724061716185,7
2024-09-20 13:18:11.032000,428.9936158386032,997
2024-09-20 13:18:12.084000,429.0560003911999,997
2024-09-20 13:18:12.207000,429.0759603921577,101
2024-09-20 13:18:12.259000,429.0545194971478,15
2024-09-20 13:18:12.306000,429.0247985886779,12
2024-09-20 13:18:12.363000,429.0422523535284,100
2024-09-20 13:18:12.397000,429.0518665510537,14
2024-09-20 13:18:12.458000,429.07581478693874,11
2024-09-20 13:18:12.469000,429.04232084992776,8
2024-09-20 13:18:12.502000,429.02694616039,7
2024-09-20 13:18:12.508000,429.0138730447018,98
2024-09-20 13:18:12.585000,429.0629342782829,6
2024-09-20 13:18:12.605000,429.0504779319391,10
2024-09-20 13:18:12.645000,428.9864323499432,14
2024-09-20 13:18:12.672000,428.98558380303086,5
2024-09-20 13:18:12.689000,429.0603265489752,99
2024-09-20 13:18:12.703000,429.0463961205492,6
2024-09-20 13:18:12.956000,428.9975025710432,14
2024-09-20 13:18:13.019000,429.0498800270311,1002
2024-09-20 13:18:13.090000,429.0496518918185,102
2024-09-20 13:18:13.194000,429.0454845623732,102
2024-09-20 13:18:13.215000,429.0306020423048,99
2024-09-20 13:18:13.249000,429.0498262795655,6
2024-09-20 13:18:13.313000,429.0262143956775,13
2024-09-20 13:18:13.368000,429.0426990944669,97
2024-09-20 13:18:13.417000,429.0315682036178,5
2024-09-20 13:18:13.465000,429.0294204347343,12
2024-09-20 13:18:13.484000,429.0614160532221,1005
2024-09-20 13:18:13.715000,429.0469312772576,1002
2024-09-20 13:18:13.970000,429.0511648832295,1002
2024-09-20 13:18:14.007000,429.0549981012792,105
2024-09-20 13:18:14.148000,429.0618687629871,13
2024-09-20 13:18:14.166000,429.0560049075351,997
2024-09-20 13:18:14.322000,429.0561397165273,95
2024-09-20 13:18:14.413000,429.0679388396688,99
2024-09-20 13:18:14.615000,429.0476782652268,102
2024-09-20 13:18:14.740000,429.0560969813493,7
2024-09-20 13:18:14.757000,429.0535309638876,1002
2024-09-20 13:18:15.044000,429.1509650552736,1004
2024-09-20 13:18:15.074000,429.0934819456773,5
2024-09-20 13:18:15.131000,429.16493588479045,100
2024-09-20 13:18:15.140000,429.1298937099107,996
2024-09-20 13:18:15.145000,429.1062028688776,8
2024-09-20 13:18:15.216000,429.1351005528849,12
2024-09-20 13:18:15.241000,429.1138088649809,7
2024-09-20 13:18:15.259000,429.0689286993301,11
2024-09-20 13:18:15.402000,429.1154444113085,7
2024-09-20 13:18:15.427000,429.0940611242112,98
2024-09-20 13:18:15.443000,429.07424488134967,98
2024-09-20 13:18:15.444000,429.13277598380745,97
2024-09-20 13:18:15.475000,429.1480447700162,1004
2024-09-20 13:18:15.478000,429.084351391017,105
2024-09-20 13:18:15.532000,429.1117020804302,101
2024-09-20 13:18:15.578000,429.0689274411232,1000
2024-09-20 13:18:15.730000,429.0536757206885,99
2024-09-20 13:18:15.764000,429.1630409846742,11
2024-09-20 13:18:15.765000,429.07383093108257,11
2024-09-20 13:18:15.796000,429.1042361462574,105
2024-09-20 13:18:15.821000,429.099854018365,105
2024-09-20 13:18:15.847000,429.1466788260753,100
2024-09-20 13:18:15.941000,429.14728029083074,1000
2024-09-20 13:18:15.955000,429.0819617542895,12
2024-09-20 13:18:16.043000,429.1592539593397,999
2024-09-20 13:18:16.144000,429.11605433996266,997
2024-09-20 13:18:16.174000,429.146092892584,13
2024-09-20 13:18:16.181000,429.1325522104592,14
2024-09-20 13:18:16.222000,429.1696536168852,6
2024-09-20 13:18:16.246000,429.1162548157671,96
2024-09-20 13:18:16.269000,429.1576881984812,15
2024-09-20 13:18:16.400000,429.168104491985,5
2024-09-20 13:18:16.427000,429.15305367682015,1000
2024-09-20 13:18:16.439000,429.13877818608,1004
2024-09-20 13:18:16.483000,429.13764545571536,15
2024-09-20 13:18:16.542000,429.18494133043816,1002
2024-09-20 13:18:16.625000,429.0845341505749,998
2024-09-20 13:18:16.662000,429.17682531143134,999
2024-09-20 13:18:16.763000,429.1771078894382,9
2024-09-20 13:18:16.780000,429.104851331008,8
2024-09-20 13:18:16.789000,429.1403832795066,97
2024-09-20 13:18:16.848000,429.1776770393356,1004
2024-09-20 13:18:16.884000,429.1249005918013,1002
2024-09-20 13:18:16.912000,429.1523108482469,96
2024-09-20 13:18:16.930000,429.0733029840944,8
2024-09-20 13:18:16.935000,429.1573784816634,996
2024-09-20 13:18:17.041000,429.1078698908469,11
2024-09-20 13:18:17.457000,429.096091920526,11
2024-09-20 13:18:17.566000,429.0911981624276,104
2024-09-20 13:18:17.680000,429.1061879317541,997
2024-09-20 13:18:17.770000,429.1091025871529,6
2024-09-20 13:18:18.002000,429.2052670533732,104
2024-09-20 13:18:18.009000,429.1903496567376,1005
2024-09-20 13:18:18.135000,429.20848680929726,7
2024-09-20 13:18:18.156000,429.1995917576472,8
2024-09-20 13:18:18.345000,429.10225770135366,995
2024-09-20 13:18:18.370000,429.1886537725172,6
2024-09-20 13:18:18.435000,429.17364256504936,99
2024-09-20 13:18:18.483000,429.1493813213293,1000
2024-09-20 13:18:18.605000,429.1633173043584,1001
2024-09-20 13:18:18.642000,429.139841878266,995
2024-09-20 13:18:18.749000,429.1406113918576,5
2024-09-20 13:18:18.763000,429.16069522813297,1005
2024-09-20 13:18:18.810000,429.1717313005695,97
2024-09-20 13:18:18.847000,429.1402352421232,1005
2024-09-20 13:18:18.976000,429.11655759390254,103
2024-09-20 13:18:19.004000,429.24542142339726,100
2024-09-20 13:18:19.045000,429.2847604635889,1002
2024-09-20 13:18:19.100000,429.2799168720695,9
2024-09-20 13:18:19.218000,429.2300272489495,997
2024-09-20 13:18:19.282000,429.2195290515019,998
2024-09-20 13:18:19.389000,429.2303517805737,999
2024-09-20 13:18:19.497000,429.2482683093273,103
2024-09-20 13:18:19.562000,429.3016007714213,1001
2024-09-20 13:18:19.630000,429.22325639637614,101
2024-09-20 13:18:19.653000,429.2313930170681,5
2024-09-20 13:18:19.714000,429.2539081893091,997
2024-09-20 13:18:19.764000,429.2125827124989,11
2024-09-20 13:18:19.897000,429.28133184216153,995
2024-09-20 13:18:19.907000,429.2359609283678,13
2024-09-20 13:18:20.099000,429.3503542581347,1004
2024-09-20 13:18:20.171000,429.28380794673416,10
2024-09-20 13:18:20.243000,429.29776825441854,1003
2024-09-20 13:18:20.249000,429.2919982195758,12
2024-09-20 13:18:20.265000,429.2946915912144,13
2024-09-20 13:18:20.283000,429.29505779785353,8
2024-09-20 13:18:20.310000,429.3745456104612,995
2024-09-20 13:18:20.312000,429.328168957787,6
2024-09-20 13:18:20.319000,429.3668872856942,96
2024-09-20 13:18:20.324000,429.2984790087027,1000
2024-09-20 13:18:20.333000,429.2913418727051,14
2024-09-20 13:18:20.374000,429.3197666742735,104
2024-09-20 13:18:20.415000,429.30868539026,1003
2024-09-20 13:18:20.426000,429.3156342636762,995
2024-09-20 13:18:20.452000,429.288921081179,1000
2024-09-20 13:18:20.519000,429.31186079740434,997
2024-09-20 13:18:20.530000,429.3271976720045,6
2024-09-20 13:18:20.532000,429.2930532486302,95
2024-09-20 13:18:20.562000,429.2782151497063,1004
2024-09-20 13:18:20.597000,429.3721556753476,1002
2024-09-20 13:18:20.605000,429.3214497016207,995
2024-09-20 13:18:20.611000,429.3769931511024,999
2024-09-20 13:18:20.635000,429.3075720715311,11
2024-09-20 13:18:20.757000,429.2961422206954,99
2024-09-20 13:18:20.913000,429.30869298892975,1002
2024-09-20 13:18:21.341000,429.3227430888915,998
2024-09-20 13:18:22.009000,429.3359126916329,9
2024-09-20 13:18:22.032000,429.3170495241944,999
2024-09-20 13:18:22.078000,429.39157618776,103
2024-09-20 13:18:22.180000,429.3449789024677,9
2024-09-20 13:18:22.216000,429.3477785753868,100
2024-09-20 13:18:22.228000,429.3392210612503,105
2024-09-20 13:18:22.297000,429.409227539485,100
2024-09-20 13:18:22.439000,429.3151134471968,101
2024-09-20 13:18:22.519000,429.3295817151658,12
2024-09-20 13:18:22.674000,429.3195751775268,5
2024-09-20 13:18:22.753000,429.3010525317944,1004
2024-09-20 13:18:22.757000,429.3772052145195,100
2024-09-20 13:18:22.879000,429.351238690578,101
2024-09-20 13:18:22.879000,429.3947382409121,5
2024-09-20 13:18:22.933000,429.3334044055532,102
2024-09-20 13:18:22.939000,429.3612755284364,997
2024-09-20 13:18:23.123000,429.3649728857989,8
2024-09-20 13:18:23.159000,429.3675131568431,8
2024-09-20 13:18:23.275000,429.3930546229775,103
2024-09-20 13:18:23.284000,429.4117331281138,995
2024-09-20 13:18:23.348000,429.39707573158194,1002
2024-09-20 13:18:23.485000,429.35072253343486,7
2024-09-20 13:18:23.595000,429.3981100648711,1002
2024-09-20 13:18:23.613000,429.37120912397927,10
2024-09-20 13:18:23.622000,429.3289089117001,8
2024-09-20 13:18:23.622000,429.3525993985988,1003
2024-09-20 13:18:23.654000,429.3996358103869,6
2024-09-20 13:18:23.800000,429.3758524077143,97
2024-09-20 13:18:23.909000,429.40985701051744,15
2024-09-20 13:18:23.998000,429.3540066227853,999
2024-09-20 13:18:24.522000,429.3541749446181,7
2024-09-20 13:18:24.613000,429.3478357725872,996
2024-09-20 13:18:25.006000,429.34359425205565,14
2024-09-20 13:18:25.073000,429.3286735902846,95
2024-09-20 13:18:25.103000,429.33189424062414,1004
2024-09-20 13:18:25.119000,429.3292328100649,5
2024-09-20 13:18:25.187000,429.33529504573664,1003
2024-09-20 13:18:25.234000,429.3321504657543,997
2024-09-20 13:18:25.315000,429.3320167036664,1001
2024-09-20 13:18:25.336000,429.3302421969484,9
2024-09-20 13:18:25.342000,429.3252114894628,100
2024-09-20 13:18:25.389000,429.33733827915887,1000
2024-09-20 13:18:25.442000,429.3204989171773,10
2024-09-20 13:18:25.753000,429.37329051722895,7
2024-09-20 13:18:25.774000,429.3445029998552,998
2024-09-20 13:18:25.855000,429.3269181008464,95
2024-09-20 13:18:25.894000,429.3333978634007,12
2024-09-20 13:18:25.931000,429.3216262668319,6
2024-09-20 13:18:25.968000,429.3300122961528,998
2024-09-20 13:18:26.349000,429.3741187100373,11
2024-09-20 13:18:26.391000,429.3847904356238,103
2024-09-20 13:18:26.515000,429.3736095446449,97
2024-09-20 13:18:27.184000,429.39302309680767,11
2024-09-20 13:18:27.196000,429.3804139458247,105
2024-09-20 13:18:27.199000,429.419803024291,5
2024-09-20 13:18:27.233000,429.3896530953435,7
2024-09-20 13:18:27.261000,429.4165298724061,96
2024-09-20 13:18:27.268000,429.4270435602199,997
2024-09-20 13:18:27.330000,429.4219729177218,105
2024-09-20 13:18:27.371000,429.37480413252416,5
2024-09-20 13:18:27.505000,429.3844356912197,14
2024-09-20 13:18:27.643000,429.37359692028,1005
2024-09-20 13:18:27.688000,429.3735626314176,13
2024-09-20 13:18:27.724000,429.3653073516172,1005
2024-09-20 13:18:27.782000,429.4306266735097,997
2024-09-20 13:18:27.815000,429.458812230182,104
2024-09-20 13:18:27.850000,429.407091010002,103
2024-09-20 13:18:27.855000,429.4530253234228,14
2024-09-20 13:18:27.890000,429.39894946969616,12
2024-09-20 13:18:27.918000,429.3770298101167,6
2024-09-20 13:18:27.940000,429.37846125227406,6
2024-09-20 13:18:28.158000,429.4450546660052,1003
2024-09-20 13:18:28.166000,429.4521315631091,13
2024-09-20 13:18:28.190000,429.4488261703877,998
2024-09-20 13:18:28.202000,429.4461638448419,105
2024-09-20 13:18:28.239000,429.4655217136231,105
2024-09-20 13:18:28.288000,429.4608375735323,104
2024-09-20 13:18:28.299000,429.4396479119698,7
2024-09-20 13:18:28.380000,429.4477286689755,996
2024-09-20 13:18:28.412000,429.4478164918917,5
2024-09-20 13:18:28.458000,429.45348826461577,6
2024-09-20 13:18:28.479000,429.44916674713846,14
2024-09-20 13:18:28.499000,429.4492779802992,998
2024-09-20 13:18:28.501000,429.4420415062082,11
2024-09-20 13:18:28.512000,429.451279463722,996
2024-09-20 13:18:28.512000,429.44924596757113,99
2024-09-20 13:18:28.530000,429.4467536610381,103
2024-09-20 13:18:28.575000,429.4648953238652,1000
2024-09-20 13:18:28.609000,429.4641168653899,9
2024-09-20 13:18:28.620000,429.474193124293,1000
2024-09-20 13:18:28.632000,429.4670720861661,12
2024-09-20 13:18:28.648000,429.4409307951813,103
2024-09-20 13:18:28.671000,429.4615832350297,1004
2024-09-20 13:18:28.677000,429.4529200124405,101
2024-09-20 13:18:28.822000,429.4567322525374,5
2024-09-20 13:18:28.865000,429.4488903653586,1005
2024-09-20 13:18:28.963000,429.4513101924939,10
2024-09-20 13:18:28.966000,429.4312967975227,6
2024-09-20 13:18:28.990000,429.4515335717143,104
2024-09-20 13:18:29.011000,429.4680689468445,101
2024-09-20 13:18:29.032000,429.4240238729667,99
2024-09-20 13:18:29.084000,429.4443529458509,96
2024-09-20 13:18:29.092000,429.4181932066169,104
2024-09-20 13:18:29.130000,429.5427490975837,97
2024-09-20 13:18:29.167000,429.53973652129787,14
2024-09-20 13:18:29.185000,429.4936871750468,104
2024-09-20 13:18:29.254000,429.4528363291184,11
2024-09-20 13:18:29.261000,429.4834466782012,1000
2024-09-20 13:18:29.263000,429.5133988346252,104
2024-09-20 13:18:29.278000,429.4957046482148,999
2024-09-20 13:18:29.301000,429.49833875548575,96
2024-09-20 13:18:29.316000,429.5274483649207,101
2024-09-20 13:18:29.333000,429.5323409167163,5
2024-09-20 13:18:29.338000,429.40607797684686,6
2024-09-20 13:18:29.356000,429.4740871899641,13
2024-09-20 13:18:29.385000,429.49155519968247,1005
2024-09-20 13:18:29.423000,429.4555283529419,14
2024-09-20 13:18:29.593000,429.5397160226911,997
2024-09-20 13:18:29.694000,429.55570532739455,1000
2024-09-20 13:18:29.707000,429.4980825009377,99
2024-09-20 13:18:29.826000,429.4331708959394,7
2024-09-20 13:18:29.843000,429.4809078555375,6
2024-09-20 13:18:29.849000,429.5373522662271,995
2024-09-20 13:18:29.859000,429.4525085242721,105
2024-09-20 13:18:29.886000,429.5455514836136,997
2024-09-20 13:18:29.923000,429.5535777173305,10
2024-09-20 13:18:29.948000,429.406785672264,102
2024-09-20 13:18:30.048000,429.4031072613031,1005
2024-09-20 13:18:30.255000,429.37491501440894,999
2024-09-20 13:18:30.362000,429.4131747777304,10
2024-09-20 13:18:30.720000,429.38775223052914,102
2024-09-20 13:18:31.060000,429.3443347860085,98
2024-09-20 13:18:31.251000,429.3687009446189,1003
2024-09-20 13:18:31.418000,429.3293370993851,105
2024-09-20 13:18:31.557000,429.3491990400363,8
2024-09-20 13:18:31.577000,429.3354922844261,1005
2024-09-20 13:18:31.602000,429.3695656176687,105
2024-09-20 13:18:31.620000,429.37337642809,1000
2024-09-20 13:18:31.673000,429.3815149768592,15
2024-09-20 13:18:31.679000,429.3672247673287,6
2024-09-20 13:18:31.753000,429.33925192430047,12
2024-09-20 13:18:31.792000,429.3547121122673,104
2024-09-20 13:18:31.964000,429.33185969615306,99
2024-09-20 13:18:32.012000,429.2512019218238,99
2024-09-20 13:18:32.052000,429.2972088344928,99
2024-09-20 13:18:32.137000,429.2626103678975,97
2024-09-20 13:18:32.202000,429.2806484183837,104
2024-09-20 13:18:32.215000,429.2833779545503,1000
2024-09-20 13:18:32.284000,429.3060617975388,998
2024-09-20 13:18:32.326000,429.272814776741,99
2024-09-20 13:18:32.331000,429.2904768349184,1000
2024-09-20 13:18:32.392000,429.26923819238255,15
2024-09-20 13:18:32.447000,429.2490307440967,103
2024-09-20 13:18:32.511000,429.3048809445111,7
2024-09-20 13:18:32.525000,429.2874508216805,7
2024-09-20 13:18:32.528000,429.3101209016321,105
2024-09-20 13:18:32.574000,429.2991815821659,96
2024-09-20 13:18:32.593000,429.2926154928087,1004
2024-09-20 13:18:32.687000,429.2816730420088,6
2024-09-20 13:18:32.738000,429.2888248367315,12
2024-09-20 13:18:32.910000,429.2632156764077,97
2024-09-20 13:18:32.968000,429.2832741037848,6
2024-09-20 13:18:33.080000,429.2112173921146,1005
2024-09-20 13:18:33.080000,429.2161748134797,1004
2024-09-20 13:18:33.084000,429.2651893178344,97
2024-09-20 13:18:33.204000,429.24974832855247,996
2024-09-20 13:18:33.230000,429.1943612989232,101
2024-09-20 13:18:33.290000,429.2410897704144,1002
2024-09-20 13:18:33.315000,429.24304312032734,7
2024-09-20 13:18:33.318000,429.2179594680263,7
2024-09-20 13:18:33.442000,429.2126779750616,1002
2024-09-20 13:18:33.482000,429.21440973516144,11
2024-09-20 13:18:33.498000,429.1917619358592,995
2024-09-20 13:18:33.500000,429.26753240971175,1002
2024-09-20 13:18:33.505000,429.255575195228,1002
2024-09-20 13:18:33.514000,429.2473638059252,96
2024-09-20 13:18:33.555000,429.2437885324123,97
2024-09-20 13:18:33.558000,429.18749760117294,1004
2024-09-20 13:18:33.696000,429.2307811318032,8
2024-09-20 13:18:33.724000,429.185811043254,1005
2024-09-20 13:18:33.746000,429.2317515383709,1005
2024-09-20 13:18:33.771000,429.227642548263,97
2024-09-20 13:18:33.817000,429.21945182853415,1005
2024-09-20 13:18:33.862000,429.2671342599313,5
2024-09-20 13:18:33.872000,429.2092796291483,13
2024-09-20 13:18:33.901000,429.2535488022696,5
2024-09-20 13:18:33.943000,429.2206081851508,11
2024-09-20 13:18:33.959000,429.1950437125375,998
2024-09-20 13:18:33.976000,429.1987049996924,95
2024-09-20 13:18:34.898000,429.2052175819172,1004
2024-09-20 13:18:35.032000,429.2207192303131,96
2024-09-20 13:18:35.063000,429.20084051634,995
2024-09-20 13:18:35.156000,429.231489091652,1002
2024-09-20 13:18:35.184000,429.2524745026727,1000
2024-09-20 13:18:35.273000,429.2513818022384,1000
2024-09-20 13:18:35.283000,429.1543050923202,104
2024-09-20 13:18:35.290000,429.20415147120457,105
2024-09-20 13:18:35.329000,429.1748360271235,996
2024-09-20 13:18:35.344000,429.2398355159201,998
2024-09-20 13:18:35.416000,429.2453392936774,15
2024-09-20 13:18:35.421000,429.1583500486684,997
2024-09-20 13:18:35.423000,429.22310483970426,995
2024-09-20 13:18:35.439000,429.2177333832334,7
2024-09-20 13:18:35.460000,429.2230604576906,14
2024-09-20 13:18:35.475000,429.2589738489263,11
2024-09-20 13:18:35.490000,429.13537895249976,103
2024-09-20 13:18:35.510000,429.1725484178808,8
2024-09-20 13:18:35.513000,429.2509252526664,6
2024-09-20 13:18:35.556000,429.1996757158659,1000
2024-09-20 13:18:35.606000,429.1533682929254,12
2024-09-20 13:18:35.696000,429.2083429843214,1001
2024-09-20 13:18:35.700000,429.18966581267824,97
2024-09-20 13:18:35.936000,429.1855593770292,6
2024-09-20 13:18:35.938000,429.1591866988937,995
2024-09-20 13:18:36.143000,429.3242657086533,999
2024-09-20 13:18:36.239000,429.2809771910715,15
2024-09-20 13:18:36.309000,429.2667597404625,9
2024-09-20 13:18:36.356000,429.24251124478906,1005
2024-09-20 13:18:36.370000,429.2334792470508,105
2024-09-20 13:18:36.452000,429.3071048365765,98
2024-09-20 13:18:36.503000,429.2415476077671,11
2024-09-20 13:18:36.544000,429.3141806662251,97
2024-09-20 13:18:36.556000,429.3427252097109,97
2024-09-20 13:18:36.649000,429.36517436378193,999
2024-09-20 13:18:36.828000,429.2688920204014,15
2024-09-20 13:18:37.043000,429.37515349884615,9
2024-09-20 13:18:37.123000,429.38747482862266,103
2024-09-20 13:18:37.130000,429.3741800954281,102
2024-09-20 13:18:37.214000,429.3556520463954,10
2024-09-20 13:18:37.218000,429.3625616220165,99
2024-09-20 13:18:37.222000,429.35233963794695,5
2024-09-20 13:18:37.228000,429.3781466689717,95
2024-09-20 13:18:37.333000,429.36997829655473,9
2024-09-20 13:18:37.428000,429.3495574257044,99
2024-09-20 13:18:37.438000,429.3601580472066,9
2024-09-20 13:18:37.484000,429.3543304439432,6
2024-09-20 13:18:37.516000,429.3653789918631,95
2024-09-20 13:18:37.717000,429.3751207595977,7
2024-09-20 13:18:37.880000,429.36573300777405,100
2024-09-20 13:18:37.886000,429.3622662089903,95
2024-09-20 13:18:37.928000,429.3614384525874,101
2024-09-20 13:18:38.293000,429.382372316956,104
2024-09-20 13:18:38.294000,429.3779219960736,1004
2024-09-20 13:18:38.344000,429.3948342707,12
2024-09-20 13:18:38.374000,429.377690397824,15
2024-09-20 13:18:38.472000,429.3863532156324,1002
2024-09-20 13:18:38.478000,429.3773648434124,98
2024-09-20 13:18:38.565000,429.3899769828892,1001
2024-09-20 13:18:38.838000,429.37953334975776,1005
2024-09-20 13:18:38.896000,429.4016587294852,997
2024-09-20 13:18:39.059000,429.4109502656527,99
2024-09-20 13:18:39.072000,429.38278569426734,998
2024-09-20 13:18:39.089000,429.4148406269613,104
2024-09-20 13:18:39.106000,429.3767709026524,8
2024-09-20 13:18:39.153000,429.4127000047226,100
2024-09-20 13:18:39.182000,429.3807237824889,14
2024-09-20 13:18:39.214000,429.4012761090648,1000
2024-09-20 13:18:39.230000,429.4035046520677,8
2024-09-20 13:18:39.253000,429.3684497555165,995
2024-09-20 13:18:39.298000,429.4119456142351,7
2024-09-20 13:18:39.312000,429.3582513275057,997
2024-09-20 13:18:39.373000,429.41468492950463,13
2024-09-20 13:18:39.400000,429.4074237524057,995
2024-09-20 13:18:39.496000,429.4128839693916,11
2024-09-20 13:18:39.503000,429.4031587504937,996
2024-09-20 13:18:39.529000,429.36332148221993,1004
2024-09-20 13:18:39.592000,429.389706169939,1001
2024-09-20 13:18:39.651000,429.4051889197392,995
2024-09-20 13:18:39.677000,429.3799975993847,6
2024-09-20 13:18:39.705000,429.4127505839459,999
2024-09-20 13:18:39.869000,429.3779148180176,97
2024-09-20 13:18:40.109000,429.3695445562217,8
2024-09-20 13:18:40.128000,429.36594129825113,103
2024-09-20 13:18:40.206000,429.37515138717487,995
2024-09-20 13:18:40.593000,429.3405895151379,1001
2024-09-20 13:18:40.645000,429.3661534017327,6
2024-09-20 13:18:40.802000,429.3778606653741,1003
2024-09-20 13:18:40.953000,429.3523006797527,13
2024-09-20 13:18:41.319000,429.3905162015144,996
2024-09-20 13:18:41.328000,429.3731814232776,998
2024-09-20 13:18:41.409000,429.3866020956018,998
2024-09-20 13:18:41.734000,429.3461298077081,99
2024-09-20 13:18:41.838000,429.3654269724654,103
2024-09-20 13:18:41.977000,429.3738806469978,1001
2024-09-20 13:18:41.991000,429.355579364275,14
2024-09-20 13:18:42.005000,429.454387246556,98
2024-09-20 13:18:42.015000,429.4298789488439,13
2024-09-20 13:18:42.078000,429.3929529782784,7
2024-09-20 13:18:42.082000,429.4371249094041,100
2024-09-20 13:18:42.113000,429.3864825317102,97
2024-09-20 13:18:42.182000,429.4350179008881,103
2024-09-20 13:18:42.196000,429.412782281496,1005
2024-09-20 13:18:42.260000,429.43691119271966,8
2024-09-20 13:18:42.275000,429.3558133453823,98
2024-09-20 13:18:42.376000,429.4716836185586,1002
2024-09-20 13:18:42.417000,429.45770426087705,10
2024-09-20 13:18:42.499000,429.4574377652857,15
2024-09-20 13:18:42.570000,429.4479792457663,1003
2024-09-20 13:18:42.600000,429.3875574929572,6
2024-09-20 13:18:42.707000,429.3489984481165,95
2024-09-20 13:18:42.711000,429.3659855027708,12
2024-09-20 13:18:42.728000,429.3485475943464,101
2024-09-20 13:18:42.747000,429.4211642201208,1002
2024-09-20 13:18:42.747000,429.4565576633863,9
2024-09-20 13:18:42.751000,429.3692023880768,9
2024-09-20 13:18:42.759000,429.4635537530239,11
2024-09-20 13:18:42.800000,429.3813065253361,1001
2024-09-20 13:18:42.868000,429.4646232812906,1005
2024-09-20 13:18:42.902000,429.4347899596496,1005
2024-09-20 13:18:42.913000,429.4583998585084,105
2024-09-20 13:18:43.025000,429.4492666503724,99
2024-09-20 13:18:43.110000,429.4624229295564,102
2024-09-20 13:18:43.141000,429.466266310902,100
2024-09-20 13:18:43.205000,429.4472277074989,9
2024-09-20 13:18:43.206000,429.4568470181608,15
2024-09-20 13:18:43.474000,429.4652609444543,1005
2024-09-20 13:18:43.487000,429.4396134009914,8
2024-09-20 13:18:43.610000,429.43273119640696,9
2024-09-20 13:18:43.643000,429.435231131941,101
2024-09-20 13:18:43.683000,429.4421521944444,998
2024-09-20 13:18:43.685000,429.4495458216101,13
2024-09-20 13:18:43.770000,429.43708750562274,1001
2024-09-20 13:18:43.821000,429.4409128363666,13
2024-09-20 13:18:43.870000,429.45828990150943,95
2024-09-20 13:18:43.950000,429.4686832314087,997
2024-09-20 13:18:43.964000,429.46544154379,97
2024-09-20 13:18:44.080000,429.4433694730418,1003
2024-09-20 13:18:44.114000,429.4593021375612,12
2024-09-20 13:18:44.139000,429.44309148114,95
2024-09-20 13:18:44.191000,429.4464832192106,96
2024-09-20 13:18:44.576000,429.47609656885993,95
2024-09-20 13:18:44.676000,429.4625669094716,999
2024-09-20 13:18:44.741000,429.4588189416061,999
2024-09-20 13:18:44.923000,429.4396485944587,996
2024-09-20 13:18:45.026000,429.4284916328897,99
2024-09-20 13:18:45.106000,429.4133586004853,998
2024-09-20 13:18:45.116000,429.4263270573599,995
2024-09-20 13:18:45.270000,429.4056303816426,9
2024-09-20 13:18:45.276000,429.455258626167,14
2024-09-20 13:18:45.307000,429.4291629450018,995
2024-09-20 13:18:45.355000,429.42732645406494,9
2024-09-20 13:18:45.817000,429.4450574948567,14
2024-09-20 13:18:45.823000,429.4475533059013,9
2024-09-20 13:18:45.872000,429.4374787676299,15
2024-09-20 13:18:45.875000,429.44221289734895,1004
2024-09-20 13:18:45.883000,429.4535497306412,102
2024-09-20 13:18:45.910000,429.421783163551,1001
2024-09-20 13:18:46.137000,429.3889619925414,997
2024-09-20 13:18:46.142000,429.3939433039958,7
2024-09-20 13:18:46.184000,429.4146355988469,6
2024-09-20 13:18:46.379000,429.396163424249,101
2024-09-20 13:18:46.429000,429.4335423934389,8
2024-09-20 13:18:46.434000,429.4239562811073,99
2024-09-20 13:18:46.500000,429.3894666669694,101
2024-09-20 13:18:46.535000,429.3877780913762,995
2024-09-20 13:18:46.593000,429.4003149208928,1000
2024-09-20 13:18:46.664000,429.39425471156966,12
2024-09-20 13:18:46.712000,429.38397377776494,15
2024-09-20 13:18:46.770000,429.4001802510365,104
2024-09-20 13:18:46.830000,429.39903444798034,12
2024-09-20 13:18:46.894000,429.39956348627385,998
2024-09-20 13:18:46.949000,429.4044041200422,14
2024-09-20 13:18:46.958000,429.3875789901044,7
2024-09-20 13:18:47.006000,429.4376052488283,7
2024-09-20 13:18:47.030000,429.3968935089632,12
2024-09-20 13:18:47.176000,429.4013717624748,14
2024-09-20 13:18:47.225000,429.3875994401217,996
2024-09-20 13:18:47.253000,429.4031479736887,101
2024-09-20 13:18:47.351000,429.3753209280762,98
2024-09-20 13:18:47.525000,429.4394092123778,95
2024-09-20 13:18:47.541000,429.4333008682551,98
2024-09-20 13:18:47.543000,429.3929559049028,105
2024-09-20 13:18:47.550000,429.43754848344776,1002
2024-09-20 13:18:47.562000,429.4106187223811,96
2024-09-20 13:18:47.733000,429.4081161025686,97
2024-09-20 13:18:47.790000,429.4304826627157,96
2024-09-20 13:18:47.864000,429.40467800089937,10
2024-09-20 13:18:47.948000,429.4001969563851,99
2024-09-20 13:18:47.972000,429.42557213211,1004
2024-09-20 13:18:48.678000,429.3731456256057,10
2024-09-20 13:18:49.049000,429.3749718858628,1003
2024-09-20 13:18:49.065000,429.3876796629424,103
2024-09-20 13:18:49.084000,429.3963573531063,995
2024-09-20 13:18:49.167000,429.413756290826,103
2024-09-20 13:18:49.238000,429.2941572167738,95
2024-09-20 13:18:49.248000,429.3872557921835,104
2024-09-20 13:18:49.275000,429.3739540572088,997
2024-09-20 13:18:49.275000,429.40984769735616,1004
2024-09-20 13:18:49.294000,429.34998716007897,9
2024-09-20 13:18:49.300000,429.3592691677704,1000
2024-09-20 13:18:49.312000,429.3821652880212,7
2024-09-20 13:18:49.315000,429.3770416305278,999
2024-09-20 13:18:49.380000,429.35042088820927,6
2024-09-20 13:18:49.395000,429.3892774759578,104
2024-09-20 13:18:49.464000,429.3857418768563,103
2024-09-20 13:18:49.535000,429.3845735889228,999
2024-09-20 13:18:49.607000,429.30772125742646,104
2024-09-20 13:18:49.618000,429.39116184910137,999
2024-09-20 13:18:49.723000,429.36487771867206,5
2024-09-20 13:18:49.734000,429.314026952596,7
2024-09-20 13:18:49.841000,429.38021737762415,11
2024-09-20 13:18:49.845000,429.3648298438988,102
2024-09-20 13:18:49.909000,429.2991888022288,13
2024-09-20 13:18:49.998000,429.4091724037884,97
2024-09-20 13:18:50.002000,429.3899872383421,10
2024-09-20 13:18:50.072000,429.3996089621333,996
2024-09-20 13:18:50.137000,429.38407742893935,998
2024-09-20 13:18:50.242000,429.3909492111969,995
2024-09-20 13:18:50.248000,429.3118909595481,104
2024-09-20 13:18:50.263000,429.44913387264006,103
2024-09-20 13:18:50.283000,429.42452236456336,998
2024-09-20 13:18:50.315000,429.4355452448018,13
2024-09-20 13:18:50.374000,429.3516787061967,998
2024-09-20 13:18:50.504000,429.4422095963381,7
2024-09-20 13:18:50.586000,429.37417035758426,996
2024-09-20 13:18:50.588000,429.4294448410492,99
2024-09-20 13:18:50.607000,429.4467031315313,5
2024-09-20 13:18:50.659000,429.3789505587835,995
2024-09-20 13:18:50.691000,429.46676534016615,10
2024-09-20 13:18:50.716000,429.4552425039215,104
2024-09-20 13:18:50.790000,429.4707725104885,103
2024-09-20 13:18:50.805000,429.3597316100223,1000
2024-09-20 13:18:50.805000,429.41225244839086,100
2024-09-20 13:18:50.819000,429.4433654560781,8
2024-09-20 13:18:50.864000,429.4492088091347,996
2024-09-20 13:18:50.916000,429.32092145898736,99
2024-09-20 13:18:50.925000,429.447329376846,97
2024-09-20 13:18:50.942000,429.3471061416367,104
2024-09-20 13:18:50.988000,429.4533541673735,8
2024-09-20 13:18:51.119000,429.4309118386147,95
2024-09-20 13:18:51.293000,429.429251784208,8
2024-09-20 13:18:51.328000,429.45576952136656,101
2024-09-20 13:18:51.391000,429.45573792236,14
2024-09-20 13:18:51.515000,429.44056660334576,998
2024-09-20 13:18:51.520000,429.4328726076736,1005
2024-09-20 13:18:51.584000,429.4290072255003,13
2024-09-20 13:18:51.630000,429.4851523775699,997
2024-09-20 13:18:51.716000,429.4508308807652,97
2024-09-20 13:18:51.767000,429.4419403666765,995
2024-09-20 13:18:51.939000,429.4480212829096,97
2024-09-20 13:18:51.958000,429.4806962134909,1005
2024-09-20 13:18:51.980000,429.4535942279668,998
2024-09-20 13:18:51.996000,429.4481815582844,999
2024-09-20 13:18:52.060000,429.46953137067214,13
2024-09-20 13:18:52.350000,429.4524783720872,102
2024-09-20 13:18:52.390000,429.4750343435879,13
2024-09-20 13:18:52.408000,429.4722691610981,1004
2024-09-20 13:18:52.458000,429.4256431310695,1000
2024-09-20 13:18:52.525000,429.4611949448806,5
2024-09-20 13:18:52.577000,429.46065854824377,1000
2024-09-20 13:18:52.695000,429.4361483188167,14
2024-09-20 13:18:52.713000,429.4489519822437,95
2024-09-20 13:18:52.761000,429.4569140084286,95
2024-09-20 13:18:53.075000,429.4290869931551,997
2024-09-20 13:18:53.228000,429.4642356606357,999
2024-09-20 13:18:53.278000,429.42188831747393,10
2024-09-20 13:18:53.348000,429.4494285669216,98
2024-09-20 13:18:53.454000,429.4613929953488,6
2024-09-20 13:18:53.496000,429.4179788443152,1000
2024-09-20 13:18:53.568000,429.47676638376464,996
2024-09-20 13:18:53.639000,429.45688845181394,7
2024-09-20 13:18:53.659000,429.44139411786745,7
2024-09-20 13:18:53.730000,429.41300138266894,105
2024-09-20 13:18:53.740000,429.4257303144246,996
2024-09-20 13:18:53.798000,429.4439816421188,97
2024-09-20 13:18:53.853000,429.3937673452732,97
2024-09-20 13:18:53.875000,429.4159072387317,14
2024-09-20 13:18:53.895000,429.41768314151454,1001
2024-09-20 13:18:53.915000,429.3957622082537,1000
2024-09-20 13:18:53.917000,429.4799559824239,8
2024-09-20 13:18:53.928000,429.4211020983214,103
2024-09-20 13:18:53.941000,429.4265409532305,98
2024-09-20 13:18:53.974000,429.4849946710352,98
2024-09-20 13:18:54.043000,429.4364937120741,1001
2024-09-20 13:18:54.046000,429.4395672706122,100
2024-09-20 13:18:54.082000,429.4524366130371,96
2024-09-20 13:18:54.119000,429.46359379244507,11
2024-09-20 13:18:54.214000,429.4677884788986,11
2024-09-20 13:18:54.269000,429.430852588957,103
2024-09-20 13:18:54.355000,429.41568562021,96
2024-09-20 13:18:54.360000,429.4284405173832,999
2024-09-20 13:18:54.427000,429.4603598297914,100
2024-09-20 13:18:54.436000,429.4567014786695,9
2024-09-20 13:18:54.441000,429.46551612540566,96
2024-09-20 13:18:54.486000,429.3970530642269,14
2024-09-20 13:18:54.545000,429.4443137602764,11
2024-09-20 13:18:54.556000,429.4502018136821,98
2024-09-20 13:18:54.582000,429.4021334263778,14
2024-09-20 13:18:54.622000,429.4769393513102,100
2024-09-20 13:18:54.662000,429.4265213262909,96
2024-09-20 13:18:54.686000,429.44807273481945,997
2024-09-20 13:18:54.706000,429.424337757743,1002
2024-09-20 13:18:54.809000,429.4380463235009,100
2024-09-20 13:18:54.838000,429.4187043852659,95
2024-09-20 13:18:54.934000,429.4017899067917,105
2024-09-20 13:18:54.943000,429.4506301948246,997
2024-09-20 13:18:55.299000,429.4446804963311,14
2024-09-20 13:18:55.385000,429.456468387791,1002
2024-09-20 13:18:55.643000,429.4654380370537,998
2024-09-20 13:18:55.652000,429.4631620218236,96
2024-09-20 13:18:56.287000,429.4467735845568,5
2024-09-20 13:18:56.465000,429.4522351306945,996
2024-09-20 13:18:56.613000,429.4595974589822,98
2024-09-20 13:18:56.897000,429.434907713121,98
2024-09-20 13:18:56.910000,429.46034436247993,98
2024-09-20 13:18:56.938000,429.4746673972586,99
2024-09-20 13:18:56.995000,429.4470899425463,102
2024-09-20 13:18:57.002000,429.4150689245387,95
2024-09-20 13:18:57.060000,429.4562466106904,100
2024-09-20 13:18:57.110000,429.40734309204754,96
2024-09-20 13:18:57.179000,429.4187365071048,999
2024-09-20 13:18:57.224000,429.4457461974435,99
2024-09-20 13:18:57.295000,429.4461988866035,1001
2024-09-20 13:18:57.491000,429.3972402911316,98
2024-09-20 13:18:57.839000,429.4091987302978,1004
2024-09-20 13:18:58.099000,429.4206275948988,101
2024-09-20 13:18:58.100000,429.4409870181534,97
2024-09-20 13:18:58.167000,429.45770201172064,12
2024-09-20 13:18:58.236000,429.4224479103761,100
2024-09-20 13:18:58.276000,429.4446325794939,999
2024-09-20 13:18:58.281000,429.4379201971547,998
2024-09-20 13:18:58.291000,429.4161536281611,6
2024-09-20 13:18:58.375000,429.44133667467713,1004
2024-09-20 13:18:58.454000,429.46953456181376,8
2024-09-20 13:18:58.509000,429.4503475731795,11
2024-09-20 13:18:58.535000,429.4210126464074,103
2024-09-20 13:18:58.566000,429.4676032181928,10
2024-09-20 13:18:58.946000,429.4446519633901,101
2024-09-20 13:18:59.057000,429.4414688336272,999
2024-09-20 13:18:59.119000,429.4358678600183,105
2024-09-20 13:18:59.203000,429.4379349243384,8
2024-09-20 13:18:59.487000,429.4377153843817,12
2024-09-20 13:18:59.543000,429.4566732697953,96
2024-09-20 13:18:59.882000,429.428814847591,1000
2024-09-20 13:18:59.989000,429.4392266908982,102
