Timestamp,Price,Size
2024-09-18 11:19:00.005000,415.58385688763457,997
2024-09-18 11:19:00.033000,415.60868718439394,999
2024-09-18 11:19:00.053000,415.6169807079443,99
2024-09-18 11:19:00.074000,415.6285371787975,998
2024-09-18 11:19:00.148000,415.63278338792,95
2024-09-18 11:19:00.180000,415.6000063181204,996
2024-09-18 11:19:00.263000,415.6302072446365,1005
2024-09-18 11:19:00.309000,415.6400483699071,997
2024-09-18 11:19:00.471000,415.5706468841765,1002
2024-09-18 11:19:00.490000,415.6315931710942,1000
2024-09-18 11:19:00.533000,415.6298748408683,6
2024-09-18 11:19:00.577000,415.6330167985302,96
2024-09-18 11:19:00.680000,415.6223110302469,1005
2024-09-18 11:19:00.720000,415.6420444254844,11
2024-09-18 11:19:00.756000,415.5710720299487,15
2024-09-18 11:19:00.825000,415.64105564737554,15
2024-09-18 11:19:00.969000,415.6259725814891,996
2024-09-18 11:19:01.057000,415.60134002415873,1005
2024-09-18 11:19:01.110000,415.6019992343757,1001
2024-09-18 11:19:01.126000,415.5932088302327,10
2024-09-18 11:19:01.145000,415.6190156425733,1000
2024-09-18 11:19:01.152000,415.6021595062856,95
2024-09-18 11:19:01.165000,415.59372483525976,997
2024-09-18 11:19:01.172000,415.5907808441834,98
2024-09-18 11:19:01.188000,415.6272773478459,12
2024-09-18 11:19:01.282000,415.592315511598,6
2024-09-18 11:19:01.380000,415.6349005620347,105
2024-09-18 11:19:01.424000,415.5944590550129,1003
2024-09-18 11:19:01.444000,415.6131268900609,8
2024-09-18 11:19:01.471000,415.5949039880656,998
2024-09-18 11:19:01.501000,415.5870869617728,14
2024-09-18 11:19:01.502000,415.6083959553476,1001
2024-09-18 11:19:01.556000,415.5778919802626,15
2024-09-18 11:19:01.631000,415.6008688754808,999
2024-09-18 11:19:01.637000,415.637492969613,101
2024-09-18 11:19:01.639000,415.598112480658,99
2024-09-18 11:19:01.692000,415.56536883013416,5
2024-09-18 11:19:01.733000,415.5979012507262,100
2024-09-18 11:19:01.758000,415.58348399686014,995
2024-09-18 11:19:01.829000,415.5875876145231,99
2024-09-18 11:19:01.958000,415.6321344484011,1004
2024-09-18 11:19:01.982000,415.5978584944763,7
2024-09-18 11:19:01.991000,415.6506628584247,105
2024-09-18 11:19:02.022000,415.56224345610593,95
2024-09-18 11:19:02.090000,415.5387036580525,8
2024-09-18 11:19:02.109000,415.563123247313,996
2024-09-18 11:19:02.112000,415.5866760273407,997
2024-09-18 11:19:02.124000,415.5528367885058,15
2024-09-18 11:19:02.205000,415.57212867185103,998
2024-09-18 11:19:02.227000,415.6002666328977,9
2024-09-18 11:19:02.234000,415.5851499473146,1004
2024-09-18 11:19:02.247000,415.5485609816768,1003
2024-09-18 11:19:02.275000,415.6024650785816,102
2024-09-18 11:19:02.402000,415.55402686103423,9
2024-09-18 11:19:02.498000,415.5856786444546,1001
2024-09-18 11:19:02.588000,415.5898875083673,99
2024-09-18 11:19:02.634000,415.5997561658699,13
2024-09-18 11:19:02.711000,415.6057608739976,1004
2024-09-18 11:19:02.728000,415.5495547958946,7
2024-09-18 11:19:02.762000,415.5846370694483,102
2024-09-18 11:19:02.806000,415.586745196147,97
2024-09-18 11:19:02.836000,415.5507694873363,11
2024-09-18 11:19:02.897000,415.5515890347922,997
2024-09-18 11:19:03.039000,415.5154282546842,1002
2024-09-18 11:19:03.057000,415.5300719674098,101
2024-09-18 11:19:03.073000,415.5214241911757,104
2024-09-18 11:19:03.095000,415.5544919371047,996
2024-09-18 11:19:03.134000,415.5450515616281,1001
2024-09-18 11:19:03.141000,415.5356993219157,99
2024-09-18 11:19:03.197000,415.5115333279308,10
2024-09-18 11:19:03.258000,415.5189519929434,105
2024-09-18 11:19:03.271000,415.5369877730396,1002
2024-09-18 11:19:03.277000,415.4965962885457,104
2024-09-18 11:19:03.466000,415.5562882974107,1005
2024-09-18 11:19:03.508000,415.536052471042,10
2024-09-18 11:19:03.552000,415.5542578226515,10
2024-09-18 11:19:03.580000,415.528530460744,96
2024-09-18 11:19:03.680000,415.5339210682445,1004
2024-09-18 11:19:03.690000,415.5432635976189,11
2024-09-18 11:19:03.716000,415.50727762617777,1005
2024-09-18 11:19:03.786000,415.5487921920859,1005
2024-09-18 11:19:03.846000,415.5476870640188,14
2024-09-18 11:19:03.877000,415.5472002867788,1001
2024-09-18 11:19:03.894000,415.5589700260388,5
2024-09-18 11:19:03.987000,415.52354062779375,105
2024-09-18 11:19:03.994000,415.5275814963233,999
2024-09-18 11:19:04.014000,415.5693529486726,96
2024-09-18 11:19:04.015000,415.5820760939138,1000
2024-09-18 11:19:04.055000,415.54105644535673,8
2024-09-18 11:19:04.163000,415.57307658547336,104
2024-09-18 11:19:04.205000,415.5551411051247,5
2024-09-18 11:19:04.237000,415.5721978228945,999
2024-09-18 11:19:04.296000,415.5727022058005,96
2024-09-18 11:19:04.365000,415.5796671058937,1005
2024-09-18 11:19:04.373000,415.5581296282798,995
2024-09-18 11:19:04.459000,415.5535880825639,1005
2024-09-18 11:19:04.477000,415.57490160928376,12
2024-09-18 11:19:04.519000,415.5769415936702,1004
2024-09-18 11:19:04.598000,415.58231389216826,1001
2024-09-18 11:19:04.606000,415.56722556444464,996
2024-09-18 11:19:04.672000,415.5671085415296,99
2024-09-18 11:19:04.674000,415.5815829981664,104
2024-09-18 11:19:04.698000,415.57539663625937,9
2024-09-18 11:19:04.721000,415.56231247446686,103
2024-09-18 11:19:04.728000,415.5779146676476,5
2024-09-18 11:19:04.922000,415.5796536295528,104
2024-09-18 11:19:04.978000,415.5558801222249,1003
2024-09-18 11:19:04.999000,415.5712091085393,13
2024-09-18 11:19:05.187000,415.5137089429369,8
2024-09-18 11:19:05.203000,415.507275279928,996
2024-09-18 11:19:05.237000,415.48408545259167,95
2024-09-18 11:19:05.252000,415.5630355854061,1000
2024-09-18 11:19:05.285000,415.5458987305857,8
2024-09-18 11:19:05.356000,415.52994669097495,97
2024-09-18 11:19:05.368000,415.49882547283227,13
2024-09-18 11:19:05.377000,415.5421728321548,1003
2024-09-18 11:19:05.468000,415.5575665855413,8
2024-09-18 11:19:05.478000,415.56889469418,8
2024-09-18 11:19:05.503000,415.4922001976337,101
2024-09-18 11:19:05.515000,415.4862869795375,997
2024-09-18 11:19:05.527000,415.5128773939517,12
2024-09-18 11:19:05.529000,415.5415561147244,11
2024-09-18 11:19:05.536000,415.5714224940957,105
2024-09-18 11:19:05.547000,415.5626632398828,15
2024-09-18 11:19:05.618000,415.5714438468479,13
2024-09-18 11:19:05.654000,415.5586324625484,1004
2024-09-18 11:19:05.682000,415.559215270721,95
2024-09-18 11:19:05.789000,415.5071294937171,103
2024-09-18 11:19:05.847000,415.5584635679403,12
2024-09-18 11:19:05.927000,415.5264744058922,103
2024-09-18 11:19:05.943000,415.5334749082256,103
2024-09-18 11:19:05.953000,415.49885870588525,8
2024-09-18 11:19:05.979000,415.5233193380064,103
2024-09-18 11:19:05.995000,415.5115857299674,13
2024-09-18 11:19:06.009000,415.6004497225841,13
2024-09-18 11:19:06.030000,415.5258512307444,104
2024-09-18 11:19:06.039000,415.5579006593361,8
2024-09-18 11:19:06.220000,415.59804563124,1002
2024-09-18 11:19:06.295000,415.6060933338304,8
2024-09-18 11:19:06.296000,415.5331663369287,101
2024-09-18 11:19:06.304000,415.6199312980218,999
2024-09-18 11:19:06.316000,415.5816396262231,100
2024-09-18 11:19:06.362000,415.6187269871916,102
2024-09-18 11:19:06.368000,415.5678592960229,9
2024-09-18 11:19:06.644000,415.5323325661897,5
2024-09-18 11:19:06.645000,415.56033964938246,103
2024-09-18 11:19:06.645000,415.60313191084566,99
2024-09-18 11:19:06.690000,415.59361286011466,98
2024-09-18 11:19:06.841000,415.6041606105577,8
2024-09-18 11:19:06.847000,415.60699353019794,9
2024-09-18 11:19:06.918000,415.5975561410346,8
2024-09-18 11:19:07.198000,415.60780532497694,999
2024-09-18 11:19:07.622000,415.5956333616193,1003
2024-09-18 11:19:07.807000,415.6297489430224,95
2024-09-18 11:19:07.956000,415.62638887804985,5
2024-09-18 11:19:08.120000,415.61196228505753,999
2024-09-18 11:19:08.153000,415.6184503576784,1002
2024-09-18 11:19:08.732000,415.63462819654967,7
2024-09-18 11:19:08.965000,415.625131523543,102
2024-09-18 11:19:09.092000,415.6215417675151,10
2024-09-18 11:19:09.435000,415.6152824371028,10
2024-09-18 11:19:09.539000,415.6216218106597,14
2024-09-18 11:19:09.568000,415.62535328458586,95
2024-09-18 11:19:09.616000,415.6153423781215,6
2024-09-18 11:19:09.726000,415.6213630335868,996
2024-09-18 11:19:09.887000,415.6252603481676,5
2024-09-18 11:19:10.237000,415.6400595709886,11
2024-09-18 11:19:10.267000,415.6236870193901,7
2024-09-18 11:19:10.312000,415.6331498262088,1004
2024-09-18 11:19:10.517000,415.61905893130114,101
2024-09-18 11:19:10.694000,415.6208615139467,13
2024-09-18 11:19:10.750000,415.6137989846797,997
2024-09-18 11:19:10.806000,415.61963998624105,1005
2024-09-18 11:19:10.940000,415.6183416773167,101
2024-09-18 11:19:11.121000,415.6537356712103,1000
2024-09-18 11:19:11.125000,415.6158422432484,1000
2024-09-18 11:19:11.184000,415.6232842703261,5
2024-09-18 11:19:11.193000,415.6525634211008,102
2024-09-18 11:19:11.215000,415.671905321193,999
2024-09-18 11:19:11.240000,415.6378483499336,101
2024-09-18 11:19:11.245000,415.6343274116814,13
2024-09-18 11:19:11.249000,415.6452613227908,1003
2024-09-18 11:19:11.269000,415.6340918846356,104
2024-09-18 11:19:11.329000,415.6510916890323,104
2024-09-18 11:19:11.330000,415.6637550632566,103
2024-09-18 11:19:11.342000,415.6148488673084,1001
2024-09-18 11:19:11.362000,415.6682284924924,100
2024-09-18 11:19:11.386000,415.6180482438681,6
2024-09-18 11:19:11.495000,415.6439460424624,997
2024-09-18 11:19:11.578000,415.6668378421112,98
2024-09-18 11:19:11.603000,415.62347297775614,995
2024-09-18 11:19:11.636000,415.6326335269204,999
2024-09-18 11:19:11.654000,415.6377043343581,99
2024-09-18 11:19:11.667000,415.66580691481767,1002
2024-09-18 11:19:11.756000,415.65009691749015,101
2024-09-18 11:19:11.844000,415.6324885419311,1002
2024-09-18 11:19:12.058000,415.63103114012586,999
2024-09-18 11:19:12.178000,415.6369007991488,1003
2024-09-18 11:19:12.187000,415.6248351912066,95
2024-09-18 11:19:12.436000,415.64578722376166,101
2024-09-18 11:19:12.463000,415.64889289037137,13
2024-09-18 11:19:12.476000,415.6496219769362,8
2024-09-18 11:19:12.523000,415.6351599109148,13
2024-09-18 11:19:12.527000,415.635562853924,102
2024-09-18 11:19:12.540000,415.6670291161308,1002
2024-09-18 11:19:12.565000,415.6507637449951,997
2024-09-18 11:19:12.600000,415.6300796881064,100
2024-09-18 11:19:12.724000,415.6190500419318,103
2024-09-18 11:19:12.814000,415.6271998291765,14
2024-09-18 11:19:13.086000,415.6193016891961,105
2024-09-18 11:19:13.147000,415.5951682889411,1001
2024-09-18 11:19:13.200000,415.61558744271184,997
2024-09-18 11:19:13.485000,415.58148385640135,97
2024-09-18 11:19:13.566000,415.6000927611511,1000
2024-09-18 11:19:13.675000,415.6184386256057,7
2024-09-18 11:19:13.737000,415.6212402141763,103
2024-09-18 11:19:13.749000,415.6099369055685,1005
2024-09-18 11:19:13.838000,415.6083844321101,1001
2024-09-18 11:19:13.868000,415.5797139724949,102
2024-09-18 11:19:13.953000,415.5916517230524,7
2024-09-18 11:19:14.007000,415.5894029770384,5
2024-09-18 11:19:14.050000,415.56355313725646,101
2024-09-18 11:19:14.227000,415.549376304442,9
2024-09-18 11:19:14.278000,415.5558462454033,12
2024-09-18 11:19:14.310000,415.5460517260509,104
2024-09-18 11:19:14.332000,415.5607105902203,9
2024-09-18 11:19:14.337000,415.5553899980002,5
2024-09-18 11:19:14.397000,415.5616682691166,7
2024-09-18 11:19:14.501000,415.57260028383166,104
2024-09-18 11:19:14.509000,415.59199965282977,105
2024-09-18 11:19:14.557000,415.5596467102547,5
2024-09-18 11:19:14.618000,415.5800479972461,998
2024-09-18 11:19:14.642000,415.5655434138544,104
2024-09-18 11:19:14.645000,415.56746450879086,12
2024-09-18 11:19:14.868000,415.5910337630753,7
2024-09-18 11:19:14.883000,415.55722079595057,103
2024-09-18 11:19:14.997000,415.5551331030949,10
2024-09-18 11:19:15.446000,415.5850238731607,97
2024-09-18 11:19:15.740000,415.58773868053896,6
2024-09-18 11:19:15.877000,415.5682353447244,9
2024-09-18 11:19:16.008000,415.6341950136708,14
2024-09-18 11:19:16.317000,415.59708028631314,10
2024-09-18 11:19:16.318000,415.5815979022731,103
2024-09-18 11:19:16.364000,415.55121293574416,998
2024-09-18 11:19:16.391000,415.574371530162,98
2024-09-18 11:19:16.393000,415.61229038966553,8
2024-09-18 11:19:16.441000,415.62065642933015,105
2024-09-18 11:19:16.455000,415.6116686118239,105
2024-09-18 11:19:16.541000,415.5322763530144,105
2024-09-18 11:19:16.747000,415.56306194142735,5
2024-09-18 11:19:16.760000,415.6158891402797,6
2024-09-18 11:19:16.763000,415.5668787479258,998
2024-09-18 11:19:16.804000,415.6480607993469,5
2024-09-18 11:19:16.843000,415.5940001940809,105
2024-09-18 11:19:16.900000,415.6174048257415,103
2024-09-18 11:19:16.927000,415.5663780706352,1001
2024-09-18 11:19:17.031000,415.61623069700704,104
2024-09-18 11:19:17.038000,415.6023356004633,9
2024-09-18 11:19:17.101000,415.5866195718773,996
2024-09-18 11:19:17.161000,415.585343339234,996
2024-09-18 11:19:17.195000,415.5965428879457,1000
2024-09-18 11:19:17.234000,415.6084321228708,102
2024-09-18 11:19:17.258000,415.6133458096458,1000
2024-09-18 11:19:17.265000,415.610908625058,11
2024-09-18 11:19:17.283000,415.6122406293233,95
2024-09-18 11:19:17.363000,415.59873043176896,1004
2024-09-18 11:19:17.367000,415.6012247762072,1000
2024-09-18 11:19:17.372000,415.5782439885774,104
2024-09-18 11:19:17.454000,415.5936195341833,997
2024-09-18 11:19:17.493000,415.61029872829823,8
2024-09-18 11:19:17.506000,415.58633377025234,104
2024-09-18 11:19:17.512000,415.63356086334295,999
2024-09-18 11:19:17.570000,415.6195200877388,100
2024-09-18 11:19:17.634000,415.5945258462044,7
2024-09-18 11:19:17.652000,415.61701696980856,98
2024-09-18 11:19:17.743000,415.6072969745358,102
2024-09-18 11:19:17.858000,415.6367299042625,96
2024-09-18 11:19:18.029000,415.5985250192831,102
2024-09-18 11:19:18.036000,415.6074822083783,104
2024-09-18 11:19:18.036000,415.6036685639456,10
2024-09-18 11:19:18.076000,415.5968152935207,14
2024-09-18 11:19:18.100000,415.5777621709243,95
2024-09-18 11:19:18.182000,415.5826118119702,13
2024-09-18 11:19:18.205000,415.6107166834842,1002
2024-09-18 11:19:18.349000,415.604139398098,9
2024-09-18 11:19:18.444000,415.5699401274245,10
2024-09-18 11:19:18.474000,415.5577727797258,102
2024-09-18 11:19:18.492000,415.6099008045077,8
2024-09-18 11:19:18.554000,415.5663602162791,99
2024-09-18 11:19:18.679000,415.5678231846172,1005
2024-09-18 11:19:18.721000,415.5635179816128,9
2024-09-18 11:19:18.726000,415.58180313431694,101
2024-09-18 11:19:18.830000,415.61072098236974,7
2024-09-18 11:19:18.917000,415.59222791571375,999
2024-09-18 11:19:19.125000,415.5754515152442,13
2024-09-18 11:19:19.175000,415.58982479569306,98
2024-09-18 11:19:19.306000,415.6130638346187,15
2024-09-18 11:19:19.317000,415.5771072502558,1000
2024-09-18 11:19:19.403000,415.608030357868,11
2024-09-18 11:19:19.447000,415.5603119753388,9
2024-09-18 11:19:19.472000,415.5903700914346,104
2024-09-18 11:19:19.518000,415.5837476297099,104
2024-09-18 11:19:19.675000,415.6124256147232,1005
2024-09-18 11:19:19.756000,415.5893644048349,999
2024-09-18 11:19:19.829000,415.6015011902193,11
2024-09-18 11:19:19.856000,415.5798509535853,9
2024-09-18 11:19:19.975000,415.565916232475,1003
2024-09-18 11:19:19.977000,415.5919632178862,11
2024-09-18 11:19:20.213000,415.6524277149387,95
2024-09-18 11:19:20.326000,415.5950497497897,1004
2024-09-18 11:19:20.359000,415.6150798768624,105
2024-09-18 11:19:20.519000,415.6461484016597,10
2024-09-18 11:19:20.532000,415.6292797563056,6
2024-09-18 11:19:21.017000,415.6225066641804,1004
2024-09-18 11:19:21.108000,415.62723493046,15
2024-09-18 11:19:21.239000,415.6056191274626,103
2024-09-18 11:19:21.298000,415.62754481318416,995
2024-09-18 11:19:21.329000,415.6064047202568,99
2024-09-18 11:19:21.430000,415.64227144971886,13
2024-09-18 11:19:21.522000,415.6488333893639,105
2024-09-18 11:19:21.710000,415.6250601226207,9
2024-09-18 11:19:21.761000,415.6066808490242,1001
2024-09-18 11:19:21.769000,415.6157989390858,1004
2024-09-18 11:19:21.825000,415.6201540929439,10
2024-09-18 11:19:22.218000,415.61744325715256,6
2024-09-18 11:19:23.055000,415.63321161722,8
2024-09-18 11:19:23.214000,415.6010184317337,98
2024-09-18 11:19:23.324000,415.6197169511455,14
2024-09-18 11:19:23.438000,415.64577557337486,101
2024-09-18 11:19:23.681000,415.63493953443407,5
2024-09-18 11:19:23.701000,415.608041407159,103
2024-09-18 11:19:23.769000,415.615438183066,1003
2024-09-18 11:19:23.934000,415.6489533800571,99
2024-09-18 11:19:24.011000,415.65296588877527,995
2024-09-18 11:19:24.034000,415.64020850464266,7
2024-09-18 11:19:24.036000,415.6687442508228,1004
2024-09-18 11:19:24.060000,415.6512081756219,105
2024-09-18 11:19:24.216000,415.6594391174886,99
2024-09-18 11:19:24.231000,415.64513614655846,14
2024-09-18 11:19:24.231000,415.6615036056185,998
2024-09-18 11:19:24.236000,415.6389756839407,1003
2024-09-18 11:19:24.238000,415.6569847958437,13
2024-09-18 11:19:24.247000,415.6439003894408,1002
2024-09-18 11:19:24.260000,415.6853186669882,1005
2024-09-18 11:19:24.316000,415.6357950633377,1001
2024-09-18 11:19:24.436000,415.6404216614593,1004
2024-09-18 11:19:24.478000,415.6827454364457,98
2024-09-18 11:19:24.483000,415.6240709903049,1000
2024-09-18 11:19:24.498000,415.67634755294034,15
2024-09-18 11:19:24.513000,415.6589132961492,98
2024-09-18 11:19:24.626000,415.6423124729387,1001
2024-09-18 11:19:24.747000,415.6693999625717,14
2024-09-18 11:19:24.754000,415.6392642741018,102
2024-09-18 11:19:24.763000,415.66085921753785,100
2024-09-18 11:19:24.817000,415.619161837554,999
2024-09-18 11:19:24.828000,415.6576853779294,1003
2024-09-18 11:19:24.834000,415.6668295575385,101
2024-09-18 11:19:24.864000,415.6325123001093,98
2024-09-18 11:19:24.895000,415.6598198523818,996
2024-09-18 11:19:24.967000,415.6807402279586,105
2024-09-18 11:19:25.300000,415.59736653974846,998
2024-09-18 11:19:25.301000,415.5934916222541,997
2024-09-18 11:19:25.390000,415.5900510579075,998
2024-09-18 11:19:25.763000,415.5832645263392,99
2024-09-18 11:19:27,415.5563724628349,103
2024-09-18 11:19:27.060000,415.6066586570345,100
2024-09-18 11:19:27.132000,415.597193029317,8
2024-09-18 11:19:27.175000,415.5878969950458,105
2024-09-18 11:19:27.184000,415.56855647173217,997
2024-09-18 11:19:27.210000,415.5992702144958,9
2024-09-18 11:19:27.235000,415.51347438957487,95
2024-09-18 11:19:27.261000,415.5523251917556,104
2024-09-18 11:19:27.279000,415.5699007240639,996
2024-09-18 11:19:27.489000,415.6236428880334,7
2024-09-18 11:19:27.494000,415.514902241545,97
2024-09-18 11:19:27.527000,415.61257679243,98
2024-09-18 11:19:27.556000,415.48966929414536,997
2024-09-18 11:19:27.639000,415.5938823790396,13
2024-09-18 11:19:27.662000,415.5689378763336,95
2024-09-18 11:19:27.733000,415.58401709356974,1000
2024-09-18 11:19:27.745000,415.6009191484774,103
2024-09-18 11:19:27.848000,415.5485004129085,97
2024-09-18 11:19:27.859000,415.5707227954898,999
2024-09-18 11:19:27.893000,415.5257116658194,995
2024-09-18 11:19:27.898000,415.5586933146944,101
2024-09-18 11:19:27.918000,415.5032096206912,1000
2024-09-18 11:19:27.951000,415.4941042709671,10
2024-09-18 11:19:27.999000,415.5759318272698,996
2024-09-18 11:19:28.018000,415.5208700069634,12
2024-09-18 11:19:28.172000,415.4807278493383,996
2024-09-18 11:19:28.233000,415.49452270751925,5
2024-09-18 11:19:28.261000,415.5209880513239,1002
2024-09-18 11:19:28.328000,415.4915792061793,1005
2024-09-18 11:19:28.335000,415.5158637927028,100
2024-09-18 11:19:28.356000,415.5119054636823,1004
2024-09-18 11:19:28.405000,415.4965350133171,998
2024-09-18 11:19:28.435000,415.4931424221014,1001
2024-09-18 11:19:28.449000,415.5111243669994,95
2024-09-18 11:19:28.520000,415.49640309263214,100
2024-09-18 11:19:28.544000,415.50456958407904,998
2024-09-18 11:19:28.592000,415.51500200828616,999
2024-09-18 11:19:28.618000,415.4999184007072,105
2024-09-18 11:19:28.621000,415.4879663767385,11
2024-09-18 11:19:28.643000,415.49060848396977,97
2024-09-18 11:19:28.651000,415.4859936121104,5
2024-09-18 11:19:28.660000,415.4825077145,99
2024-09-18 11:19:28.715000,415.5019782849589,8
2024-09-18 11:19:28.718000,415.5029611558599,99
2024-09-18 11:19:28.720000,415.5057265218097,9
2024-09-18 11:19:28.768000,415.5024664955792,6
2024-09-18 11:19:28.805000,415.5300637884087,6
2024-09-18 11:19:28.816000,415.4965075727384,1005
2024-09-18 11:19:28.839000,415.48179988771307,1000
2024-09-18 11:19:28.841000,415.5242722300584,12
2024-09-18 11:19:28.844000,415.5165725315022,101
2024-09-18 11:19:28.876000,415.5077637238682,1005
2024-09-18 11:19:28.886000,415.5202095542568,995
2024-09-18 11:19:28.900000,415.5039379136942,1004
2024-09-18 11:19:29.008000,415.56539189971767,1005
2024-09-18 11:19:29.082000,415.580943218714,104
2024-09-18 11:19:29.134000,415.5540759128273,999
2024-09-18 11:19:29.197000,415.5412016123751,999
2024-09-18 11:19:29.228000,415.5900457475961,6
2024-09-18 11:19:29.328000,415.573384304365,1001
2024-09-18 11:19:29.339000,415.5249873328158,96
2024-09-18 11:19:29.388000,415.5840017815886,12
2024-09-18 11:19:29.466000,415.5253922818196,15
2024-09-18 11:19:29.467000,415.5100731949777,101
2024-09-18 11:19:29.503000,415.5375613189904,998
2024-09-18 11:19:29.507000,415.5581173717584,95
2024-09-18 11:19:29.515000,415.5584676107307,102
2024-09-18 11:19:29.591000,415.5290074486341,99
2024-09-18 11:19:29.695000,415.5318619152094,997
2024-09-18 11:19:29.697000,415.532078001219,95
2024-09-18 11:19:29.708000,415.5378090424021,101
2024-09-18 11:19:29.726000,415.53606143742513,104
2024-09-18 11:19:29.737000,415.554088864838,104
2024-09-18 11:19:29.785000,415.520733109635,13
2024-09-18 11:19:29.801000,415.5756974495928,99
2024-09-18 11:19:29.929000,415.5512473864204,10
2024-09-18 11:19:29.938000,415.5630555057413,5
2024-09-18 11:19:29.962000,415.575739188838,6
2024-09-18 11:19:30.075000,415.5768480733563,11
2024-09-18 11:19:30.160000,415.5569589701303,100
2024-09-18 11:19:30.212000,415.5345954586376,1004
2024-09-18 11:19:30.219000,415.5152103492556,11
2024-09-18 11:19:30.273000,415.55252208686113,97
2024-09-18 11:19:30.301000,415.5336615069605,15
2024-09-18 11:19:30.334000,415.5641202366051,99
2024-09-18 11:19:30.437000,415.5331183273756,105
2024-09-18 11:19:30.494000,415.5131803244623,13
2024-09-18 11:19:30.509000,415.52099964497467,1002
2024-09-18 11:19:30.567000,415.5476312341063,14
2024-09-18 11:19:30.616000,415.59309095371873,101
2024-09-18 11:19:30.736000,415.591022088294,95
2024-09-18 11:19:30.787000,415.5271870999984,1005
2024-09-18 11:19:30.809000,415.56866945949406,1005
2024-09-18 11:19:30.855000,415.57093363590616,997
2024-09-18 11:19:30.888000,415.57346601517537,100
2024-09-18 11:19:30.903000,415.51768838871584,1005
2024-09-18 11:19:31.010000,415.5064583314808,14
2024-09-18 11:19:31.111000,415.5077872015,1000
2024-09-18 11:19:31.138000,415.50889632069953,13
2024-09-18 11:19:31.147000,415.5113848712902,7
2024-09-18 11:19:31.187000,415.4989990405113,104
2024-09-18 11:19:31.194000,415.51237935908,996
2024-09-18 11:19:31.299000,415.5129541766526,999
2024-09-18 11:19:31.313000,415.53202451682046,96
2024-09-18 11:19:31.320000,415.4925739847326,10
2024-09-18 11:19:31.329000,415.5206694325095,10
2024-09-18 11:19:31.341000,415.521143736754,10
2024-09-18 11:19:31.473000,415.50770909682535,995
2024-09-18 11:19:31.481000,415.5147013208788,5
2024-09-18 11:19:31.519000,415.5086066771442,12
2024-09-18 11:19:31.616000,415.513816432973,95
2024-09-18 11:19:31.617000,415.5129464900082,1000
2024-09-18 11:19:31.771000,415.5296671000544,5
2024-09-18 11:19:31.962000,415.5220747511281,997
2024-09-18 11:19:31.967000,415.5127818080428,999
2024-09-18 11:19:32.005000,415.5602786228994,11
2024-09-18 11:19:32.126000,415.5404800258687,9
2024-09-18 11:19:32.193000,415.5519606928858,104
2024-09-18 11:19:32.233000,415.5587626819416,103
2024-09-18 11:19:32.285000,415.503519984656,6
2024-09-18 11:19:32.333000,415.5372930829904,998
2024-09-18 11:19:32.404000,415.50972163762185,999
2024-09-18 11:19:32.483000,415.5070265174408,95
2024-09-18 11:19:32.497000,415.5078107660697,1000
2024-09-18 11:19:32.511000,415.5376176493901,1003
2024-09-18 11:19:32.572000,415.5429056425836,104
2024-09-18 11:19:32.617000,415.51313964457165,999
2024-09-18 11:19:32.678000,415.5321335804375,8
2024-09-18 11:19:32.736000,415.5029591105261,98
2024-09-18 11:19:32.759000,415.51585328752816,999
2024-09-18 11:19:32.980000,415.5420314874925,999
2024-09-18 11:19:32.989000,415.5257206413957,11
2024-09-18 11:19:33.021000,415.4871267658424,95
2024-09-18 11:19:33.027000,415.5098783101922,100
2024-09-18 11:19:33.041000,415.4821331628703,1005
2024-09-18 11:19:33.073000,415.4467841861076,9
2024-09-18 11:19:33.108000,415.4838049570778,999
2024-09-18 11:19:33.282000,415.4507369099743,995
2024-09-18 11:19:33.283000,415.5381150685647,100
2024-09-18 11:19:33.406000,415.513873136399,997
2024-09-18 11:19:33.414000,415.4681192989291,997
2024-09-18 11:19:33.432000,415.5237575599322,1004
2024-09-18 11:19:33.533000,415.43617489789074,10
2024-09-18 11:19:33.537000,415.52021457519294,15
2024-09-18 11:19:33.712000,415.43837494176125,999
2024-09-18 11:19:33.785000,415.4760041134392,7
2024-09-18 11:19:33.816000,415.48424201134407,100
2024-09-18 11:19:33.924000,415.44839796876585,1003
2024-09-18 11:19:33.965000,415.4675120997328,100
2024-09-18 11:19:33.983000,415.5025102424772,102
2024-09-18 11:19:33.999000,415.5010652747812,8
2024-09-18 11:19:34.009000,415.5107705534886,98
2024-09-18 11:19:34.017000,415.5294153812221,1000
2024-09-18 11:19:34.058000,415.5415640119219,1002
2024-09-18 11:19:34.070000,415.50596293523887,14
2024-09-18 11:19:34.096000,415.5386892355314,12
2024-09-18 11:19:34.141000,415.4983486051799,997
2024-09-18 11:19:34.166000,415.5167007194895,98
2024-09-18 11:19:34.244000,415.52777401270896,1004
2024-09-18 11:19:34.254000,415.51401792858906,14
2024-09-18 11:19:34.354000,415.4930072727293,1000
2024-09-18 11:19:34.382000,415.4988294192638,1005
2024-09-18 11:19:34.434000,415.5737978208158,1003
2024-09-18 11:19:34.496000,415.5100952600645,98
2024-09-18 11:19:34.530000,415.495089722406,7
2024-09-18 11:19:34.546000,415.51039414083607,96
2024-09-18 11:19:34.656000,415.5196830710896,999
2024-09-18 11:19:34.664000,415.49104417082384,1005
2024-09-18 11:19:34.746000,415.5043199402139,96
2024-09-18 11:19:34.785000,415.56386635534426,14
2024-09-18 11:19:34.862000,415.50168402455967,10
2024-09-18 11:19:34.912000,415.4881983903854,7
2024-09-18 11:19:34.929000,415.5052624493818,105
2024-09-18 11:19:34.931000,415.545528570724,100
2024-09-18 11:19:34.934000,415.53310645154687,997
2024-09-18 11:19:34.937000,415.4964118165786,1000
2024-09-18 11:19:34.948000,415.5003371897621,98
2024-09-18 11:19:34.975000,415.5466532189597,1004
2024-09-18 11:19:35.062000,415.5852497185713,1004
2024-09-18 11:19:35.077000,415.5435531981494,6
2024-09-18 11:19:35.110000,415.5410412385647,13
2024-09-18 11:19:35.124000,415.5766730697478,6
2024-09-18 11:19:35.221000,415.53451164048585,998
2024-09-18 11:19:35.333000,415.5735872015391,5
2024-09-18 11:19:35.495000,415.5708692516111,998
2024-09-18 11:19:35.611000,415.5840474465568,11
2024-09-18 11:19:35.718000,415.5803976267502,997
2024-09-18 11:19:35.751000,415.59676545936713,7
2024-09-18 11:19:35.770000,415.6117186122788,97
2024-09-18 11:19:35.970000,415.5458069359392,13
2024-09-18 11:19:36.123000,415.50022812877467,6
2024-09-18 11:19:36.522000,415.5399957278268,1005
2024-09-18 11:19:36.723000,415.5133823529368,100
2024-09-18 11:19:36.811000,415.5213451057431,1003
2024-09-18 11:19:36.889000,415.5314161437732,104
2024-09-18 11:19:37.070000,415.524167909417,998
2024-09-18 11:19:37.076000,415.5184192553946,96
2024-09-18 11:19:37.112000,415.5263526940011,996
2024-09-18 11:19:37.219000,415.5174610545385,98
2024-09-18 11:19:37.240000,415.500499001166,5
2024-09-18 11:19:37.281000,415.52596700051487,95
2024-09-18 11:19:37.317000,415.520174068745,1003
2024-09-18 11:19:37.522000,415.5382197365432,99
2024-09-18 11:19:37.802000,415.51911882751807,996
2024-09-18 11:19:38.018000,415.5355311337412,1001
2024-09-18 11:19:38.033000,415.5863185333153,995
2024-09-18 11:19:38.037000,415.53722977107526,13
2024-09-18 11:19:38.047000,415.5893481061981,7
2024-09-18 11:19:38.049000,415.5121456415786,13
2024-09-18 11:19:38.055000,415.51165400653366,1004
2024-09-18 11:19:38.078000,415.5672913463406,7
2024-09-18 11:19:38.088000,415.57384549032776,95
2024-09-18 11:19:38.124000,415.5525280012658,13
2024-09-18 11:19:38.204000,415.5341349619942,8
2024-09-18 11:19:38.218000,415.5604482887435,11
2024-09-18 11:19:38.227000,415.5698696860748,10
2024-09-18 11:19:38.275000,415.5895961237727,1003
2024-09-18 11:19:38.387000,415.5807906992634,14
2024-09-18 11:19:38.435000,415.5469557420128,99
2024-09-18 11:19:38.497000,415.5573461842588,1002
2024-09-18 11:19:38.517000,415.5415939424762,102
2024-09-18 11:19:38.524000,415.56779980104005,98
2024-09-18 11:19:38.525000,415.5956548152352,1004
2024-09-18 11:19:38.582000,415.6005808547152,13
2024-09-18 11:19:38.753000,415.5473945880222,99
2024-09-18 11:19:38.756000,415.5472375798492,1000
2024-09-18 11:19:38.773000,415.51073485961234,1001
2024-09-18 11:19:38.846000,415.5761770002711,1004
2024-09-18 11:19:38.903000,415.5731108775424,1004
2024-09-18 11:19:38.916000,415.5690385038468,104
2024-09-18 11:19:38.938000,415.574583592396,102
2024-09-18 11:19:38.984000,415.5599226419988,1002
2024-09-18 11:19:39.017000,415.43969379081466,998
2024-09-18 11:19:39.034000,415.5144689543482,98
2024-09-18 11:19:39.090000,415.4441526504488,15
2024-09-18 11:19:39.109000,415.5348501247559,5
2024-09-18 11:19:39.210000,415.4358883991304,1001
2024-09-18 11:19:39.220000,415.52141099943697,6
2024-09-18 11:19:39.223000,415.4290438011,15
2024-09-18 11:19:39.270000,415.4407874878366,1003
2024-09-18 11:19:39.292000,415.47019218757686,996
2024-09-18 11:19:39.312000,415.4349240963056,999
2024-09-18 11:19:39.391000,415.54954223348216,101
2024-09-18 11:19:39.416000,415.5066135724347,5
2024-09-18 11:19:39.433000,415.5507009501888,98
2024-09-18 11:19:39.438000,415.5393643346874,11
2024-09-18 11:19:39.449000,415.4444643213912,14
2024-09-18 11:19:39.468000,415.55360756372426,15
2024-09-18 11:19:39.479000,415.45043291508233,104
2024-09-18 11:19:39.493000,415.4645627039558,105
2024-09-18 11:19:39.534000,415.5447455231357,8
2024-09-18 11:19:39.676000,415.4525741349232,15
2024-09-18 11:19:39.725000,415.52741960089867,1005
2024-09-18 11:19:39.732000,415.4118145776811,102
2024-09-18 11:19:39.756000,415.4825713881904,11
2024-09-18 11:19:39.874000,415.427945775417,15
2024-09-18 11:19:39.890000,415.530967339252,996
2024-09-18 11:19:39.906000,415.5046276671123,14
2024-09-18 11:19:39.930000,415.4312543439164,105
2024-09-18 11:19:39.935000,415.5434062930058,1004
2024-09-18 11:19:39.981000,415.5361493980167,104
2024-09-18 11:19:39.994000,415.4206587640711,997
2024-09-18 11:19:40.084000,415.39312932488207,105
2024-09-18 11:19:40.098000,415.4187567534111,5
2024-09-18 11:19:40.125000,415.3853603196535,103
2024-09-18 11:19:40.165000,415.4091541017003,105
2024-09-18 11:19:40.203000,415.39973582584463,998
2024-09-18 11:19:40.284000,415.40764688657737,1000
2024-09-18 11:19:40.387000,415.3990533411416,104
2024-09-18 11:19:40.762000,415.4040216110938,6
2024-09-18 11:19:40.883000,415.4212928433118,998
2024-09-18 11:19:40.947000,415.36919645456607,1005
2024-09-18 11:19:41.025000,415.3686541313302,1000
2024-09-18 11:19:41.036000,415.3870172819556,10
2024-09-18 11:19:41.040000,415.3898553088801,999
2024-09-18 11:19:41.056000,415.3858482774044,15
2024-09-18 11:19:41.181000,415.3461543582585,8
2024-09-18 11:19:41.226000,415.3860596639539,10
2024-09-18 11:19:41.243000,415.3857828839853,103
2024-09-18 11:19:41.271000,415.4078184426972,996
2024-09-18 11:19:41.340000,415.3544676239481,997
2024-09-18 11:19:41.409000,415.36631473903,12
2024-09-18 11:19:41.444000,415.3525177081032,95
2024-09-18 11:19:41.449000,415.3643370106132,98
2024-09-18 11:19:41.571000,415.37968150563177,999
2024-09-18 11:19:41.712000,415.3522782282834,6
2024-09-18 11:19:41.737000,415.36986930275054,104
2024-09-18 11:19:41.746000,415.40572371321423,995
2024-09-18 11:19:41.749000,415.3484264428684,99
2024-09-18 11:19:41.756000,415.3710282928116,999
2024-09-18 11:19:41.806000,415.351477456798,1004
2024-09-18 11:19:41.867000,415.3837421551071,14
2024-09-18 11:19:41.880000,415.3947662158267,1002
2024-09-18 11:19:41.976000,415.3803836298143,1000
2024-09-18 11:19:42.105000,415.36336018493625,8
2024-09-18 11:19:42.138000,415.4397004975535,1005
2024-09-18 11:19:42.144000,415.4004606676976,96
2024-09-18 11:19:42.194000,415.41350376943376,7
2024-09-18 11:19:42.204000,415.3949844797432,997
2024-09-18 11:19:42.212000,415.3797785282627,98
2024-09-18 11:19:42.313000,415.4570946676144,999
2024-09-18 11:19:42.344000,415.4163743181574,104
2024-09-18 11:19:42.372000,415.4345787088027,103
2024-09-18 11:19:42.413000,415.40124383610186,9
2024-09-18 11:19:42.423000,415.4512215062553,98
2024-09-18 11:19:42.434000,415.4306147057067,13
2024-09-18 11:19:42.573000,415.4196089928831,101
2024-09-18 11:19:42.597000,415.42405868743776,12
2024-09-18 11:19:42.614000,415.4314707168376,103
2024-09-18 11:19:42.660000,415.46064643241175,1000
2024-09-18 11:19:42.724000,415.4274476905037,104
2024-09-18 11:19:42.734000,415.3811202269415,95
2024-09-18 11:19:42.734000,415.40749397065184,99
2024-09-18 11:19:42.756000,415.4778787333431,998
2024-09-18 11:19:42.763000,415.3887983683492,7
2024-09-18 11:19:42.780000,415.427805847702,9
2024-09-18 11:19:42.795000,415.39566598488943,98
2024-09-18 11:19:42.810000,415.4130711565513,995
2024-09-18 11:19:42.840000,415.4016121889692,105
2024-09-18 11:19:42.946000,415.3783446712016,103
2024-09-18 11:19:42.999000,415.4194963210661,9
2024-09-18 11:19:43.125000,415.5002261567074,98
2024-09-18 11:19:43.354000,415.505038533208,997
2024-09-18 11:19:43.369000,415.4766208862304,1004
2024-09-18 11:19:43.382000,415.46415698934857,1005
2024-09-18 11:19:43.383000,415.4700633447999,11
2024-09-18 11:19:43.410000,415.4679254426368,1003
2024-09-18 11:19:43.441000,415.4623689807938,99
2024-09-18 11:19:43.443000,415.4978763747282,97
2024-09-18 11:19:43.515000,415.490228551053,997
2024-09-18 11:19:43.537000,415.4775424410598,5
2024-09-18 11:19:43.545000,415.4683197603942,1002
2024-09-18 11:19:43.550000,415.4633392389578,11
2024-09-18 11:19:43.652000,415.4971833888898,14
2024-09-18 11:19:43.679000,415.48586529724,1000
2024-09-18 11:19:43.709000,415.4492525680173,15
2024-09-18 11:19:43.758000,415.5213338023793,1005
2024-09-18 11:19:43.786000,415.47453133069024,105
2024-09-18 11:19:43.824000,415.4676321494337,9
2024-09-18 11:19:43.839000,415.4621304529169,105
2024-09-18 11:19:43.873000,415.4556774473366,96
2024-09-18 11:19:43.888000,415.4659250546528,97
2024-09-18 11:19:43.946000,415.49501623940233,1002
2024-09-18 11:19:43.990000,415.4829986172395,100
2024-09-18 11:19:44.106000,415.4353786751133,99
2024-09-18 11:19:44.249000,415.4744840054778,103
2024-09-18 11:19:44.353000,415.4565868145508,996
2024-09-18 11:19:44.378000,415.4194292731015,996
2024-09-18 11:19:44.451000,415.432470193211,12
2024-09-18 11:19:44.468000,415.4603915264533,12
2024-09-18 11:19:44.498000,415.4197528664792,998
2024-09-18 11:19:44.526000,415.454964884013,1002
2024-09-18 11:19:44.550000,415.458269993742,103
2024-09-18 11:19:44.685000,415.463445287041,1001
2024-09-18 11:19:44.771000,415.4773459910339,104
2024-09-18 11:19:44.808000,415.4593326887195,11
2024-09-18 11:19:44.851000,415.4557442635232,12
2024-09-18 11:19:44.851000,415.4038636395658,103
2024-09-18 11:19:44.868000,415.45766949147554,12
2024-09-18 11:19:45.138000,415.50758575169846,1004
2024-09-18 11:19:45.174000,415.5092447044003,1002
2024-09-18 11:19:45.238000,415.4615959320527,1002
2024-09-18 11:19:45.259000,415.4596873251912,14
2024-09-18 11:19:45.308000,415.5002960956231,104
2024-09-18 11:19:45.401000,415.4993089554968,997
2024-09-18 11:19:45.402000,415.4863759078877,8
2024-09-18 11:19:45.422000,415.4637479174,1001
2024-09-18 11:19:45.432000,415.5208725555824,13
2024-09-18 11:19:45.435000,415.4946061488216,101
2024-09-18 11:19:45.475000,415.4737462796607,100
2024-09-18 11:19:45.524000,415.5114156092119,97
2024-09-18 11:19:45.558000,415.4784651450408,12
2024-09-18 11:19:45.644000,415.4588682499462,99
2024-09-18 11:19:45.662000,415.4974844517785,1003
2024-09-18 11:19:45.690000,415.4477665446125,9
2024-09-18 11:19:45.691000,415.521220003787,1005
2024-09-18 11:19:45.745000,415.4710574497536,14
2024-09-18 11:19:45.757000,415.5116469518145,995
2024-09-18 11:19:45.786000,415.518486115833,10
2024-09-18 11:19:45.823000,415.47743838551503,998
2024-09-18 11:19:45.874000,415.4520064402182,1004
2024-09-18 11:19:45.879000,415.5025783804078,12
2024-09-18 11:19:45.932000,415.48623861321664,99
2024-09-18 11:19:45.959000,415.46766234173634,1001
2024-09-18 11:19:46.049000,415.4294351586219,1005
2024-09-18 11:19:46.054000,415.4522114809915,1002
2024-09-18 11:19:46.102000,415.41473025416144,100
2024-09-18 11:19:46.159000,415.43212858642937,5
2024-09-18 11:19:46.240000,415.4373147508796,9
2024-09-18 11:19:46.431000,415.4023412324615,5
2024-09-18 11:19:46.447000,415.4354268573949,99
2024-09-18 11:19:46.448000,415.4452556599892,98
2024-09-18 11:19:46.449000,415.4515066849753,999
2024-09-18 11:19:46.546000,415.4583695622045,103
2024-09-18 11:19:46.578000,415.4526355206402,1001
2024-09-18 11:19:46.631000,415.471448236902,13
2024-09-18 11:19:46.700000,415.45508321068144,14
2024-09-18 11:19:46.714000,415.4476479105417,999
2024-09-18 11:19:46.746000,415.3989452226616,99
2024-09-18 11:19:46.761000,415.4571209447959,6
2024-09-18 11:19:46.774000,415.43192798770656,1002
2024-09-18 11:19:46.856000,415.4508401567284,100
2024-09-18 11:19:46.871000,415.4010900713346,997
2024-09-18 11:19:46.898000,415.4606702110461,999
2024-09-18 11:19:46.907000,415.4765685451353,13
2024-09-18 11:19:46.909000,415.4527864873294,1001
2024-09-18 11:19:46.965000,415.4032213088258,10
2024-09-18 11:19:47.089000,415.4091139130885,105
2024-09-18 11:19:47.099000,415.4118740228403,98
2024-09-18 11:19:47.118000,415.3973889416053,6
2024-09-18 11:19:47.161000,415.3911449662981,101
2024-09-18 11:19:47.170000,415.3885117898246,995
2024-09-18 11:19:47.177000,415.4045385493146,11
2024-09-18 11:19:47.251000,415.3992485894484,1005
2024-09-18 11:19:47.271000,415.4216325585781,97
2024-09-18 11:19:47.334000,415.4042320880167,1000
2024-09-18 11:19:47.361000,415.4181575810864,997
2024-09-18 11:19:47.458000,415.4162852739553,13
2024-09-18 11:19:47.465000,415.4122159319837,995
2024-09-18 11:19:47.484000,415.4253778384338,105
2024-09-18 11:19:47.550000,415.43284501471726,8
2024-09-18 11:19:47.625000,415.4099428218072,96
2024-09-18 11:19:47.660000,415.3990607464037,995
2024-09-18 11:19:47.770000,415.42562300488606,1002
2024-09-18 11:19:47.850000,415.3871804137215,13
2024-09-18 11:19:47.898000,415.4346783623273,1005
2024-09-18 11:19:47.921000,415.3912797010461,5
2024-09-18 11:19:47.925000,415.4039377489274,8
2024-09-18 11:19:47.945000,415.4286653042092,1003
2024-09-18 11:19:48.052000,415.497469473633,104
2024-09-18 11:19:48.168000,415.40279662556753,12
2024-09-18 11:19:48.197000,415.434157060689,97
2024-09-18 11:19:48.257000,415.4317179690671,998
2024-09-18 11:19:48.281000,415.43082267658855,999
2024-09-18 11:19:48.307000,415.4580889418365,1001
2024-09-18 11:19:48.344000,415.4114128376023,8
2024-09-18 11:19:48.381000,415.4291660114763,1005
2024-09-18 11:19:48.388000,415.4114681124689,99
2024-09-18 11:19:48.419000,415.4084059853007,10
2024-09-18 11:19:48.421000,415.392927610696,100
2024-09-18 11:19:48.451000,415.4357517909651,96
2024-09-18 11:19:48.500000,415.4437344062871,97
2024-09-18 11:19:48.570000,415.4001663327852,1005
2024-09-18 11:19:48.642000,415.4197517347288,98
2024-09-18 11:19:48.668000,415.47882817240026,9
2024-09-18 11:19:48.705000,415.43418858808747,997
2024-09-18 11:19:48.742000,415.3998753246445,996
2024-09-18 11:19:48.755000,415.4087473473052,998
2024-09-18 11:19:48.758000,415.4163710215837,98
2024-09-18 11:19:48.780000,415.40986076035057,999
2024-09-18 11:19:48.798000,415.4862455973986,1002
2024-09-18 11:19:48.882000,415.3937913937463,98
2024-09-18 11:19:48.927000,415.4060111383682,995
2024-09-18 11:19:48.957000,415.4470565866917,1003
2024-09-18 11:19:48.995000,415.4942638648656,997
2024-09-18 11:19:49.049000,415.4163991961825,14
2024-09-18 11:19:49.057000,415.4142756605313,14
2024-09-18 11:19:49.084000,415.47402271867145,12
2024-09-18 11:19:49.110000,415.4284796564552,96
2024-09-18 11:19:49.156000,415.3946985873228,996
2024-09-18 11:19:49.165000,415.46464362127006,96
2024-09-18 11:19:49.190000,415.47194632812136,14
2024-09-18 11:19:49.322000,415.4684493368046,5
2024-09-18 11:19:49.346000,415.4174145186501,997
2024-09-18 11:19:49.378000,415.3985729514658,1005
2024-09-18 11:19:49.388000,415.4345678817685,1002
2024-09-18 11:19:49.417000,415.4116097444812,1003
2024-09-18 11:19:49.550000,415.38865649868313,997
2024-09-18 11:19:49.610000,415.4818853028925,1001
2024-09-18 11:19:49.663000,415.4692960284961,1004
2024-09-18 11:19:49.665000,415.488110186144,998
2024-09-18 11:19:49.680000,415.4792888499616,95
2024-09-18 11:19:49.716000,415.3954770421964,101
2024-09-18 11:19:49.737000,415.4067637030859,10
2024-09-18 11:19:49.751000,415.4543656522181,15
2024-09-18 11:19:49.763000,415.4087636657824,996
2024-09-18 11:19:49.768000,415.4272107128557,1004
2024-09-18 11:19:49.773000,415.4111925302204,15
2024-09-18 11:19:49.800000,415.3841969108523,995
2024-09-18 11:19:49.801000,415.4260297527179,996
2024-09-18 11:19:49.895000,415.47738424612777,12
2024-09-18 11:19:49.907000,415.4283661803096,105
2024-09-18 11:19:49.909000,415.4003303346374,1000
2024-09-18 11:19:49.928000,415.452362935064,98
2024-09-18 11:19:49.985000,415.4301420159756,13
2024-09-18 11:19:51.159000,415.4160500132736,999
2024-09-18 11:19:51.222000,415.431914851379,1005
2024-09-18 11:19:51.230000,415.44771038922937,97
2024-09-18 11:19:51.249000,415.41159523245335,96
2024-09-18 11:19:51.358000,415.4410751965147,96
2024-09-18 11:19:51.379000,415.44316444794265,997
2024-09-18 11:19:51.395000,415.42341521926807,97
2024-09-18 11:19:51.428000,415.4454077311932,105
2024-09-18 11:19:51.461000,415.435000458064,8
2024-09-18 11:19:51.519000,415.4106729295099,98
2024-09-18 11:19:51.538000,415.4034894877549,105
2024-09-18 11:19:51.659000,415.42329827773386,7
2024-09-18 11:19:51.664000,415.4393951767302,7
2024-09-18 11:19:51.711000,415.43574927252,14
2024-09-18 11:19:51.728000,415.4574127078163,1000
2024-09-18 11:19:51.951000,415.441677233783,104
2024-09-18 11:19:51.995000,415.4353136522062,7
2024-09-18 11:19:52.316000,415.4912319628225,103
2024-09-18 11:19:52.358000,415.5032040369624,95
2024-09-18 11:19:52.694000,415.4901980711328,995
2024-09-18 11:19:52.918000,415.4930224381852,104
2024-09-18 11:19:53.019000,415.4824684145838,5
2024-09-18 11:19:53.072000,415.481121816719,97
2024-09-18 11:19:53.112000,415.4779521382762,105
2024-09-18 11:19:53.123000,415.4890520058973,11
2024-09-18 11:19:53.155000,415.4802612312572,999
2024-09-18 11:19:53.230000,415.5094516499552,95
2024-09-18 11:19:53.319000,415.4971086979679,7
2024-09-18 11:19:53.371000,415.5207318960194,1001
2024-09-18 11:19:53.372000,415.514309230369,1002
2024-09-18 11:19:53.378000,415.4887297208005,995
2024-09-18 11:19:53.383000,415.48433861737857,97
2024-09-18 11:19:53.432000,415.478752390442,97
2024-09-18 11:19:53.451000,415.5010593733143,14
2024-09-18 11:19:53.453000,415.4830404209888,6
2024-09-18 11:19:53.644000,415.4838065557828,1000
2024-09-18 11:19:53.682000,415.49187796271104,103
2024-09-18 11:19:53.769000,415.4966954620323,6
2024-09-18 11:19:53.783000,415.4697341478628,1002
2024-09-18 11:19:53.798000,415.4947333064735,102
2024-09-18 11:19:53.824000,415.5122141454524,101
2024-09-18 11:19:53.843000,415.4884404885675,1005
2024-09-18 11:19:53.859000,415.51753279441385,1005
2024-09-18 11:19:53.909000,415.5178021910555,13
2024-09-18 11:19:53.994000,415.4860118942432,95
2024-09-18 11:19:54.035000,415.4330096465651,102
2024-09-18 11:19:54.086000,415.5313274356992,15
2024-09-18 11:19:54.103000,415.5098495684624,9
2024-09-18 11:19:54.108000,415.4291360096192,5
2024-09-18 11:19:54.113000,415.4251680755139,15
2024-09-18 11:19:54.127000,415.4632004372456,7
2024-09-18 11:19:54.137000,415.5154453064407,105
2024-09-18 11:19:54.142000,415.4320678423812,997
2024-09-18 11:19:54.162000,415.4730808284079,10
2024-09-18 11:19:54.208000,415.42317712527466,999
2024-09-18 11:19:54.360000,415.4709862052517,995
2024-09-18 11:19:54.393000,415.4184400790799,12
2024-09-18 11:19:54.398000,415.4947766213468,7
2024-09-18 11:19:54.441000,415.51969092605486,11
2024-09-18 11:19:54.515000,415.4879245875346,96
2024-09-18 11:19:54.587000,415.5031554546316,1004
2024-09-18 11:19:54.600000,415.4117022263167,1004
2024-09-18 11:19:54.675000,415.421719977053,9
2024-09-18 11:19:54.703000,415.43876997673846,15
2024-09-18 11:19:54.709000,415.4259908956938,7
2024-09-18 11:19:54.824000,415.4804984343444,99
2024-09-18 11:19:54.844000,415.4593213207639,998
2024-09-18 11:19:54.924000,415.4420311959097,5
2024-09-18 11:19:55.054000,415.4194194099977,997
2024-09-18 11:19:55.060000,415.3672991873037,97
2024-09-18 11:19:55.102000,415.4101782735664,996
2024-09-18 11:19:55.104000,415.37630328947625,995
2024-09-18 11:19:55.290000,415.3870460633478,100
2024-09-18 11:19:55.311000,415.3339824046562,1003
2024-09-18 11:19:55.319000,415.45384887858137,1002
2024-09-18 11:19:55.385000,415.4003974775141,98
2024-09-18 11:19:55.389000,415.413454838055,1000
2024-09-18 11:19:55.409000,415.34494486383255,99
2024-09-18 11:19:55.453000,415.4191118972725,6
2024-09-18 11:19:55.490000,415.3845113979229,1000
2024-09-18 11:19:55.493000,415.395139444303,996
2024-09-18 11:19:55.498000,415.3813809853852,102
2024-09-18 11:19:55.551000,415.3601791609979,1003
2024-09-18 11:19:55.573000,415.4259662044764,996
2024-09-18 11:19:55.599000,415.4378073505589,7
2024-09-18 11:19:55.626000,415.3632424477749,999
2024-09-18 11:19:55.702000,415.3984871400467,14
2024-09-18 11:19:55.703000,415.37298980864216,97
2024-09-18 11:19:55.762000,415.3632553604531,102
2024-09-18 11:19:55.837000,415.3668832438046,103
2024-09-18 11:19:55.942000,415.39170000675216,102
2024-09-18 11:19:55.972000,415.3625242276783,95
2024-09-18 11:19:56.062000,415.4720485438543,15
2024-09-18 11:19:56.424000,415.4624067545964,6
2024-09-18 11:19:56.561000,415.48023081107465,96
2024-09-18 11:19:56.618000,415.4661660008333,95
2024-09-18 11:19:56.780000,415.46318138398783,13
2024-09-18 11:19:57.030000,415.47097709904017,95
2024-09-18 11:19:57.292000,415.4599482528539,15
2024-09-18 11:19:57.335000,415.4690201079145,1003
2024-09-18 11:19:57.366000,415.4745583304346,1001
2024-09-18 11:19:57.903000,415.4715329932621,1002
2024-09-18 11:19:58.063000,415.4620685305504,101
2024-09-18 11:19:58.424000,415.463988692482,104
2024-09-18 11:19:58.991000,415.4671643861104,998
2024-09-18 11:19:58.995000,415.4607633552431,1000
2024-09-18 11:19:59.019000,415.454118056806,1004
2024-09-18 11:19:59.040000,415.46169030356685,996
2024-09-18 11:19:59.251000,415.46335587959135,11
2024-09-18 11:19:59.374000,415.4661576422373,9
2024-09-18 11:19:59.382000,415.4644939223316,101
