Timestamp,Price,Size
2024-09-19 13:02:00.010000,422.3480061970237,995
2024-09-19 13:02:00.022000,422.3418104813512,999
2024-09-19 13:02:00.090000,422.3546546420024,1004
2024-09-19 13:02:00.446000,422.3496106841863,6
2024-09-19 13:02:00.498000,422.3507804004874,102
2024-09-19 13:02:00.722000,422.3552339713296,998
2024-09-19 13:02:01.024000,422.3355903457682,995
2024-09-19 13:02:01.041000,422.276136095441,96
2024-09-19 13:02:01.100000,422.32773615174034,103
2024-09-19 13:02:01.107000,422.2749200605608,996
2024-09-19 13:02:01.121000,422.3246349759401,7
2024-09-19 13:02:01.128000,422.2897347927455,998
2024-09-19 13:02:01.236000,422.3347642707198,996
2024-09-19 13:02:01.265000,422.3457470605495,101
2024-09-19 13:02:01.302000,422.2759297189802,11
2024-09-19 13:02:01.315000,422.2915078555866,100
2024-09-19 13:02:01.404000,422.3106303537077,7
2024-09-19 13:02:01.418000,422.33859284892407,12
2024-09-19 13:02:01.470000,422.3418173095972,104
2024-09-19 13:02:01.554000,422.27461876517,9
2024-09-19 13:02:01.570000,422.3219468597704,10
2024-09-19 13:02:01.603000,422.3002812241674,1002
2024-09-19 13:02:01.692000,422.3610360430291,999
2024-09-19 13:02:01.730000,422.3257247896095,9
2024-09-19 13:02:01.873000,422.3264962769087,7
2024-09-19 13:02:01.885000,422.29797946736414,97
2024-09-19 13:02:02.096000,422.2914345578606,999
2024-09-19 13:02:02.220000,422.2885289777503,96
2024-09-19 13:02:03.017000,422.2439411350589,95
2024-09-19 13:02:03.040000,422.2823839167584,10
2024-09-19 13:02:03.135000,422.2590768831781,99
2024-09-19 13:02:03.189000,422.2714236443577,1004
2024-09-19 13:02:03.195000,422.2747698768623,100
2024-09-19 13:02:03.205000,422.2835988761361,1004
2024-09-19 13:02:03.229000,422.248471581368,997
2024-09-19 13:02:03.582000,422.26161273353154,998
2024-09-19 13:02:03.602000,422.2758786614248,1003
2024-09-19 13:02:03.788000,422.2656077765562,5
2024-09-19 13:02:03.949000,422.2725685802202,100
2024-09-19 13:02:03.966000,422.2764080986768,999
2024-09-19 13:02:04.024000,422.33599103359046,7
2024-09-19 13:02:04.074000,422.31159038377456,1005
2024-09-19 13:02:04.096000,422.3346274769504,98
2024-09-19 13:02:04.246000,422.322471234472,99
2024-09-19 13:02:04.265000,422.3440289920343,97
2024-09-19 13:02:04.309000,422.3504076147195,1001
2024-09-19 13:02:04.325000,422.32728007755793,9
2024-09-19 13:02:04.352000,422.3223971689908,96
2024-09-19 13:02:04.355000,422.3079529713381,1004
2024-09-19 13:02:04.386000,422.3083563605688,95
2024-09-19 13:02:04.396000,422.3350152576076,97
2024-09-19 13:02:04.400000,422.34852835608274,14
2024-09-19 13:02:04.401000,422.33816465793177,995
2024-09-19 13:02:04.467000,422.3001862585161,8
2024-09-19 13:02:04.495000,422.33803296495296,10
2024-09-19 13:02:04.650000,422.3350375668247,97
2024-09-19 13:02:04.652000,422.3380272730487,102
2024-09-19 13:02:04.829000,422.3358994856962,995
2024-09-19 13:02:04.855000,422.298318829742,12
2024-09-19 13:02:04.987000,422.33861570476125,995
2024-09-19 13:02:05.107000,422.362178790232,998
2024-09-19 13:02:05.296000,422.3513009691759,9
2024-09-19 13:02:05.303000,422.3653281238816,5
2024-09-19 13:02:05.377000,422.3426607596918,1005
2024-09-19 13:02:05.390000,422.3811008704433,105
2024-09-19 13:02:05.486000,422.3502118300128,15
2024-09-19 13:02:05.608000,422.3592790120373,98
2024-09-19 13:02:05.689000,422.3648769012045,1000
2024-09-19 13:02:05.694000,422.36095432166417,9
2024-09-19 13:02:05.698000,422.33316768512975,999
2024-09-19 13:02:05.720000,422.34720353391685,999
2024-09-19 13:02:05.748000,422.33586024875547,13
2024-09-19 13:02:05.777000,422.3465726901398,1003
2024-09-19 13:02:05.817000,422.345293832227,10
2024-09-19 13:02:05.825000,422.3623055656466,98
2024-09-19 13:02:05.837000,422.345073462641,103
2024-09-19 13:02:05.925000,422.3369250564889,1001
2024-09-19 13:02:05.971000,422.33020409986574,998
2024-09-19 13:02:06.062000,422.3297184762853,105
2024-09-19 13:02:06.104000,422.352771524567,11
2024-09-19 13:02:06.118000,422.3198315826143,5
2024-09-19 13:02:06.289000,422.3663668178079,1002
2024-09-19 13:02:06.417000,422.36710273965537,12
2024-09-19 13:02:06.515000,422.31978467559634,995
2024-09-19 13:02:06.610000,422.3299268716439,97
2024-09-19 13:02:06.710000,422.3577744139647,999
2024-09-19 13:02:06.753000,422.34979019412975,1002
2024-09-19 13:02:06.786000,422.37589702583233,1001
2024-09-19 13:02:06.820000,422.34432315887005,1004
2024-09-19 13:02:06.916000,422.32406706865606,998
2024-09-19 13:02:06.917000,422.3308688075965,100
2024-09-19 13:02:06.958000,422.342493329662,6
2024-09-19 13:02:06.963000,422.36726542037457,101
2024-09-19 13:02:07.013000,422.41497681076703,97
2024-09-19 13:02:07.028000,422.44098457132094,99
2024-09-19 13:02:07.107000,422.39013197624325,7
2024-09-19 13:02:07.139000,422.4549078712773,1003
2024-09-19 13:02:07.169000,422.404921527667,11
2024-09-19 13:02:07.171000,422.4094104095904,99
2024-09-19 13:02:07.187000,422.45363207655583,996
2024-09-19 13:02:07.353000,422.3974589941666,997
2024-09-19 13:02:07.383000,422.4214932837908,105
2024-09-19 13:02:07.404000,422.4304815302983,9
2024-09-19 13:02:07.405000,422.44601735998646,105
2024-09-19 13:02:07.407000,422.4136577481871,1003
2024-09-19 13:02:07.453000,422.3849912147298,100
2024-09-19 13:02:07.544000,422.4317506518376,995
2024-09-19 13:02:07.698000,422.3744198302741,15
2024-09-19 13:02:07.709000,422.410708054972,1005
2024-09-19 13:02:07.789000,422.41003028124936,97
2024-09-19 13:02:07.820000,422.3556678798407,11
2024-09-19 13:02:07.867000,422.4222544786917,103
2024-09-19 13:02:07.891000,422.4440910957165,1002
2024-09-19 13:02:07.937000,422.4404885880573,11
2024-09-19 13:02:08.077000,422.4190742926825,95
2024-09-19 13:02:08.139000,422.4202067148239,99
2024-09-19 13:02:08.318000,422.4332885809071,1004
2024-09-19 13:02:08.364000,422.4345722892544,9
2024-09-19 13:02:08.968000,422.4432993170148,1005
2024-09-19 13:02:09.040000,422.4329890301705,95
2024-09-19 13:02:09.047000,422.4157824110879,10
2024-09-19 13:02:09.109000,422.44632226458754,5
2024-09-19 13:02:09.118000,422.45240595704377,1001
2024-09-19 13:02:09.174000,422.4495632950597,9
2024-09-19 13:02:09.233000,422.4414968436855,15
2024-09-19 13:02:09.234000,422.4546703264891,1001
2024-09-19 13:02:09.352000,422.4314977369817,1004
2024-09-19 13:02:09.368000,422.4186691509908,98
2024-09-19 13:02:09.411000,422.4437200406993,103
2024-09-19 13:02:09.419000,422.4299961727804,995
2024-09-19 13:02:09.456000,422.43910719072346,97
2024-09-19 13:02:09.464000,422.4570779085308,11
2024-09-19 13:02:09.523000,422.4589957284528,8
2024-09-19 13:02:09.552000,422.4289372742369,103
2024-09-19 13:02:09.558000,422.450430379737,7
2024-09-19 13:02:09.563000,422.42467145378646,7
2024-09-19 13:02:09.573000,422.4548908908,1002
2024-09-19 13:02:09.576000,422.4466751999312,101
2024-09-19 13:02:09.581000,422.4378975655517,7
2024-09-19 13:02:09.625000,422.4379388190917,1004
2024-09-19 13:02:09.627000,422.44209621664913,96
2024-09-19 13:02:09.669000,422.4302711764046,96
2024-09-19 13:02:09.735000,422.43051825971816,95
2024-09-19 13:02:09.748000,422.4661679366529,99
2024-09-19 13:02:09.751000,422.4325617813599,100
2024-09-19 13:02:09.755000,422.4243561087576,999
2024-09-19 13:02:09.839000,422.425393394284,9
2024-09-19 13:02:09.992000,422.4280136752788,99
2024-09-19 13:02:10.074000,422.4155824787638,7
2024-09-19 13:02:10.101000,422.39277430754856,102
2024-09-19 13:02:10.120000,422.4198835758768,999
2024-09-19 13:02:10.151000,422.39581081509016,101
2024-09-19 13:02:10.190000,422.3980775742361,95
2024-09-19 13:02:10.199000,422.3965342006328,10
2024-09-19 13:02:10.213000,422.4267159730105,1005
2024-09-19 13:02:10.385000,422.4077566984176,13
2024-09-19 13:02:10.485000,422.4207324399487,998
2024-09-19 13:02:10.492000,422.3795330622209,105
2024-09-19 13:02:10.647000,422.4054928605215,999
2024-09-19 13:02:10.687000,422.42342978242107,7
2024-09-19 13:02:10.717000,422.3944616292605,1003
2024-09-19 13:02:10.736000,422.455334896124,15
2024-09-19 13:02:10.758000,422.4078257721763,104
2024-09-19 13:02:10.767000,422.4150225732727,103
2024-09-19 13:02:10.795000,422.3839908108879,14
2024-09-19 13:02:10.828000,422.3832290139349,12
2024-09-19 13:02:10.840000,422.3830383792486,12
2024-09-19 13:02:10.843000,422.3941950604872,999
2024-09-19 13:02:10.863000,422.44084640580326,1003
2024-09-19 13:02:10.884000,422.4028505090869,999
2024-09-19 13:02:10.976000,422.3832560428892,1000
2024-09-19 13:02:11.063000,422.3817722081247,1004
2024-09-19 13:02:11.155000,422.37563919899696,1003
2024-09-19 13:02:11.169000,422.3642985282888,99
2024-09-19 13:02:11.207000,422.3635323397076,9
2024-09-19 13:02:11.212000,422.3924345345408,1001
2024-09-19 13:02:11.258000,422.3791783818156,13
2024-09-19 13:02:11.262000,422.375124595713,103
2024-09-19 13:02:11.285000,422.3915115517416,6
2024-09-19 13:02:11.298000,422.3845378246223,5
2024-09-19 13:02:11.308000,422.3541922044015,104
2024-09-19 13:02:11.410000,422.3857890531396,1002
2024-09-19 13:02:11.656000,422.3916055944839,99
2024-09-19 13:02:11.709000,422.3895545517384,97
2024-09-19 13:02:11.737000,422.3660877747864,997
2024-09-19 13:02:11.771000,422.3932233037036,15
2024-09-19 13:02:11.772000,422.3675560909264,11
2024-09-19 13:02:11.872000,422.38277812038274,98
2024-09-19 13:02:11.895000,422.3763935559396,998
2024-09-19 13:02:11.941000,422.3761216989405,15
2024-09-19 13:02:11.942000,422.3718730834818,11
2024-09-19 13:02:13.087000,422.3286662975101,996
2024-09-19 13:02:13.252000,422.33082487175534,7
2024-09-19 13:02:13.325000,422.3313598351445,96
2024-09-19 13:02:13.349000,422.34707995644817,105
2024-09-19 13:02:13.786000,422.3073583585576,1002
2024-09-19 13:02:13.850000,422.3048105400169,1004
2024-09-19 13:02:14.029000,422.28837115310046,11
2024-09-19 13:02:14.161000,422.2983857745819,13
2024-09-19 13:02:14.241000,422.2941929164489,995
2024-09-19 13:02:14.437000,422.3110913467551,101
2024-09-19 13:02:14.582000,422.2992222954752,104
2024-09-19 13:02:14.594000,422.2857863041828,95
2024-09-19 13:02:14.794000,422.3046950717353,8
2024-09-19 13:02:14.912000,422.3112738472698,100
2024-09-19 13:02:14.962000,422.3068135268048,101
2024-09-19 13:02:14.994000,422.2835036885688,6
2024-09-19 13:02:15.148000,422.28432594119136,96
2024-09-19 13:02:15.167000,422.2659545630985,997
2024-09-19 13:02:15.188000,422.30066639601546,100
2024-09-19 13:02:15.253000,422.2748331807383,995
2024-09-19 13:02:15.268000,422.2947279189432,1002
2024-09-19 13:02:15.336000,422.30734388483097,998
2024-09-19 13:02:15.345000,422.2951994692716,13
2024-09-19 13:02:15.349000,422.2974883281543,999
2024-09-19 13:02:15.400000,422.29256318394096,8
2024-09-19 13:02:15.461000,422.3022834029376,98
2024-09-19 13:02:15.529000,422.29444850135,97
2024-09-19 13:02:15.593000,422.2922840181721,1005
2024-09-19 13:02:15.679000,422.29903291061584,100
2024-09-19 13:02:15.724000,422.28211439385785,105
2024-09-19 13:02:15.724000,422.30253884491054,1000
2024-09-19 13:02:15.740000,422.2951390376791,997
2024-09-19 13:02:15.760000,422.30837367362017,996
2024-09-19 13:02:15.763000,422.2874577920463,101
2024-09-19 13:02:15.835000,422.29539272576056,100
2024-09-19 13:02:15.871000,422.25587919994695,102
2024-09-19 13:02:15.871000,422.2838883757792,101
2024-09-19 13:02:15.947000,422.2945990409399,105
2024-09-19 13:02:15.974000,422.2619847270075,98
2024-09-19 13:02:15.978000,422.29456902138656,97
2024-09-19 13:02:16.017000,422.24848761157824,14
2024-09-19 13:02:16.045000,422.250004662126,12
2024-09-19 13:02:16.098000,422.2715746568066,1000
2024-09-19 13:02:16.146000,422.2504900898662,1002
2024-09-19 13:02:16.159000,422.25651246344006,998
2024-09-19 13:02:16.212000,422.2901124991277,97
2024-09-19 13:02:16.231000,422.3036558679409,97
2024-09-19 13:02:16.366000,422.268860388475,6
2024-09-19 13:02:16.402000,422.2854803852642,8
2024-09-19 13:02:16.450000,422.2804644704022,98
2024-09-19 13:02:16.501000,422.300182228642,1005
2024-09-19 13:02:16.590000,422.2470184289287,99
2024-09-19 13:02:16.625000,422.2539909322424,97
2024-09-19 13:02:16.659000,422.259065077431,6
2024-09-19 13:02:16.749000,422.2861013276572,995
2024-09-19 13:02:16.804000,422.2719898523904,10
2024-09-19 13:02:16.922000,422.2452883572863,98
2024-09-19 13:02:17.098000,422.2668664629589,5
2024-09-19 13:02:17.122000,422.2491606496762,100
2024-09-19 13:02:17.196000,422.2811712835919,7
2024-09-19 13:02:17.290000,422.281158766438,102
2024-09-19 13:02:17.662000,422.2496641305521,105
2024-09-19 13:02:17.790000,422.2907772204824,1002
2024-09-19 13:02:17.844000,422.2512757394057,998
2024-09-19 13:02:18.041000,422.2861416334383,13
2024-09-19 13:02:18.096000,422.3109314890576,1001
2024-09-19 13:02:18.122000,422.26436479820535,996
2024-09-19 13:02:18.131000,422.304825508124,10
2024-09-19 13:02:18.160000,422.25664225757566,1005
2024-09-19 13:02:18.175000,422.2749851485935,7
2024-09-19 13:02:18.220000,422.3117179757253,95
2024-09-19 13:02:18.253000,422.2985616271573,6
2024-09-19 13:02:18.391000,422.2854250871913,12
2024-09-19 13:02:18.411000,422.3019291798416,98
2024-09-19 13:02:18.518000,422.3310336679106,1004
2024-09-19 13:02:18.549000,422.3022598943352,15
2024-09-19 13:02:18.591000,422.2933771669313,96
2024-09-19 13:02:18.593000,422.2627600688163,103
2024-09-19 13:02:18.705000,422.3119082839866,105
2024-09-19 13:02:18.765000,422.3063638120367,11
2024-09-19 13:02:18.783000,422.31753849004576,8
2024-09-19 13:02:18.826000,422.32127039710014,97
2024-09-19 13:02:18.933000,422.2504743703393,999
2024-09-19 13:02:18.978000,422.31849576601104,9
2024-09-19 13:02:19.757000,422.3559260454812,103
2024-09-19 13:02:19.985000,422.3438425775985,5
2024-09-19 13:02:20.023000,422.2484595239579,104
2024-09-19 13:02:20.052000,422.2892965369905,996
2024-09-19 13:02:20.077000,422.2644857157202,10
2024-09-19 13:02:20.089000,422.2592700599481,13
2024-09-19 13:02:20.097000,422.2652109694706,5
2024-09-19 13:02:20.141000,422.264235805508,12
2024-09-19 13:02:20.195000,422.2405111400328,12
2024-09-19 13:02:20.237000,422.2429380146377,12
2024-09-19 13:02:20.256000,422.29554990064577,100
2024-09-19 13:02:20.288000,422.2401300065628,101
2024-09-19 13:02:20.326000,422.2786268443863,8
2024-09-19 13:02:20.373000,422.277465651744,102
2024-09-19 13:02:20.384000,422.2574510799858,10
2024-09-19 13:02:20.420000,422.2558595308736,10
2024-09-19 13:02:20.452000,422.26481030937697,9
2024-09-19 13:02:20.478000,422.33506916445873,97
2024-09-19 13:02:20.503000,422.3067851032717,1005
2024-09-19 13:02:20.556000,422.2451721965977,5
2024-09-19 13:02:20.566000,422.2291727296651,99
2024-09-19 13:02:20.603000,422.2477804807704,5
2024-09-19 13:02:20.755000,422.27978262685286,12
2024-09-19 13:02:20.794000,422.2726124594056,13
2024-09-19 13:02:20.940000,422.2360749128913,998
2024-09-19 13:02:21.078000,422.2770112144972,1005
2024-09-19 13:02:21.082000,422.2730544229438,1004
2024-09-19 13:02:21.104000,422.3122509025941,105
2024-09-19 13:02:21.146000,422.2914585379229,1005
2024-09-19 13:02:21.151000,422.2517121996827,104
2024-09-19 13:02:21.152000,422.2819267429772,8
2024-09-19 13:02:21.310000,422.2853363857188,95
2024-09-19 13:02:21.343000,422.31958917524014,15
2024-09-19 13:02:21.349000,422.25210089066815,104
2024-09-19 13:02:21.363000,422.29462194252926,12
2024-09-19 13:02:21.476000,422.26345257373777,95
2024-09-19 13:02:21.493000,422.322936862889,104
2024-09-19 13:02:21.499000,422.2864865995574,1003
2024-09-19 13:02:21.548000,422.2981502320378,995
2024-09-19 13:02:21.649000,422.2988130469944,12
2024-09-19 13:02:21.738000,422.2775999503947,7
2024-09-19 13:02:21.801000,422.3063558667779,8
2024-09-19 13:02:21.875000,422.2944579216832,999
2024-09-19 13:02:21.896000,422.2440717914658,8
2024-09-19 13:02:21.919000,422.2941998849933,1005
2024-09-19 13:02:21.928000,422.29924197338335,1001
2024-09-19 13:02:22.057000,422.2961740253729,96
2024-09-19 13:02:22.059000,422.1751385155263,999
2024-09-19 13:02:22.083000,422.201611481942,1002
2024-09-19 13:02:22.115000,422.2687300920532,1002
2024-09-19 13:02:22.195000,422.1814110434944,96
2024-09-19 13:02:22.204000,422.2546096196734,6
2024-09-19 13:02:22.231000,422.28757939357183,14
2024-09-19 13:02:22.259000,422.26604536637967,13
2024-09-19 13:02:22.286000,422.1969392151532,9
2024-09-19 13:02:22.300000,422.2873210744056,996
2024-09-19 13:02:22.306000,422.2092551734039,101
2024-09-19 13:02:22.355000,422.27447751116495,7
2024-09-19 13:02:22.389000,422.28526393991,98
2024-09-19 13:02:22.399000,422.16034848763,1001
2024-09-19 13:02:22.436000,422.2011106128836,996
2024-09-19 13:02:22.506000,422.2591371046935,1000
2024-09-19 13:02:22.557000,422.214331749561,15
2024-09-19 13:02:22.565000,422.1639124334952,9
2024-09-19 13:02:22.581000,422.258995335944,9
2024-09-19 13:02:22.604000,422.2815718226273,10
2024-09-19 13:02:22.697000,422.2631044231874,103
2024-09-19 13:02:22.819000,422.2701314886722,1001
2024-09-19 13:02:22.857000,422.188661353928,104
2024-09-19 13:02:22.971000,422.1763862966228,98
2024-09-19 13:02:22.983000,422.188463696882,99
2024-09-19 13:02:22.998000,422.2017782103279,1002
2024-09-19 13:02:23.176000,422.17122354242144,6
2024-09-19 13:02:23.223000,422.2074887308539,97
2024-09-19 13:02:23.286000,422.19223247131134,100
2024-09-19 13:02:23.357000,422.1991897754047,8
2024-09-19 13:02:23.652000,422.18464052047307,99
2024-09-19 13:02:23.732000,422.2055626519621,99
2024-09-19 13:02:23.995000,422.21543623943165,105
2024-09-19 13:02:24.036000,422.17044804310393,995
2024-09-19 13:02:24.239000,422.16934116695154,997
2024-09-19 13:02:24.505000,422.17476913727313,1005
2024-09-19 13:02:24.656000,422.1593602597581,102
2024-09-19 13:02:24.715000,422.18713103570326,98
2024-09-19 13:02:24.928000,422.15575260731606,14
2024-09-19 13:02:24.951000,422.1921641630802,14
2024-09-19 13:02:25,422.11286389414494,9
2024-09-19 13:02:25.010000,422.1296122124701,9
2024-09-19 13:02:25.075000,422.11171936107456,100
2024-09-19 13:02:25.115000,422.12695370235184,999
2024-09-19 13:02:25.147000,422.1474114620266,95
2024-09-19 13:02:25.179000,422.1421839953409,999
2024-09-19 13:02:25.232000,422.1175310628437,996
2024-09-19 13:02:25.241000,422.1517847289295,12
2024-09-19 13:02:25.471000,422.1607559267328,997
2024-09-19 13:02:25.504000,422.12402073132006,96
2024-09-19 13:02:25.560000,422.1420489843683,7
2024-09-19 13:02:25.595000,422.1368559802645,1004
2024-09-19 13:02:25.601000,422.1722464593645,100
2024-09-19 13:02:25.629000,422.1393443813413,103
2024-09-19 13:02:25.651000,422.1524673914305,97
2024-09-19 13:02:25.684000,422.1180504605651,101
2024-09-19 13:02:25.755000,422.1753766616709,999
2024-09-19 13:02:25.810000,422.1638120256432,1000
2024-09-19 13:02:25.825000,422.1441093701056,998
2024-09-19 13:02:25.939000,422.1265975099405,998
2024-09-19 13:02:25.983000,422.1314573370803,1002
2024-09-19 13:02:25.985000,422.1325763327697,12
2024-09-19 13:02:27.023000,422.0938448523339,103
2024-09-19 13:02:27.135000,422.01902615139767,11
2024-09-19 13:02:27.171000,422.0826935077502,13
2024-09-19 13:02:27.176000,422.0959284757824,998
2024-09-19 13:02:27.270000,422.07361792579695,11
2024-09-19 13:02:27.284000,422.0752987589004,1003
2024-09-19 13:02:27.291000,422.097064186567,1005
2024-09-19 13:02:27.332000,422.016316733032,1002
2024-09-19 13:02:27.332000,422.05675655929866,100
2024-09-19 13:02:27.428000,422.0543651706787,95
2024-09-19 13:02:27.449000,422.0846494269533,12
2024-09-19 13:02:27.510000,422.0817681657288,98
2024-09-19 13:02:27.632000,422.0514455247296,6
2024-09-19 13:02:27.638000,422.10662768572746,9
2024-09-19 13:02:27.703000,422.08204502469766,8
2024-09-19 13:02:27.715000,422.0872925675226,8
2024-09-19 13:02:27.727000,422.0390057827926,102
2024-09-19 13:02:27.745000,422.0765462465185,100
2024-09-19 13:02:27.815000,422.10125620038986,96
2024-09-19 13:02:27.821000,422.1030241590629,8
2024-09-19 13:02:27.844000,422.0999102747274,11
2024-09-19 13:02:27.876000,422.03210626555006,96
2024-09-19 13:02:27.903000,422.0962902033564,8
2024-09-19 13:02:27.924000,422.1073425532218,9
2024-09-19 13:02:27.933000,422.0967779353285,5
2024-09-19 13:02:27.980000,422.0912462784906,100
2024-09-19 13:02:27.990000,422.117534911314,100
2024-09-19 13:02:28.195000,422.041464031266,1000
2024-09-19 13:02:28.325000,422.0349793225179,996
2024-09-19 13:02:28.392000,422.0336283040382,1002
2024-09-19 13:02:28.567000,422.0097598390512,12
2024-09-19 13:02:28.579000,422.0195712718955,1000
2024-09-19 13:02:28.842000,422.0714883716607,8
2024-09-19 13:02:28.854000,422.02994786922056,1004
2024-09-19 13:02:28.977000,422.0402165512773,995
2024-09-19 13:02:28.985000,422.02141986682176,11
2024-09-19 13:02:29.159000,422.0408649436735,6
2024-09-19 13:02:29.171000,422.1412824928656,105
2024-09-19 13:02:29.177000,422.1257765500067,9
2024-09-19 13:02:29.218000,422.1584786750652,103
2024-09-19 13:02:29.243000,422.06517381432,7
2024-09-19 13:02:29.297000,422.0840620667586,104
2024-09-19 13:02:29.404000,422.1719368264693,98
2024-09-19 13:02:29.678000,422.1850834476959,6
2024-09-19 13:02:29.767000,422.10326658569255,1004
2024-09-19 13:02:29.768000,422.0617625220544,99
2024-09-19 13:02:29.773000,422.1677467859056,15
2024-09-19 13:02:29.774000,422.170220761488,9
2024-09-19 13:02:29.816000,422.1716921752045,996
2024-09-19 13:02:29.904000,422.1434624825978,996
2024-09-19 13:02:30.039000,422.1273324670245,11
2024-09-19 13:02:30.198000,422.1148842939579,1005
2024-09-19 13:02:30.231000,422.1016906486269,1001
2024-09-19 13:02:30.480000,422.11170837210426,1003
2024-09-19 13:02:30.569000,422.13221310132593,6
2024-09-19 13:02:30.586000,422.09813301877006,95
2024-09-19 13:02:30.738000,422.1075108217924,99
2024-09-19 13:02:30.746000,422.1101134798279,99
2024-09-19 13:02:30.935000,422.1042628815384,995
2024-09-19 13:02:31.036000,422.20089749338337,7
2024-09-19 13:02:31.041000,422.2035795145746,97
2024-09-19 13:02:31.153000,422.18372945663,99
2024-09-19 13:02:31.215000,422.19237070211926,99
2024-09-19 13:02:31.264000,422.20307055245786,98
2024-09-19 13:02:31.307000,422.1835545081978,998
2024-09-19 13:02:31.327000,422.1967538171456,13
2024-09-19 13:02:31.343000,422.1516103252133,995
2024-09-19 13:02:31.346000,422.1808043576991,101
2024-09-19 13:02:31.367000,422.1467254657499,105
2024-09-19 13:02:31.374000,422.1858771297806,998
2024-09-19 13:02:31.389000,422.1622329396122,995
2024-09-19 13:02:31.414000,422.1801720057349,96
2024-09-19 13:02:31.436000,422.12983280460895,15
2024-09-19 13:02:31.442000,422.2015920331601,995
2024-09-19 13:02:31.473000,422.191655714028,98
2024-09-19 13:02:31.507000,422.1575868003001,7
2024-09-19 13:02:31.539000,422.19869738889753,1001
2024-09-19 13:02:31.540000,422.1586900243657,96
2024-09-19 13:02:31.651000,422.14570624881935,13
2024-09-19 13:02:31.713000,422.17120754791006,1003
2024-09-19 13:02:31.838000,422.12252524008665,105
2024-09-19 13:02:31.904000,422.17500520425466,97
2024-09-19 13:02:31.946000,422.1972201659305,999
2024-09-19 13:02:31.969000,422.1435062720539,15
2024-09-19 13:02:32.138000,422.21636985724825,15
2024-09-19 13:02:32.144000,422.2167416137861,15
2024-09-19 13:02:32.286000,422.1964470006403,96
2024-09-19 13:02:32.339000,422.2031464817497,15
2024-09-19 13:02:32.498000,422.2305934625189,8
2024-09-19 13:02:32.530000,422.1881461697022,6
2024-09-19 13:02:32.901000,422.2327166456227,6
2024-09-19 13:02:33.044000,422.20133266255726,102
2024-09-19 13:02:33.052000,422.1356153854754,11
2024-09-19 13:02:33.148000,422.112642564308,999
2024-09-19 13:02:33.205000,422.13304955504,1001
2024-09-19 13:02:33.276000,422.21347011510136,8
2024-09-19 13:02:33.295000,422.2283234337292,1003
2024-09-19 13:02:33.376000,422.1216031950844,997
2024-09-19 13:02:33.391000,422.2023479454779,100
2024-09-19 13:02:33.422000,422.1966511043474,1004
2024-09-19 13:02:33.505000,422.2285468782943,1001
2024-09-19 13:02:33.607000,422.1420385441038,5
2024-09-19 13:02:33.664000,422.2053335425932,95
2024-09-19 13:02:33.676000,422.10741623257945,95
2024-09-19 13:02:33.698000,422.1282712728762,105
2024-09-19 13:02:33.765000,422.16333232015904,12
2024-09-19 13:02:33.796000,422.1230236755656,1003
2024-09-19 13:02:33.806000,422.21294132223017,101
2024-09-19 13:02:33.901000,422.1736722183493,1002
2024-09-19 13:02:33.905000,422.10587020867786,5
2024-09-19 13:02:34.069000,422.1039695091279,102
2024-09-19 13:02:34.081000,422.0703603048006,13
2024-09-19 13:02:34.132000,422.0627671675187,1002
2024-09-19 13:02:34.149000,422.098414735892,14
2024-09-19 13:02:34.228000,422.07395469431873,1001
2024-09-19 13:02:34.241000,422.0795978133032,101
2024-09-19 13:02:34.284000,422.086554006428,104
2024-09-19 13:02:34.285000,422.1043266817984,104
2024-09-19 13:02:34.320000,422.1212592129372,1005
2024-09-19 13:02:34.374000,422.0420481304663,96
2024-09-19 13:02:34.424000,422.0297261856422,5
2024-09-19 13:02:34.451000,422.0641426497517,1003
2024-09-19 13:02:34.496000,422.0898420866876,998
2024-09-19 13:02:34.506000,422.0614519126203,10
2024-09-19 13:02:34.545000,422.0387680780292,998
2024-09-19 13:02:34.545000,422.0938949751515,996
2024-09-19 13:02:34.553000,422.1118610782305,13
2024-09-19 13:02:34.594000,422.09107803272576,5
2024-09-19 13:02:34.620000,422.0882508161583,96
2024-09-19 13:02:34.637000,422.0804101094281,1005
2024-09-19 13:02:34.715000,422.05644335720416,1004
2024-09-19 13:02:34.745000,422.0959795354389,101
2024-09-19 13:02:34.795000,422.0953735610606,999
2024-09-19 13:02:34.838000,422.03482555378406,5
2024-09-19 13:02:34.857000,422.1050809802588,1000
2024-09-19 13:02:34.863000,422.06264271490414,8
2024-09-19 13:02:34.942000,422.1204849919716,999
2024-09-19 13:02:34.947000,422.0620683759306,98
2024-09-19 13:02:35.618000,422.0852690743544,996
2024-09-19 13:02:36.013000,422.0927553363756,9
2024-09-19 13:02:36.042000,422.08873016342136,9
2024-09-19 13:02:36.065000,422.0610198527559,998
2024-09-19 13:02:36.247000,422.0625212106789,1004
2024-09-19 13:02:36.526000,422.0686611403365,6
2024-09-19 13:02:36.588000,422.08023829101575,999
2024-09-19 13:02:36.620000,422.0503249219548,100
2024-09-19 13:02:36.658000,422.0706542099261,1002
2024-09-19 13:02:36.713000,422.057299773962,8
2024-09-19 13:02:36.754000,422.0582689652488,103
2024-09-19 13:02:36.769000,422.082268610403,9
2024-09-19 13:02:36.769000,422.0966740815047,97
2024-09-19 13:02:36.773000,422.0870204419504,995
2024-09-19 13:02:36.809000,422.0936442312568,998
2024-09-19 13:02:36.925000,422.0520429749702,98
2024-09-19 13:02:36.942000,422.0780377990951,6
2024-09-19 13:02:36.955000,422.0952961118126,102
2024-09-19 13:02:37.512000,422.05948819171806,5
2024-09-19 13:02:38.002000,422.0256120884882,7
2024-09-19 13:02:38.007000,422.04272523873175,98
2024-09-19 13:02:38.064000,422.07319766842863,1003
2024-09-19 13:02:38.085000,422.055150765939,1002
2024-09-19 13:02:38.159000,422.0515764476772,998
2024-09-19 13:02:38.203000,422.037109599612,99
2024-09-19 13:02:38.242000,422.0715335120025,1002
2024-09-19 13:02:38.364000,422.0536400750236,1001
2024-09-19 13:02:38.506000,422.0661169798967,10
2024-09-19 13:02:38.509000,422.0646303017084,7
2024-09-19 13:02:38.537000,422.035428483362,95
2024-09-19 13:02:38.554000,422.0507902929398,1001
2024-09-19 13:02:38.554000,422.0479683858701,102
2024-09-19 13:02:38.562000,422.0517278629201,103
2024-09-19 13:02:38.617000,422.05464395304847,105
2024-09-19 13:02:38.622000,422.03849297626886,102
2024-09-19 13:02:38.680000,422.05217147325055,99
2024-09-19 13:02:38.713000,422.0569506962142,5
2024-09-19 13:02:38.751000,422.0375618906969,98
2024-09-19 13:02:38.815000,422.048629960723,99
2024-09-19 13:02:38.903000,422.0566875452566,995
2024-09-19 13:02:38.925000,422.03617619859807,96
2024-09-19 13:02:38.950000,422.06645540000255,8
2024-09-19 13:02:38.980000,422.0235054717295,11
2024-09-19 13:02:39.007000,422.0210946654012,98
2024-09-19 13:02:39.027000,422.0375793278347,95
2024-09-19 13:02:39.031000,422.0081469559776,1002
2024-09-19 13:02:39.108000,422.01706559590633,995
2024-09-19 13:02:39.134000,422.0365781365931,5
2024-09-19 13:02:39.136000,422.0440147478436,97
2024-09-19 13:02:39.288000,422.0371268982725,96
2024-09-19 13:02:39.316000,422.03336870475766,95
2024-09-19 13:02:39.334000,421.98917474874594,1005
2024-09-19 13:02:39.353000,421.9884418674645,1000
2024-09-19 13:02:39.357000,421.99273302419897,101
2024-09-19 13:02:39.386000,421.98044452006746,6
2024-09-19 13:02:39.444000,422.0376514612119,7
2024-09-19 13:02:39.466000,421.9977816617416,100
2024-09-19 13:02:39.480000,421.9929824969223,997
2024-09-19 13:02:39.505000,422.0049541822319,9
2024-09-19 13:02:39.514000,422.0159802583593,997
2024-09-19 13:02:39.554000,422.0246922093083,99
2024-09-19 13:02:39.562000,421.9518627314776,9
2024-09-19 13:02:39.592000,422.0284426250682,98
2024-09-19 13:02:39.606000,422.02431262208654,95
2024-09-19 13:02:39.642000,422.03304397809296,99
2024-09-19 13:02:39.722000,422.0203911508868,998
2024-09-19 13:02:39.747000,422.0394643744834,102
2024-09-19 13:02:39.838000,421.9690412847452,99
2024-09-19 13:02:39.839000,422.02358869584464,98
2024-09-19 13:02:39.871000,421.9671197023773,102
2024-09-19 13:02:39.894000,422.0343340183296,101
2024-09-19 13:02:39.915000,421.9706231360428,11
2024-09-19 13:02:40.039000,421.9530069332591,11
2024-09-19 13:02:40.100000,422.0431246161945,11
2024-09-19 13:02:40.134000,421.9409371424886,998
2024-09-19 13:02:40.186000,422.0267437508394,15
2024-09-19 13:02:40.296000,422.0243173329871,99
2024-09-19 13:02:40.372000,422.0154050079617,15
2024-09-19 13:02:40.411000,422.0274377143807,1000
2024-09-19 13:02:40.452000,421.9668738874509,1002
2024-09-19 13:02:40.462000,422.0200712846722,999
2024-09-19 13:02:40.477000,422.0464856590117,103
2024-09-19 13:02:40.495000,421.9990394513673,12
2024-09-19 13:02:40.568000,421.9872691293135,8
2024-09-19 13:02:40.570000,421.9254875203857,1000
2024-09-19 13:02:40.658000,422.0038330561396,100
2024-09-19 13:02:40.667000,422.0281275980567,5
2024-09-19 13:02:40.709000,422.0030111568981,12
2024-09-19 13:02:40.715000,422.03074115650907,105
2024-09-19 13:02:40.761000,422.0372124159528,1003
2024-09-19 13:02:40.936000,422.0576721287077,7
2024-09-19 13:02:41.045000,421.9603293770342,105
2024-09-19 13:02:41.051000,422.0999716605331,1004
2024-09-19 13:02:41.162000,422.06584441402737,1005
2024-09-19 13:02:41.209000,422.0920240954928,10
2024-09-19 13:02:41.249000,422.0574414654479,9
2024-09-19 13:02:41.310000,422.05501217039097,998
2024-09-19 13:02:41.322000,421.9880328118174,100
2024-09-19 13:02:41.368000,422.0694760191802,102
2024-09-19 13:02:41.437000,421.9557025683132,6
2024-09-19 13:02:41.447000,422.0424706638408,10
2024-09-19 13:02:41.474000,422.0024336273227,100
2024-09-19 13:02:41.615000,422.0812173951596,1005
2024-09-19 13:02:41.635000,422.07640480042926,6
2024-09-19 13:02:41.782000,421.9622753654351,996
2024-09-19 13:02:41.925000,422.0721461553866,98
2024-09-19 13:02:41.930000,422.0500610993431,100
2024-09-19 13:02:41.957000,422.012656785917,1003
2024-09-19 13:02:41.966000,422.0320317523113,1000
2024-09-19 13:02:42.015000,421.8646614634788,6
2024-09-19 13:02:42.083000,421.83331170077054,104
2024-09-19 13:02:42.085000,421.8452080084771,100
2024-09-19 13:02:42.124000,421.8482355911452,99
2024-09-19 13:02:42.127000,421.8418595929423,15
2024-09-19 13:02:42.144000,421.9399886187579,1002
2024-09-19 13:02:42.228000,421.84869430978944,1005
2024-09-19 13:02:42.293000,421.8855632970449,97
2024-09-19 13:02:42.316000,421.8227664156098,96
2024-09-19 13:02:42.330000,421.8282016804001,6
2024-09-19 13:02:42.365000,421.857920874462,999
2024-09-19 13:02:42.405000,421.8555942917904,7
2024-09-19 13:02:42.455000,421.8311170874421,13
2024-09-19 13:02:42.509000,421.8838996074668,101
2024-09-19 13:02:42.514000,421.8863022476148,8
2024-09-19 13:02:42.545000,421.8472086961244,1001
2024-09-19 13:02:42.580000,421.9067685024286,12
2024-09-19 13:02:42.610000,421.8700662020423,96
2024-09-19 13:02:42.650000,421.87251636897776,1002
2024-09-19 13:02:42.673000,421.8194934185639,99
2024-09-19 13:02:42.693000,421.8995724423683,103
2024-09-19 13:02:42.735000,421.87435069700496,9
2024-09-19 13:02:42.745000,421.8509920483061,995
2024-09-19 13:02:42.755000,421.888828045742,1003
2024-09-19 13:02:42.854000,421.8469106110902,996
2024-09-19 13:02:42.895000,421.9362182758082,101
2024-09-19 13:02:42.909000,421.8792841882972,9
2024-09-19 13:02:42.928000,421.8525063689991,101
2024-09-19 13:02:42.929000,421.8289103243114,102
2024-09-19 13:02:42.984000,421.8527554525739,1003
2024-09-19 13:02:43.038000,421.819231314178,998
2024-09-19 13:02:43.042000,421.8059941639612,95
2024-09-19 13:02:43.236000,421.8044034386676,104
2024-09-19 13:02:43.311000,421.7720306994168,104
2024-09-19 13:02:43.478000,421.8327654724046,1000
2024-09-19 13:02:43.493000,421.78305933555407,102
2024-09-19 13:02:43.516000,421.7908626447944,6
2024-09-19 13:02:43.549000,421.8252163984347,8
2024-09-19 13:02:43.569000,421.74253522148587,1002
2024-09-19 13:02:43.571000,421.7738516807931,996
2024-09-19 13:02:43.669000,421.802631684398,97
2024-09-19 13:02:43.734000,421.7752836801087,101
2024-09-19 13:02:43.740000,421.7575616081693,15
2024-09-19 13:02:43.783000,421.8185300256956,1005
2024-09-19 13:02:43.784000,421.7602044650896,95
2024-09-19 13:02:43.800000,421.7975718133498,7
2024-09-19 13:02:43.852000,421.81237500485946,15
2024-09-19 13:02:43.868000,421.78019555248255,98
2024-09-19 13:02:43.905000,421.7797691103807,999
2024-09-19 13:02:43.928000,421.7644758072476,996
2024-09-19 13:02:43.989000,421.7937859224148,97
2024-09-19 13:02:44.115000,421.7603071431004,102
2024-09-19 13:02:44.308000,421.7495077286283,1004
2024-09-19 13:02:44.518000,421.7672114181101,995
2024-09-19 13:02:44.530000,421.75680930849927,11
2024-09-19 13:02:44.619000,421.7564198814984,100
2024-09-19 13:02:44.683000,421.7569969450763,1000
2024-09-19 13:02:44.780000,421.7427596414847,1005
2024-09-19 13:02:44.843000,421.7399375740642,100
2024-09-19 13:02:45,421.80717284420456,101
2024-09-19 13:02:45.060000,421.8556007691959,1000
2024-09-19 13:02:45.135000,421.7687857657791,10
2024-09-19 13:02:45.184000,421.802881936161,1000
2024-09-19 13:02:45.241000,421.8460732899666,105
2024-09-19 13:02:45.242000,421.8231001349625,1002
2024-09-19 13:02:45.267000,421.8168032922092,11
2024-09-19 13:02:45.303000,421.8451264692768,98
2024-09-19 13:02:45.326000,421.8438614939696,998
2024-09-19 13:02:45.423000,421.8385548438124,12
2024-09-19 13:02:45.427000,421.8559609616837,1004
2024-09-19 13:02:45.440000,421.83239333304186,98
2024-09-19 13:02:45.469000,421.8384715318804,1001
2024-09-19 13:02:45.561000,421.7953199759995,101
2024-09-19 13:02:45.647000,421.7958478080485,1003
2024-09-19 13:02:45.674000,421.8135251087576,5
2024-09-19 13:02:45.801000,421.8211759626951,101
2024-09-19 13:02:45.835000,421.768742823453,9
2024-09-19 13:02:45.881000,421.7834762303337,997
2024-09-19 13:02:45.930000,421.7500616435915,99
2024-09-19 13:02:45.947000,421.8412917238179,11
2024-09-19 13:02:45.954000,421.8578759993208,11
2024-09-19 13:02:45.974000,421.8389522857653,10
2024-09-19 13:02:45.982000,421.766845214652,98
2024-09-19 13:02:45.990000,421.7696102620916,1003
2024-09-19 13:02:46.116000,421.85433606111553,1002
2024-09-19 13:02:46.211000,421.872890638792,98
2024-09-19 13:02:46.216000,421.84160756437313,11
2024-09-19 13:02:46.221000,421.84850437182337,996
2024-09-19 13:02:46.231000,421.8408212862986,11
2024-09-19 13:02:46.267000,421.8505061719745,7
2024-09-19 13:02:46.329000,421.8615548583457,1005
2024-09-19 13:02:46.333000,421.8407945892714,10
2024-09-19 13:02:46.349000,421.8294999359383,1004
2024-09-19 13:02:46.439000,421.8799595421158,12
2024-09-19 13:02:46.449000,421.8357680807791,100
2024-09-19 13:02:46.451000,421.8677551942061,10
2024-09-19 13:02:46.453000,421.8392742234906,1003
2024-09-19 13:02:46.477000,421.8749524868895,995
2024-09-19 13:02:46.518000,421.863988600905,95
2024-09-19 13:02:46.535000,421.8324112471775,102
2024-09-19 13:02:46.658000,421.8642030327192,11
2024-09-19 13:02:46.749000,421.8511457864471,14
2024-09-19 13:02:46.768000,421.8240660217016,102
2024-09-19 13:02:46.798000,421.8391894535341,1000
2024-09-19 13:02:46.920000,421.8678472929016,13
2024-09-19 13:02:46.949000,421.8449152451881,6
2024-09-19 13:02:46.974000,421.8643017169268,7
2024-09-19 13:02:46.986000,421.8341232940402,997
2024-09-19 13:02:47.002000,421.8407123242819,100
2024-09-19 13:02:47.099000,421.8627961594957,1000
2024-09-19 13:02:47.208000,421.8527963266957,997
2024-09-19 13:02:47.236000,421.8681947884888,1005
2024-09-19 13:02:47.276000,421.84669636566105,105
2024-09-19 13:02:47.296000,421.8759891614265,98
2024-09-19 13:02:47.314000,421.81487130312246,105
2024-09-19 13:02:47.345000,421.8207834699609,99
2024-09-19 13:02:47.375000,421.8559086103575,8
2024-09-19 13:02:47.394000,421.8538550055957,13
2024-09-19 13:02:47.416000,421.8720294245281,95
2024-09-19 13:02:47.448000,421.8529862186193,5
2024-09-19 13:02:47.533000,421.8532175538474,1001
2024-09-19 13:02:47.631000,421.8578878522383,1003
2024-09-19 13:02:47.663000,421.854563634716,997
2024-09-19 13:02:47.671000,421.8673528302366,995
2024-09-19 13:02:47.699000,421.8552525251577,11
2024-09-19 13:02:47.699000,421.8413176235161,1005
2024-09-19 13:02:47.741000,421.8606271279853,1001
2024-09-19 13:02:47.756000,421.8562263160251,997
2024-09-19 13:02:47.840000,421.82459247453255,997
2024-09-19 13:02:47.883000,421.8643575269074,14
2024-09-19 13:02:47.988000,421.84025426123947,100
2024-09-19 13:02:48.010000,421.7409619446024,99
2024-09-19 13:02:48.047000,421.7445309228609,1000
2024-09-19 13:02:48.055000,421.78463897186055,996
2024-09-19 13:02:48.096000,421.8366118753354,100
2024-09-19 13:02:48.104000,421.82219205385314,13
2024-09-19 13:02:48.139000,421.7377909153596,1003
2024-09-19 13:02:48.143000,421.82858801539936,15
2024-09-19 13:02:48.291000,421.7547937619251,5
2024-09-19 13:02:48.358000,421.7371720194121,5
2024-09-19 13:02:48.430000,421.74273467419965,6
2024-09-19 13:02:48.442000,421.8047367639078,5
2024-09-19 13:02:48.477000,421.8114941173472,12
2024-09-19 13:02:48.483000,421.8103714932361,1000
2024-09-19 13:02:48.491000,421.78215080103433,996
2024-09-19 13:02:48.545000,421.83092512950014,97
2024-09-19 13:02:48.712000,421.7307265346382,998
2024-09-19 13:02:48.732000,421.8166884871098,97
2024-09-19 13:02:48.743000,421.7477353116161,6
2024-09-19 13:02:48.765000,421.7500875148951,95
2024-09-19 13:02:48.805000,421.7426486519408,12
2024-09-19 13:02:48.887000,421.7524799801927,104
2024-09-19 13:02:48.935000,421.7557294287832,998
2024-09-19 13:02:48.941000,421.7419047586793,1003
2024-09-19 13:02:48.952000,421.7445850819428,99
2024-09-19 13:02:48.969000,421.7534193740538,10
2024-09-19 13:02:49.036000,421.7360166252847,13
2024-09-19 13:02:49.214000,421.7349788478989,1002
2024-09-19 13:02:49.395000,421.73880065009706,10
2024-09-19 13:02:49.664000,421.73868320584825,14
2024-09-19 13:02:49.686000,421.7440354718617,13
2024-09-19 13:02:49.933000,421.7493998437215,10
2024-09-19 13:02:49.943000,421.7399003033388,5
2024-09-19 13:02:49.966000,421.7274901826167,1004
2024-09-19 13:02:49.972000,421.7478033209411,97
2024-09-19 13:02:50.020000,421.7662251661576,102
2024-09-19 13:02:50.049000,421.7753294540847,12
2024-09-19 13:02:50.095000,421.7625226748042,99
2024-09-19 13:02:50.145000,421.7805963039038,9
2024-09-19 13:02:50.255000,421.7700421100681,95
2024-09-19 13:02:50.259000,421.7927483052053,15
2024-09-19 13:02:50.306000,421.7898543337644,6
2024-09-19 13:02:50.308000,421.78273401402106,13
2024-09-19 13:02:50.337000,421.7989915895394,95
2024-09-19 13:02:50.426000,421.7668739323978,1004
2024-09-19 13:02:50.477000,421.76911781526667,8
2024-09-19 13:02:50.490000,421.7756811897586,1002
2024-09-19 13:02:50.515000,421.7755803525753,96
2024-09-19 13:02:50.525000,421.7520923715143,102
2024-09-19 13:02:50.570000,421.7819080986768,1002
2024-09-19 13:02:50.580000,421.7868654049095,1002
2024-09-19 13:02:50.721000,421.7652830117213,10
2024-09-19 13:02:50.768000,421.7657975613949,1003
2024-09-19 13:02:50.834000,421.7534952626624,1003
2024-09-19 13:02:50.914000,421.7716209849437,105
2024-09-19 13:02:50.934000,421.80964904526894,98
2024-09-19 13:02:50.939000,421.7796298728677,102
2024-09-19 13:02:50.947000,421.7586507606136,9
2024-09-19 13:02:50.962000,421.8008603208265,104
2024-09-19 13:02:50.979000,421.7536715010616,6
2024-09-19 13:02:50.979000,421.7612487249468,9
2024-09-19 13:02:51.057000,421.8231028572423,1001
2024-09-19 13:02:51.128000,421.8926683176561,8
2024-09-19 13:02:51.185000,421.8919963423917,997
2024-09-19 13:02:51.238000,421.86545411207567,95
2024-09-19 13:02:51.245000,421.8704444365295,995
2024-09-19 13:02:51.318000,421.8484948111724,104
2024-09-19 13:02:51.326000,421.84982868986856,95
2024-09-19 13:02:51.340000,421.9102975972001,96
2024-09-19 13:02:51.346000,421.9129866386781,97
2024-09-19 13:02:51.347000,421.8539147773145,9
2024-09-19 13:02:51.380000,421.9107273671544,10
2024-09-19 13:02:51.410000,421.8616331413845,99
2024-09-19 13:02:51.448000,421.89271907335234,15
2024-09-19 13:02:51.466000,421.8524619040354,105
2024-09-19 13:02:51.485000,421.8229658662272,1002
2024-09-19 13:02:51.502000,421.89903256661535,1004
2024-09-19 13:02:51.592000,421.8697973265388,105
2024-09-19 13:02:51.601000,421.8141533882624,103
2024-09-19 13:02:51.604000,421.9236476112906,97
2024-09-19 13:02:51.624000,421.9277935868828,996
2024-09-19 13:02:51.701000,421.8513297679978,998
2024-09-19 13:02:51.725000,421.8581957194456,999
2024-09-19 13:02:51.807000,421.8309144579421,103
2024-09-19 13:02:51.884000,421.8205375145909,1005
2024-09-19 13:02:51.948000,421.8548769414768,102
2024-09-19 13:02:51.972000,421.8333262059209,96
2024-09-19 13:02:52.646000,421.9157745362754,12
2024-09-19 13:02:52.659000,421.9102725317086,996
2024-09-19 13:02:52.755000,421.910719981768,104
2024-09-19 13:02:53.015000,421.942018413634,1002
2024-09-19 13:02:53.032000,421.9506882035549,105
2024-09-19 13:02:53.044000,421.8386386042085,1004
2024-09-19 13:02:53.056000,421.9159046437078,999
2024-09-19 13:02:53.095000,421.9400114371024,1005
2024-09-19 13:02:53.097000,421.9361850401685,10
2024-09-19 13:02:53.110000,421.9059808852659,96
2024-09-19 13:02:53.149000,421.9608852368407,101
2024-09-19 13:02:53.189000,421.8721047494743,95
2024-09-19 13:02:53.324000,421.9008763688754,13
2024-09-19 13:02:53.465000,421.8998425060707,96
2024-09-19 13:02:53.466000,421.949211016083,15
2024-09-19 13:02:53.477000,421.9367631353768,14
2024-09-19 13:02:53.492000,421.9422585957989,1001
2024-09-19 13:02:53.566000,421.94797541306735,999
2024-09-19 13:02:53.588000,421.9177737539944,15
2024-09-19 13:02:53.607000,421.8538541561234,99
2024-09-19 13:02:53.620000,421.86929835098175,995
2024-09-19 13:02:53.723000,421.8839620004178,98
2024-09-19 13:02:53.842000,421.8683418216541,105
2024-09-19 13:02:54.025000,421.80848303022816,9
2024-09-19 13:02:54.061000,421.853517497465,95
2024-09-19 13:02:54.202000,421.8354962899165,12
2024-09-19 13:02:54.224000,421.83385898601074,102
2024-09-19 13:02:54.292000,421.8345371421623,1005
2024-09-19 13:02:54.347000,421.82569916877617,6
2024-09-19 13:02:54.394000,421.8174121692225,1003
2024-09-19 13:02:54.404000,421.808621737518,9
2024-09-19 13:02:54.412000,421.834831890218,5
2024-09-19 13:02:54.413000,421.84395807918526,1004
2024-09-19 13:02:54.433000,421.81375226341896,12
2024-09-19 13:02:54.435000,421.8186162187032,95
2024-09-19 13:02:54.465000,421.79954375108446,103
2024-09-19 13:02:54.488000,421.8277195516624,97
2024-09-19 13:02:54.493000,421.8277696085576,15
2024-09-19 13:02:54.500000,421.84475595611457,5
2024-09-19 13:02:54.521000,421.83868653950935,999
2024-09-19 13:02:54.522000,421.7938077401459,100
2024-09-19 13:02:54.608000,421.822872511767,11
2024-09-19 13:02:54.624000,421.81865734478833,104
2024-09-19 13:02:54.751000,421.79930003725343,98
2024-09-19 13:02:54.773000,421.8233945925443,101
2024-09-19 13:02:54.806000,421.8453518324345,103
2024-09-19 13:02:54.918000,421.8039172321171,997
2024-09-19 13:02:54.927000,421.8328484117385,995
2024-09-19 13:02:54.941000,421.787905114146,96
2024-09-19 13:02:55.049000,421.9109251197894,998
2024-09-19 13:02:55.070000,421.91045180648257,995
2024-09-19 13:02:55.147000,421.9033583029638,7
2024-09-19 13:02:55.170000,421.87030231383767,95
2024-09-19 13:02:55.292000,421.9343913119096,1005
2024-09-19 13:02:55.299000,421.8662211302382,996
2024-09-19 13:02:55.354000,421.9246939159259,6
2024-09-19 13:02:55.368000,421.8298304446205,11
2024-09-19 13:02:55.371000,421.88024482018176,100
2024-09-19 13:02:55.391000,421.9230448069847,99
2024-09-19 13:02:55.453000,421.8650462231144,1004
2024-09-19 13:02:55.498000,421.8368166566781,101
2024-09-19 13:02:55.540000,421.8527234177016,1005
2024-09-19 13:02:55.566000,421.8634489765756,103
2024-09-19 13:02:55.579000,421.8639121067518,7
2024-09-19 13:02:55.632000,421.86320579217136,995
2024-09-19 13:02:55.664000,421.9094587563089,12
2024-09-19 13:02:55.681000,421.8351037083597,1005
2024-09-19 13:02:55.687000,421.85278618415225,1001
2024-09-19 13:02:55.728000,421.83478776226497,997
2024-09-19 13:02:55.748000,421.89779078996605,9
2024-09-19 13:02:55.762000,421.8967362179761,999
2024-09-19 13:02:55.764000,421.8525571267069,13
2024-09-19 13:02:55.784000,421.8771186110095,11
2024-09-19 13:02:55.787000,421.90297702749695,14
2024-09-19 13:02:55.839000,421.9216753031464,8
2024-09-19 13:02:55.920000,421.93082409564016,1003
2024-09-19 13:02:57.142000,421.8843542128538,5
2024-09-19 13:02:57.262000,421.8850698947127,5
2024-09-19 13:02:57.326000,421.8924169504207,103
2024-09-19 13:02:57.343000,421.8966251764423,96
2024-09-19 13:02:57.531000,421.885818806277,95
2024-09-19 13:02:57.578000,421.8947228667823,1002
2024-09-19 13:02:57.658000,421.8824711347965,102
2024-09-19 13:02:57.661000,421.8817480653216,8
2024-09-19 13:02:57.767000,421.8834803472548,100
2024-09-19 13:02:57.987000,421.8959552994463,103
2024-09-19 13:02:58.015000,421.89252009917743,999
2024-09-19 13:02:58.017000,421.9016201173695,1004
2024-09-19 13:02:58.088000,421.8788948804148,98
2024-09-19 13:02:58.146000,421.9233534414354,14
2024-09-19 13:02:58.147000,421.8917330772607,8
2024-09-19 13:02:58.158000,421.8891382526214,996
2024-09-19 13:02:58.228000,421.8884315666693,1004
2024-09-19 13:02:58.231000,421.9303791008236,101
2024-09-19 13:02:58.280000,421.902404307582,99
2024-09-19 13:02:58.309000,421.9301655993472,999
2024-09-19 13:02:58.332000,421.87731145292565,1002
2024-09-19 13:02:58.354000,421.899674415049,103
2024-09-19 13:02:58.417000,421.92094461948864,103
2024-09-19 13:02:58.425000,421.922047811666,99
2024-09-19 13:02:58.634000,421.90750795344206,1001
2024-09-19 13:02:58.642000,421.9066879336212,5
2024-09-19 13:02:58.648000,421.94061286827736,1005
2024-09-19 13:02:58.720000,421.9352629477952,99
2024-09-19 13:02:58.738000,421.90328547228427,1004
2024-09-19 13:02:58.811000,421.88224032420266,105
2024-09-19 13:02:58.818000,421.90051030691353,102
2024-09-19 13:02:58.939000,421.9472232904895,99
2024-09-19 13:02:58.955000,421.8962143320643,999
2024-09-19 13:02:58.978000,421.9336052903098,103
2024-09-19 13:02:59.029000,421.8542304137888,1003
2024-09-19 13:02:59.032000,421.8640773759242,97
2024-09-19 13:02:59.151000,421.9150029338456,6
2024-09-19 13:02:59.156000,421.8373119631341,15
2024-09-19 13:02:59.175000,421.8163338096431,995
2024-09-19 13:02:59.215000,421.8169796608275,999
2024-09-19 13:02:59.270000,421.9108806682552,9
2024-09-19 13:02:59.305000,421.89036618095713,101
2024-09-19 13:02:59.330000,421.8519516736176,11
2024-09-19 13:02:59.509000,421.8738260028193,997
2024-09-19 13:02:59.560000,421.8211448344414,1004
2024-09-19 13:02:59.561000,421.8397152010098,10
2024-09-19 13:02:59.614000,421.894065357794,1005
2024-09-19 13:02:59.644000,421.9148366112604,100
2024-09-19 13:02:59.664000,421.8511232435361,12
2024-09-19 13:02:59.690000,421.8481124691111,5
2024-09-19 13:02:59.743000,421.90276032241417,14
2024-09-19 13:02:59.897000,421.85987079920005,995
2024-09-19 13:02:59.924000,421.859751057349,104
2024-09-19 13:02:59.989000,421.804594255048,5
2024-09-19 13:02:59.993000,421.90485327696894,9
