Timestamp,Price,Size
2024-09-20 11:21:01.026000,425.9884511715638,103
2024-09-20 11:21:01.044000,426.02543442839954,998
2024-09-20 11:21:01.048000,426.0508633239392,96
2024-09-20 11:21:01.120000,425.9870265265079,6
2024-09-20 11:21:01.166000,426.0359007850252,11
2024-09-20 11:21:01.226000,426.0220300628162,15
2024-09-20 11:21:01.264000,426.0002044393727,99
2024-09-20 11:21:01.278000,426.0011896165918,15
2024-09-20 11:21:01.295000,426.0543041430814,12
2024-09-20 11:21:01.315000,426.04347113783024,95
2024-09-20 11:21:01.329000,426.0038298763256,5
2024-09-20 11:21:01.334000,425.9902743702111,999
2024-09-20 11:21:01.436000,425.9816668509122,101
2024-09-20 11:21:01.484000,426.033082981995,998
2024-09-20 11:21:01.495000,425.98861739267113,97
2024-09-20 11:21:01.503000,425.9847139517212,999
2024-09-20 11:21:01.533000,425.9960416736385,6
2024-09-20 11:21:01.537000,425.9760643513883,97
2024-09-20 11:21:01.549000,425.9774339294953,8
2024-09-20 11:21:01.612000,426.0284580562741,95
2024-09-20 11:21:01.616000,426.0259239149736,95
2024-09-20 11:21:01.708000,425.9647847927964,14
2024-09-20 11:21:01.817000,425.9946976317212,101
2024-09-20 11:21:01.850000,425.9793456288993,7
2024-09-20 11:21:01.865000,425.9987019024591,999
2024-09-20 11:21:01.871000,426.0175918389902,105
2024-09-20 11:21:01.957000,426.0074671260158,14
2024-09-20 11:21:01.983000,426.0212478386413,1002
2024-09-20 11:21:02.026000,425.8787525530207,98
2024-09-20 11:21:02.026000,425.9344811142254,997
2024-09-20 11:21:02.043000,425.9442716276775,100
2024-09-20 11:21:02.174000,425.92856629641005,996
2024-09-20 11:21:02.218000,425.8670173365927,102
2024-09-20 11:21:02.240000,425.9760623674754,102
2024-09-20 11:21:02.267000,425.8833332874954,1000
2024-09-20 11:21:02.276000,425.92764980342,14
2024-09-20 11:21:02.282000,425.9583487103265,6
2024-09-20 11:21:02.301000,425.9740514084694,998
2024-09-20 11:21:02.349000,425.87050990655206,14
2024-09-20 11:21:02.368000,425.9403080052958,101
2024-09-20 11:21:02.374000,425.8795163034024,95
2024-09-20 11:21:02.387000,425.973880365045,99
2024-09-20 11:21:02.440000,425.9227979337772,1004
2024-09-20 11:21:02.483000,425.8739503586281,103
2024-09-20 11:21:02.517000,425.9537944239806,9
2024-09-20 11:21:02.520000,425.93544645179225,103
2024-09-20 11:21:02.527000,425.9330161152592,99
2024-09-20 11:21:02.541000,425.957050425903,13
2024-09-20 11:21:02.599000,425.961931957842,10
2024-09-20 11:21:02.681000,425.9387065482367,9
2024-09-20 11:21:02.735000,425.87055428232856,99
2024-09-20 11:21:02.851000,425.9249694013922,104
2024-09-20 11:21:02.952000,425.8751566613013,8
2024-09-20 11:21:02.978000,425.8815708745021,8
2024-09-20 11:21:02.999000,425.9485415518771,98
2024-09-20 11:21:03.227000,425.890056271685,99
2024-09-20 11:21:03.262000,425.8966096213363,103
2024-09-20 11:21:03.560000,425.8984745955499,1003
2024-09-20 11:21:03.761000,425.8709909936596,98
2024-09-20 11:21:03.796000,425.89020081781706,1001
2024-09-20 11:21:03.869000,425.888797638698,1003
2024-09-20 11:21:03.950000,425.8854586131305,1005
2024-09-20 11:21:05.123000,425.904381327912,12
2024-09-20 11:21:05.313000,425.9051526295011,9
2024-09-20 11:21:05.407000,425.903387324808,999
2024-09-20 11:21:05.654000,425.89523242312055,99
2024-09-20 11:21:05.712000,425.89559391663374,1000
2024-09-20 11:21:05.929000,425.8973783347832,99
2024-09-20 11:21:06.025000,425.9482577972543,9
2024-09-20 11:21:06.062000,425.8818186718982,9
2024-09-20 11:21:06.141000,426.0391124135328,15
2024-09-20 11:21:06.159000,425.9513217578724,999
2024-09-20 11:21:06.201000,425.85757712018,6
2024-09-20 11:21:06.217000,426.0051942664752,11
2024-09-20 11:21:06.225000,425.89150466876976,5
2024-09-20 11:21:06.273000,426.0351852482682,101
2024-09-20 11:21:06.274000,425.9580110750096,6
2024-09-20 11:21:06.289000,426.0335895727122,97
2024-09-20 11:21:06.356000,425.96803103425816,995
2024-09-20 11:21:06.379000,426.0403476898327,97
2024-09-20 11:21:06.435000,425.8825537577616,97
2024-09-20 11:21:06.444000,425.9024705531025,15
2024-09-20 11:21:06.475000,425.86304028230455,1002
2024-09-20 11:21:06.502000,425.9439184356624,1003
2024-09-20 11:21:06.504000,425.9743000701136,1002
2024-09-20 11:21:06.616000,425.8991134225225,996
2024-09-20 11:21:06.634000,425.8947409473205,1005
2024-09-20 11:21:06.671000,425.88617206338506,96
2024-09-20 11:21:06.680000,426.0403097366804,13
2024-09-20 11:21:06.765000,426.0384355191991,104
2024-09-20 11:21:06.814000,425.8674471039212,995
2024-09-20 11:21:06.817000,425.8581501127514,1002
2024-09-20 11:21:06.894000,426.0416156304841,9
2024-09-20 11:21:06.913000,425.8859014996162,6
2024-09-20 11:21:06.959000,426.02025945100473,1001
2024-09-20 11:21:07,426.0696090651471,997
2024-09-20 11:21:07.003000,426.0770758592963,12
2024-09-20 11:21:07.022000,426.05119117221886,100
2024-09-20 11:21:07.104000,426.0821289391604,1002
2024-09-20 11:21:07.105000,426.08072239375696,96
2024-09-20 11:21:07.126000,426.0516969263493,5
2024-09-20 11:21:07.130000,426.1042379136631,15
2024-09-20 11:21:07.165000,426.0582091080584,8
2024-09-20 11:21:07.189000,426.1211399951412,102
2024-09-20 11:21:07.211000,426.0978989687725,99
2024-09-20 11:21:07.259000,426.0558186555813,97
2024-09-20 11:21:07.301000,426.1234762449426,7
2024-09-20 11:21:07.304000,426.0799664215271,100
2024-09-20 11:21:07.350000,426.1025029414712,996
2024-09-20 11:21:07.357000,426.09064433043153,997
2024-09-20 11:21:07.420000,426.0784288840697,1002
2024-09-20 11:21:07.471000,426.1237029709238,5
2024-09-20 11:21:07.549000,426.11021509638215,101
2024-09-20 11:21:07.585000,426.07309410927934,1002
2024-09-20 11:21:07.630000,426.0722510120122,14
2024-09-20 11:21:07.719000,426.029331664128,9
2024-09-20 11:21:07.751000,426.09284494130975,10
2024-09-20 11:21:07.784000,426.05494066804977,998
2024-09-20 11:21:07.797000,426.1211388269422,1001
2024-09-20 11:21:07.856000,426.0559103167121,12
2024-09-20 11:21:07.895000,426.0924608921999,997
2024-09-20 11:21:07.901000,426.0589220722828,12
2024-09-20 11:21:07.937000,426.12377520990185,1002
2024-09-20 11:21:07.963000,426.1039012086345,12
2024-09-20 11:21:08.224000,426.08973625973937,997
2024-09-20 11:21:08.308000,426.0739123082876,13
2024-09-20 11:21:08.571000,426.0935621694309,104
2024-09-20 11:21:08.919000,426.0911746089873,999
2024-09-20 11:21:08.948000,426.0998079541027,996
2024-09-20 11:21:09,426.1357329680465,100
2024-09-20 11:21:09.239000,426.0992148154676,5
2024-09-20 11:21:09.579000,426.124145541834,100
2024-09-20 11:21:09.611000,426.1634868277419,100
2024-09-20 11:21:09.746000,426.1425623986874,1004
2024-09-20 11:21:09.764000,426.1630944690208,96
2024-09-20 11:21:09.924000,426.15257476642097,97
2024-09-20 11:21:10.022000,426.1904876949208,1000
2024-09-20 11:21:10.078000,426.1043062381434,11
2024-09-20 11:21:10.085000,426.1316072306929,97
2024-09-20 11:21:10.128000,426.1220528971119,1003
2024-09-20 11:21:10.139000,426.1292852182089,9
2024-09-20 11:21:10.150000,426.1144256799627,103
2024-09-20 11:21:10.156000,426.1442783333553,97
2024-09-20 11:21:10.187000,426.1030179044135,1005
2024-09-20 11:21:10.217000,426.1106103397395,9
2024-09-20 11:21:10.245000,426.1704022069715,8
2024-09-20 11:21:10.267000,426.1522063305879,97
2024-09-20 11:21:10.301000,426.1189559637239,95
2024-09-20 11:21:10.321000,426.1231037270229,96
2024-09-20 11:21:10.322000,426.10990786750034,13
2024-09-20 11:21:10.342000,426.0982975930888,5
2024-09-20 11:21:10.423000,426.1164231552282,100
2024-09-20 11:21:10.444000,426.10444775026417,99
2024-09-20 11:21:10.490000,426.1834418842533,100
2024-09-20 11:21:10.496000,426.173256679666,7
2024-09-20 11:21:10.546000,426.13897434329226,97
2024-09-20 11:21:10.549000,426.13249623449775,997
2024-09-20 11:21:10.640000,426.12230316195,96
2024-09-20 11:21:10.645000,426.165979989812,997
2024-09-20 11:21:10.646000,426.09026013855424,6
2024-09-20 11:21:10.700000,426.1622937646814,100
2024-09-20 11:21:10.728000,426.11209901803664,12
2024-09-20 11:21:10.894000,426.1108884291167,98
2024-09-20 11:21:10.954000,426.1048422216238,14
2024-09-20 11:21:10.966000,426.16282002934855,102
2024-09-20 11:21:10.966000,426.1368241257446,7
2024-09-20 11:21:11.048000,426.1944174164565,11
2024-09-20 11:21:11.329000,426.1877700361084,100
2024-09-20 11:21:11.612000,426.19480632705967,997
2024-09-20 11:21:11.667000,426.1988580144185,6
2024-09-20 11:21:12.008000,426.10071686052447,1001
2024-09-20 11:21:12.120000,426.1235543667237,104
2024-09-20 11:21:12.124000,426.08915868849226,105
2024-09-20 11:21:12.178000,426.1643044164188,100
2024-09-20 11:21:12.335000,426.0978956673788,98
2024-09-20 11:21:12.354000,426.14753250281495,101
2024-09-20 11:21:12.364000,426.10620190007216,13
2024-09-20 11:21:12.367000,426.1058727920578,14
2024-09-20 11:21:12.395000,426.1100701532105,1005
2024-09-20 11:21:12.398000,426.1084822466563,996
2024-09-20 11:21:12.441000,426.1582545623895,96
2024-09-20 11:21:12.501000,426.1199744266105,97
2024-09-20 11:21:12.536000,426.1769353228178,99
2024-09-20 11:21:12.618000,426.1272792959511,1005
2024-09-20 11:21:12.644000,426.1633752377834,103
2024-09-20 11:21:12.651000,426.1247788543739,11
2024-09-20 11:21:12.777000,426.1679539034226,100
2024-09-20 11:21:12.790000,426.1121926939903,97
2024-09-20 11:21:12.795000,426.1614960853535,101
2024-09-20 11:21:12.876000,426.1759097457995,1002
2024-09-20 11:21:12.881000,426.1855827234596,102
2024-09-20 11:21:12.898000,426.0963025427341,10
2024-09-20 11:21:12.900000,426.1051351306447,5
2024-09-20 11:21:12.930000,426.1481391092784,102
2024-09-20 11:21:12.934000,426.0966784319138,102
2024-09-20 11:21:12.955000,426.0988168644553,96
2024-09-20 11:21:13.100000,426.0831367831181,97
2024-09-20 11:21:13.182000,426.1321221364689,100
2024-09-20 11:21:13.194000,426.1515024512408,1003
2024-09-20 11:21:13.366000,426.1399950112241,995
2024-09-20 11:21:13.396000,426.15460970802354,103
2024-09-20 11:21:13.400000,426.1274432766704,1000
2024-09-20 11:21:13.410000,426.1361366860478,1003
2024-09-20 11:21:13.630000,426.0819399648075,999
2024-09-20 11:21:13.683000,426.0825485875645,11
2024-09-20 11:21:13.690000,426.0995740603491,1003
2024-09-20 11:21:13.751000,426.1240537298271,99
2024-09-20 11:21:13.801000,426.1452992698697,1003
2024-09-20 11:21:13.818000,426.1335389145618,14
2024-09-20 11:21:13.913000,426.1714115355133,5
2024-09-20 11:21:14.151000,426.1303213253497,105
2024-09-20 11:21:14.178000,426.1372554391183,995
2024-09-20 11:21:14.183000,426.1034844025493,14
2024-09-20 11:21:14.307000,426.08811099521046,996
2024-09-20 11:21:14.342000,426.1317691337589,7
2024-09-20 11:21:14.349000,426.12765574417136,13
2024-09-20 11:21:14.398000,426.1468079749415,14
2024-09-20 11:21:14.503000,426.0950872263104,97
2024-09-20 11:21:14.520000,426.1401749382236,1004
2024-09-20 11:21:14.522000,426.10781864646617,998
2024-09-20 11:21:14.567000,426.1513167366238,1001
2024-09-20 11:21:14.589000,426.1066375714296,100
2024-09-20 11:21:14.596000,426.1561824906413,97
2024-09-20 11:21:14.669000,426.1191084751599,12
2024-09-20 11:21:14.686000,426.134314713158,15
2024-09-20 11:21:14.759000,426.1085822592301,999
2024-09-20 11:21:14.795000,426.1486063984317,1003
2024-09-20 11:21:14.854000,426.1323580052292,14
2024-09-20 11:21:14.859000,426.0948742993257,7
2024-09-20 11:21:14.903000,426.1058197994259,6
2024-09-20 11:21:15.085000,426.09308954456833,99
2024-09-20 11:21:15.154000,426.09070251724296,8
2024-09-20 11:21:15.156000,426.099200336355,8
2024-09-20 11:21:15.231000,426.0862005123232,105
2024-09-20 11:21:15.271000,426.14368795700346,15
2024-09-20 11:21:15.285000,426.0903727093658,103
2024-09-20 11:21:15.384000,426.09483276958144,7
2024-09-20 11:21:15.424000,426.1117268114047,11
2024-09-20 11:21:15.506000,426.08026901689766,999
2024-09-20 11:21:15.511000,426.10786818434246,95
2024-09-20 11:21:15.524000,426.1217262850709,996
2024-09-20 11:21:15.599000,426.1067900095726,997
2024-09-20 11:21:15.618000,426.1495528920787,999
2024-09-20 11:21:15.622000,426.097583727203,11
2024-09-20 11:21:15.733000,426.0864455150093,105
2024-09-20 11:21:15.842000,426.0974837014403,100
2024-09-20 11:21:15.919000,426.1154456930444,1005
2024-09-20 11:21:15.938000,426.1438377183632,95
2024-09-20 11:21:15.990000,426.0959277180969,998
2024-09-20 11:21:16.005000,426.1767297228208,997
2024-09-20 11:21:16.012000,426.21866020782153,98
2024-09-20 11:21:16.021000,426.17749202961033,6
2024-09-20 11:21:16.027000,426.1808176887681,97
2024-09-20 11:21:16.072000,426.1976319894269,1001
2024-09-20 11:21:16.086000,426.17645893765854,15
2024-09-20 11:21:16.147000,426.22084633192816,95
2024-09-20 11:21:16.210000,426.181679181245,102
2024-09-20 11:21:16.264000,426.2174071441649,995
2024-09-20 11:21:16.326000,426.16524553073145,1001
2024-09-20 11:21:16.340000,426.192778914029,1001
2024-09-20 11:21:16.348000,426.1969327376193,5
2024-09-20 11:21:16.372000,426.2092066642924,103
2024-09-20 11:21:16.380000,426.2112532875776,996
2024-09-20 11:21:16.382000,426.202220968249,100
2024-09-20 11:21:16.413000,426.1693484196316,1001
2024-09-20 11:21:16.549000,426.1839198021125,1000
2024-09-20 11:21:16.601000,426.1665058003398,12
2024-09-20 11:21:16.613000,426.1725942110696,995
2024-09-20 11:21:16.642000,426.1841443652109,13
2024-09-20 11:21:16.651000,426.19567215188965,100
2024-09-20 11:21:16.716000,426.2102937910839,99
2024-09-20 11:21:16.724000,426.1777022756692,9
2024-09-20 11:21:16.744000,426.1767861957807,995
2024-09-20 11:21:16.971000,426.1986656826812,14
2024-09-20 11:21:17.041000,426.1607422199988,1005
2024-09-20 11:21:17.073000,426.1685604649444,97
2024-09-20 11:21:17.075000,426.1643924077179,5
2024-09-20 11:21:17.139000,426.1687786324223,14
2024-09-20 11:21:17.174000,426.1889153508137,14
2024-09-20 11:21:17.200000,426.16563599697207,10
2024-09-20 11:21:17.228000,426.1799267232733,1004
2024-09-20 11:21:17.296000,426.1531023356674,12
2024-09-20 11:21:17.296000,426.1690267169228,6
2024-09-20 11:21:17.476000,426.14710845794696,104
2024-09-20 11:21:17.482000,426.1892525643353,101
2024-09-20 11:21:17.528000,426.17636061195776,999
2024-09-20 11:21:17.548000,426.1498625918006,13
2024-09-20 11:21:17.560000,426.1546350339436,15
2024-09-20 11:21:17.562000,426.1883631355839,102
2024-09-20 11:21:17.570000,426.1654175835955,1002
2024-09-20 11:21:17.597000,426.1722040763083,5
2024-09-20 11:21:17.621000,426.1594426667655,997
2024-09-20 11:21:17.679000,426.16786955628334,1000
2024-09-20 11:21:17.690000,426.1767270877085,13
2024-09-20 11:21:17.709000,426.1939790792116,13
2024-09-20 11:21:17.809000,426.1816106367494,5
2024-09-20 11:21:17.859000,426.15141824560646,1005
2024-09-20 11:21:17.881000,426.16172500466496,15
2024-09-20 11:21:17.998000,426.1604890723644,14
2024-09-20 11:21:18.023000,426.1882898243919,997
2024-09-20 11:21:18.056000,426.1935786241103,15
2024-09-20 11:21:18.106000,426.1970699580929,999
2024-09-20 11:21:18.205000,426.1889801547172,1000
2024-09-20 11:21:18.419000,426.2010908204073,1005
2024-09-20 11:21:18.439000,426.1885409454172,97
2024-09-20 11:21:18.472000,426.1832782897416,5
2024-09-20 11:21:18.522000,426.1887300325608,15
2024-09-20 11:21:18.642000,426.17238903214616,14
2024-09-20 11:21:18.686000,426.19733985379577,1000
2024-09-20 11:21:18.754000,426.1890564852129,98
2024-09-20 11:21:18.837000,426.18839156008255,99
2024-09-20 11:21:18.849000,426.20519329773487,96
2024-09-20 11:21:18.974000,426.1922604757453,96
2024-09-20 11:21:19.075000,426.1844980329062,97
2024-09-20 11:21:19.185000,426.1508301062436,99
2024-09-20 11:21:19.234000,426.1951812875682,14
2024-09-20 11:21:19.250000,426.1687176513246,104
2024-09-20 11:21:19.252000,426.21695952703885,1003
2024-09-20 11:21:19.312000,426.2299985844793,15
2024-09-20 11:21:19.332000,426.1991757394785,995
2024-09-20 11:21:19.422000,426.2089072629692,102
2024-09-20 11:21:19.515000,426.1673800956872,11
2024-09-20 11:21:19.678000,426.179751997046,997
2024-09-20 11:21:19.763000,426.17819992093786,1003
2024-09-20 11:21:19.797000,426.2271357941145,998
2024-09-20 11:21:19.840000,426.1967315385135,13
2024-09-20 11:21:19.947000,426.18958126722896,103
2024-09-20 11:21:19.947000,426.1758192678503,97
2024-09-20 11:21:19.986000,426.22414044567626,12
2024-09-20 11:21:20.048000,426.2278394554364,1002
2024-09-20 11:21:20.066000,426.1820385429105,95
2024-09-20 11:21:20.158000,426.2223828158528,10
2024-09-20 11:21:20.247000,426.1937942511465,102
2024-09-20 11:21:20.280000,426.1952767966776,15
2024-09-20 11:21:20.476000,426.2297882919394,9
2024-09-20 11:21:20.606000,426.2341471104426,1001
2024-09-20 11:21:20.663000,426.1977416455278,104
2024-09-20 11:21:20.989000,426.23048118543136,98
2024-09-20 11:21:21.135000,426.228410944814,97
2024-09-20 11:21:21.150000,426.0197918361707,104
2024-09-20 11:21:21.169000,426.0502387836256,8
2024-09-20 11:21:21.257000,426.1105342769656,15
2024-09-20 11:21:21.276000,426.1951034776754,103
2024-09-20 11:21:21.289000,426.1621519922552,97
2024-09-20 11:21:21.289000,426.184126468329,7
2024-09-20 11:21:21.320000,426.0651129696256,995
2024-09-20 11:21:21.334000,426.04992543817696,101
2024-09-20 11:21:21.359000,426.1417775907242,997
2024-09-20 11:21:21.431000,426.2016196005763,6
2024-09-20 11:21:21.453000,426.2114749459813,100
2024-09-20 11:21:21.492000,426.0475883578791,105
2024-09-20 11:21:21.515000,426.0346556560698,96
2024-09-20 11:21:21.530000,426.19670584741095,998
2024-09-20 11:21:21.683000,426.2393028606618,995
2024-09-20 11:21:21.701000,426.101501158366,99
2024-09-20 11:21:21.761000,426.15049288931135,996
2024-09-20 11:21:21.807000,426.1993979731936,1003
2024-09-20 11:21:21.833000,426.2097988338217,995
2024-09-20 11:21:21.857000,426.21546299359807,997
2024-09-20 11:21:22.587000,426.0227278671984,1005
2024-09-20 11:21:24.132000,426.00773918914,98
2024-09-20 11:21:24.313000,426.02904120235934,10
2024-09-20 11:21:24.392000,426.03278776161466,9
2024-09-20 11:21:24.448000,426.0293247713453,102
2024-09-20 11:21:24.542000,426.0423191501969,102
2024-09-20 11:21:24.568000,426.04860594691627,1003
2024-09-20 11:21:24.652000,425.99164536509664,102
2024-09-20 11:21:24.674000,426.0267836464717,8
2024-09-20 11:21:24.688000,426.00177169869926,96
2024-09-20 11:21:24.707000,426.0390464795504,1005
2024-09-20 11:21:24.761000,426.01618686786935,100
2024-09-20 11:21:24.795000,425.995307070282,102
2024-09-20 11:21:24.842000,426.0337539348862,12
2024-09-20 11:21:24.877000,426.01354843007766,1003
2024-09-20 11:21:24.968000,426.0200004814987,97
2024-09-20 11:21:24.992000,426.02561844576087,996
2024-09-20 11:21:26.278000,426.02540344089294,8
2024-09-20 11:21:27.010000,426.044431078774,104
2024-09-20 11:21:27.029000,426.02386959935296,14
2024-09-20 11:21:27.082000,426.04996616441855,103
2024-09-20 11:21:27.213000,426.0524395278119,6
2024-09-20 11:21:27.221000,426.059355569281,7
2024-09-20 11:21:27.241000,426.0554752937788,11
2024-09-20 11:21:27.388000,426.0436628488353,96
2024-09-20 11:21:27.403000,426.0497849739548,97
2024-09-20 11:21:27.432000,426.0327928016125,1000
2024-09-20 11:21:27.563000,426.06994108858765,12
2024-09-20 11:21:27.565000,426.0239055938415,14
2024-09-20 11:21:27.592000,426.04091387442855,10
2024-09-20 11:21:27.634000,426.0495504217516,12
2024-09-20 11:21:27.637000,426.06957918950417,97
2024-09-20 11:21:27.684000,426.06395797569314,1001
2024-09-20 11:21:27.689000,426.0405698805153,9
2024-09-20 11:21:27.726000,426.0749308144234,99
2024-09-20 11:21:27.730000,426.0645911958542,1001
2024-09-20 11:21:27.744000,426.0589262149103,995
2024-09-20 11:21:27.833000,426.0559189272364,6
2024-09-20 11:21:27.843000,426.0292365806323,105
2024-09-20 11:21:27.883000,426.058007532448,14
2024-09-20 11:21:27.908000,426.0602055937097,101
2024-09-20 11:21:27.924000,426.04457598114215,105
2024-09-20 11:21:27.951000,426.0314457930534,1001
2024-09-20 11:21:28.022000,426.0763928861455,1004
2024-09-20 11:21:28.054000,426.07801063736,995
2024-09-20 11:21:28.147000,426.0799897214962,9
2024-09-20 11:21:28.330000,426.0610903368994,6
2024-09-20 11:21:28.350000,426.0836953666471,995
2024-09-20 11:21:28.355000,426.0793563127264,995
2024-09-20 11:21:28.372000,426.0615716725698,99
2024-09-20 11:21:28.418000,426.05574158627087,7
2024-09-20 11:21:28.520000,426.04399676151866,99
2024-09-20 11:21:28.616000,426.07413998023833,97
2024-09-20 11:21:28.694000,426.0648728257196,7
2024-09-20 11:21:28.726000,426.0666014096124,6
2024-09-20 11:21:28.744000,426.0741408124471,6
2024-09-20 11:21:28.756000,426.06902569292913,996
2024-09-20 11:21:28.870000,426.0851026784717,105
2024-09-20 11:21:29.138000,426.02219063865647,97
2024-09-20 11:21:29.148000,426.040881507505,8
2024-09-20 11:21:29.295000,426.0564124975105,996
2024-09-20 11:21:29.303000,426.0476865512732,995
2024-09-20 11:21:29.329000,426.0445427156735,11
2024-09-20 11:21:29.345000,426.0331599882673,997
2024-09-20 11:21:29.360000,426.0130650118789,997
2024-09-20 11:21:29.425000,426.02133962474807,998
2024-09-20 11:21:29.445000,426.0177464702064,996
2024-09-20 11:21:29.461000,426.0359735175481,105
2024-09-20 11:21:29.478000,426.0172487640247,102
2024-09-20 11:21:29.485000,426.05519079819135,1000
2024-09-20 11:21:29.533000,426.06372138352623,996
2024-09-20 11:21:29.575000,426.0497555427852,100
2024-09-20 11:21:29.590000,426.03339479260086,100
2024-09-20 11:21:29.616000,426.02135699277335,997
2024-09-20 11:21:29.774000,426.02767260388055,98
2024-09-20 11:21:29.819000,426.0139814703304,999
2024-09-20 11:21:29.824000,426.028238757817,10
2024-09-20 11:21:29.828000,426.01259711615967,103
2024-09-20 11:21:29.839000,426.0234418579967,95
2024-09-20 11:21:29.846000,426.0061168134512,1005
2024-09-20 11:21:29.873000,426.03019064189016,1000
2024-09-20 11:21:29.929000,426.0543206922497,14
2024-09-20 11:21:29.968000,426.0512722919569,7
2024-09-20 11:21:29.969000,426.030666786526,5
2024-09-20 11:21:29.989000,426.00600918241247,10
2024-09-20 11:21:30.277000,426.0454119088693,5
2024-09-20 11:21:30.605000,426.0409500956892,995
2024-09-20 11:21:30.946000,426.0319148788242,11
2024-09-20 11:21:31.033000,425.99887501027024,15
2024-09-20 11:21:31.163000,425.985919876978,996
2024-09-20 11:21:31.173000,425.99263164502713,104
2024-09-20 11:21:31.194000,426.0025805607165,14
2024-09-20 11:21:31.195000,426.00582919400347,995
2024-09-20 11:21:31.317000,426.0011301744775,101
2024-09-20 11:21:31.373000,425.9902919380381,7
2024-09-20 11:21:31.683000,426.0011968961493,97
2024-09-20 11:21:31.873000,426.0023767815362,104
2024-09-20 11:21:31.915000,426.0161990069523,96
2024-09-20 11:21:31.965000,425.9881113314059,6
2024-09-20 11:21:32.019000,426.0298198420656,1002
2024-09-20 11:21:32.044000,426.03842902734914,995
2024-09-20 11:21:32.093000,425.97676153216577,1000
2024-09-20 11:21:32.125000,426.0087277564605,96
2024-09-20 11:21:32.135000,425.9927861000663,1001
2024-09-20 11:21:32.211000,426.0198820325288,1000
2024-09-20 11:21:32.306000,425.9901694088106,998
2024-09-20 11:21:32.313000,425.9676994967109,99
2024-09-20 11:21:32.372000,425.9858799769029,100
2024-09-20 11:21:32.518000,425.9757292691207,996
2024-09-20 11:21:32.545000,425.9929868403273,15
2024-09-20 11:21:32.547000,425.9888457065644,105
2024-09-20 11:21:32.581000,425.992115032435,998
2024-09-20 11:21:32.600000,425.9948818448189,100
2024-09-20 11:21:32.660000,426.0184649791404,14
2024-09-20 11:21:32.689000,426.0243032508582,10
2024-09-20 11:21:32.736000,425.9890438758485,997
2024-09-20 11:21:32.737000,426.0291907739458,5
2024-09-20 11:21:32.745000,426.0203431748376,996
2024-09-20 11:21:32.745000,426.0343041783448,1002
2024-09-20 11:21:32.783000,426.0256061000067,98
2024-09-20 11:21:32.786000,425.9926382033892,12
2024-09-20 11:21:32.924000,425.9849455640849,9
2024-09-20 11:21:32.943000,426.01619172831823,6
2024-09-20 11:21:32.947000,425.97151781002526,998
2024-09-20 11:21:32.950000,426.0121762239413,9
2024-09-20 11:21:32.970000,425.9772027789514,96
2024-09-20 11:21:32.973000,425.9776334295169,11
2024-09-20 11:21:33.110000,425.9907883159225,995
2024-09-20 11:21:33.439000,425.98275246088826,96
2024-09-20 11:21:33.455000,425.9882718575623,1003
2024-09-20 11:21:33.558000,426.0196225845704,95
2024-09-20 11:21:33.559000,425.9815089242394,95
2024-09-20 11:21:33.576000,425.9619466403793,1005
2024-09-20 11:21:33.654000,426.0033338642986,1005
2024-09-20 11:21:33.844000,425.9894892615853,1002
2024-09-20 11:21:33.926000,426.00632433487897,7
2024-09-20 11:21:34.191000,426.0290566157736,95
2024-09-20 11:21:34.311000,426.0201359863632,96
2024-09-20 11:21:34.499000,426.0116418607004,1003
2024-09-20 11:21:34.577000,426.0049793791882,1002
2024-09-20 11:21:34.730000,426.0300831077973,6
2024-09-20 11:21:34.878000,426.02355572486846,15
2024-09-20 11:21:34.937000,426.0196165867301,11
2024-09-20 11:21:34.974000,426.01900307918106,12
2024-09-20 11:21:35.187000,426.0334868075552,11
2024-09-20 11:21:35.218000,426.0890402441246,102
2024-09-20 11:21:35.328000,426.1031431485833,5
2024-09-20 11:21:35.372000,426.0687655709282,95
2024-09-20 11:21:35.404000,426.0737245372993,104
2024-09-20 11:21:35.415000,426.0612068375072,997
2024-09-20 11:21:35.421000,426.0556526647928,99
2024-09-20 11:21:35.494000,426.08804475295096,1001
2024-09-20 11:21:35.508000,426.0839287614232,105
2024-09-20 11:21:35.537000,426.04683988884,1005
2024-09-20 11:21:35.773000,426.0576144228245,12
2024-09-20 11:21:35.875000,426.0266810367553,15
2024-09-20 11:21:35.908000,426.0478771489895,6
2024-09-20 11:21:35.918000,426.0818730557568,102
2024-09-20 11:21:36.014000,426.09041842708064,101
2024-09-20 11:21:36.025000,426.0633845029018,100
2024-09-20 11:21:36.187000,426.0724825290721,96
2024-09-20 11:21:36.316000,426.10041153848215,997
2024-09-20 11:21:36.398000,426.0875470452412,996
2024-09-20 11:21:36.606000,426.05691136137926,6
2024-09-20 11:21:36.611000,426.0527491065776,1002
2024-09-20 11:21:36.845000,426.0863021021989,101
2024-09-20 11:21:36.886000,426.0784726230386,1003
2024-09-20 11:21:36.956000,426.07583516399086,105
2024-09-20 11:21:37.104000,426.0745489610449,1002
2024-09-20 11:21:37.194000,426.0785180057487,5
2024-09-20 11:21:37.243000,426.0813739699231,105
2024-09-20 11:21:37.289000,426.0858686409868,97
2024-09-20 11:21:37.296000,426.0646004765572,11
2024-09-20 11:21:37.716000,426.0596979589717,101
2024-09-20 11:21:38.021000,426.0298780006066,14
2024-09-20 11:21:38.141000,426.00873499762247,15
2024-09-20 11:21:38.191000,426.0311957443883,97
2024-09-20 11:21:38.202000,426.050486803567,5
2024-09-20 11:21:38.239000,426.0000955332772,1000
2024-09-20 11:21:38.279000,426.038667204386,101
2024-09-20 11:21:38.746000,425.9988432059249,12
2024-09-20 11:21:38.786000,426.0329802232078,10
2024-09-20 11:21:39.060000,426.01847324414337,7
2024-09-20 11:21:39.111000,426.0125808080907,996
2024-09-20 11:21:39.198000,426.01343284973393,11
2024-09-20 11:21:39.229000,426.0208895582072,102
2024-09-20 11:21:39.286000,426.005788055452,9
2024-09-20 11:21:39.427000,426.02900421811233,15
2024-09-20 11:21:39.431000,426.0397428190422,99
2024-09-20 11:21:39.434000,426.0041708299811,10
2024-09-20 11:21:39.471000,426.0122631640542,99
2024-09-20 11:21:39.657000,426.01611120691024,100
2024-09-20 11:21:39.682000,426.0090614594614,1005
2024-09-20 11:21:39.757000,426.0250088289737,104
2024-09-20 11:21:39.824000,426.025198713783,9
2024-09-20 11:21:39.901000,426.00970642902513,5
2024-09-20 11:21:39.908000,426.007441856295,1000
2024-09-20 11:21:39.970000,426.02816578455327,7
2024-09-20 11:21:40.018000,425.9283709358132,9
2024-09-20 11:21:40.119000,425.9895733985929,1001
2024-09-20 11:21:40.122000,425.932407117421,97
2024-09-20 11:21:40.155000,425.9820952008448,9
2024-09-20 11:21:40.196000,425.9535809406575,97
2024-09-20 11:21:40.211000,425.98611962632174,99
2024-09-20 11:21:40.255000,425.9915422945493,99
2024-09-20 11:21:40.337000,425.9673272033103,101
2024-09-20 11:21:40.348000,425.9601539155706,98
2024-09-20 11:21:40.354000,425.9835955912469,997
2024-09-20 11:21:40.456000,425.96684038729074,102
2024-09-20 11:21:40.471000,425.9387087948196,13
2024-09-20 11:21:40.503000,425.9307045007445,1002
2024-09-20 11:21:40.561000,425.9797810497557,99
2024-09-20 11:21:40.630000,425.9743841928337,1004
2024-09-20 11:21:40.637000,425.9655430418144,103
2024-09-20 11:21:40.767000,425.9659362263628,1005
2024-09-20 11:21:40.804000,425.9775493823877,99
2024-09-20 11:21:40.813000,425.9765817212864,996
2024-09-20 11:21:40.836000,425.9915985105633,997
2024-09-20 11:21:40.838000,425.9957088471268,1003
2024-09-20 11:21:40.929000,425.9829194847164,104
2024-09-20 11:21:40.955000,425.9828152804126,8
2024-09-20 11:21:40.992000,425.9865012659709,1003
2024-09-20 11:21:41.027000,425.9263802124664,6
2024-09-20 11:21:41.243000,425.9548304736931,100
2024-09-20 11:21:41.248000,425.95254550958896,1000
2024-09-20 11:21:41.252000,425.9375677993446,6
2024-09-20 11:21:41.292000,425.9307347091161,996
2024-09-20 11:21:41.343000,425.9633841229965,998
2024-09-20 11:21:41.346000,425.95406037760586,996
2024-09-20 11:21:41.423000,425.94135093544406,999
2024-09-20 11:21:41.479000,425.948732527794,102
2024-09-20 11:21:41.541000,425.9306370618484,104
2024-09-20 11:21:41.620000,425.9440233973007,995
2024-09-20 11:21:41.678000,425.9300489180439,99
2024-09-20 11:21:41.692000,425.9802878498062,13
2024-09-20 11:21:41.702000,425.9656694314209,8
2024-09-20 11:21:41.795000,425.9321309527281,1002
2024-09-20 11:21:41.820000,425.9248084605511,100
2024-09-20 11:21:41.947000,425.9811713459615,5
2024-09-20 11:21:42.819000,425.9300833187761,99
2024-09-20 11:21:43.086000,425.9607485187655,96
2024-09-20 11:21:43.220000,425.9236024626403,96
2024-09-20 11:21:43.618000,425.9467661307219,98
2024-09-20 11:21:43.749000,425.9293624005401,12
2024-09-20 11:21:43.839000,425.9346891676328,95
2024-09-20 11:21:44.027000,425.91065152359255,97
2024-09-20 11:21:44.027000,425.91930450948894,1004
2024-09-20 11:21:44.052000,425.91969188740416,5
2024-09-20 11:21:44.057000,425.8942353814112,96
2024-09-20 11:21:44.090000,425.9193902639908,95
2024-09-20 11:21:44.144000,425.9265527942123,98
2024-09-20 11:21:44.166000,425.92628343669617,12
2024-09-20 11:21:44.189000,425.8940465607268,95
2024-09-20 11:21:44.190000,425.9148016508327,103
2024-09-20 11:21:44.257000,425.8975122036185,9
2024-09-20 11:21:44.282000,425.90639981956537,8
2024-09-20 11:21:44.330000,425.9149701109101,13
2024-09-20 11:21:44.355000,425.9415841324224,1004
2024-09-20 11:21:44.406000,425.8963219164414,12
2024-09-20 11:21:44.415000,425.8990942022401,1000
2024-09-20 11:21:44.479000,425.9009429866335,5
2024-09-20 11:21:44.489000,425.9269461357141,15
2024-09-20 11:21:44.532000,425.8857027509715,995
2024-09-20 11:21:44.571000,425.9055092452869,1002
2024-09-20 11:21:44.587000,425.9003135383608,995
2024-09-20 11:21:44.590000,425.9180682038078,9
2024-09-20 11:21:44.637000,425.9249590354568,9
2024-09-20 11:21:44.709000,425.9261565293662,8
2024-09-20 11:21:44.810000,425.921765027032,100
2024-09-20 11:21:44.883000,425.89816746468216,5
2024-09-20 11:21:44.892000,425.8859278253042,997
2024-09-20 11:21:44.930000,425.8861215098177,5
2024-09-20 11:21:44.989000,425.9246930515913,14
2024-09-20 11:21:45.008000,425.9063522224264,995
2024-09-20 11:21:45.051000,425.9804528028957,100
2024-09-20 11:21:45.114000,425.8812529151805,999
2024-09-20 11:21:45.136000,425.92853170845774,1004
2024-09-20 11:21:45.172000,425.9334057746261,14
2024-09-20 11:21:45.187000,426.0851314837169,15
2024-09-20 11:21:45.187000,426.05200897436896,12
2024-09-20 11:21:45.199000,425.926628628576,104
2024-09-20 11:21:45.272000,425.8972289482514,1001
2024-09-20 11:21:45.340000,426.0702271191473,104
2024-09-20 11:21:45.390000,425.9373902353779,997
2024-09-20 11:21:45.412000,426.03431252516106,14
2024-09-20 11:21:45.481000,426.0376417866926,104
2024-09-20 11:21:45.576000,425.9500446384277,995
2024-09-20 11:21:45.583000,425.9249016365125,11
2024-09-20 11:21:45.588000,426.0134227461428,1000
2024-09-20 11:21:45.716000,425.9498621051056,98
2024-09-20 11:21:45.724000,425.9277459559768,96
2024-09-20 11:21:45.726000,425.93038219318777,1003
2024-09-20 11:21:45.896000,426.0586160887496,104
2024-09-20 11:21:45.927000,426.0111796755367,103
2024-09-20 11:21:45.954000,425.924148275396,99
2024-09-20 11:21:45.978000,425.9296652573004,13
2024-09-20 11:21:46.123000,426.0614512462547,97
2024-09-20 11:21:46.271000,426.0543857463991,103
2024-09-20 11:21:46.293000,426.0611794674208,7
2024-09-20 11:21:46.293000,426.0609142399472,996
2024-09-20 11:21:46.331000,426.0617756833125,101
2024-09-20 11:21:46.365000,426.0627799749744,104
2024-09-20 11:21:46.450000,426.0742844048783,103
2024-09-20 11:21:46.561000,426.0593158487661,5
2024-09-20 11:21:46.695000,426.0608400965331,8
2024-09-20 11:21:46.789000,426.0715484870964,12
2024-09-20 11:21:46.969000,426.0610184853501,97
2024-09-20 11:21:46.989000,426.0672373776196,15
2024-09-20 11:21:47.025000,426.0908533664015,96
2024-09-20 11:21:47.055000,426.0601140961588,12
2024-09-20 11:21:47.141000,426.08536653968,13
2024-09-20 11:21:47.162000,426.094450476465,104
2024-09-20 11:21:47.191000,426.0631785108454,101
2024-09-20 11:21:47.200000,426.0936507067093,105
2024-09-20 11:21:47.212000,426.0671917287142,102
2024-09-20 11:21:47.217000,426.0548036192564,13
2024-09-20 11:21:47.247000,426.0476402511108,99
2024-09-20 11:21:47.406000,426.0759719581384,105
2024-09-20 11:21:47.442000,426.0846544654376,96
2024-09-20 11:21:47.487000,426.0499904112701,11
2024-09-20 11:21:47.493000,426.0642805487514,101
2024-09-20 11:21:47.535000,426.07663378443294,999
2024-09-20 11:21:47.681000,426.0723160989399,1002
2024-09-20 11:21:47.723000,426.0389216558093,10
2024-09-20 11:21:47.737000,426.0699141912648,1004
2024-09-20 11:21:47.799000,426.0976621793075,102
2024-09-20 11:21:47.845000,426.0655546789635,101
2024-09-20 11:21:47.868000,426.0944698127235,96
2024-09-20 11:21:48.002000,426.0961535427762,5
2024-09-20 11:21:48.072000,426.0631970494617,6
2024-09-20 11:21:48.179000,426.0415456238964,1000
2024-09-20 11:21:48.210000,426.0797239804695,10
2024-09-20 11:21:48.312000,426.03931437182615,995
2024-09-20 11:21:48.469000,426.0428756168666,998
2024-09-20 11:21:48.555000,426.0372566106027,1005
2024-09-20 11:21:48.564000,426.059102963731,1001
2024-09-20 11:21:48.749000,426.1065989174369,10
2024-09-20 11:21:48.955000,426.1036202641168,95
2024-09-20 11:21:50.029000,426.04741380254393,11
2024-09-20 11:21:50.251000,426.0469097084416,104
2024-09-20 11:21:50.314000,426.03530930640096,1002
2024-09-20 11:21:50.328000,426.04902756987246,1003
2024-09-20 11:21:50.332000,426.0457080300147,103
2024-09-20 11:21:50.339000,426.04798265495424,98
2024-09-20 11:21:50.467000,426.0375166387939,11
2024-09-20 11:21:50.475000,426.02321183970287,102
2024-09-20 11:21:50.519000,426.0559157728389,5
2024-09-20 11:21:50.553000,426.03762663824216,100
2024-09-20 11:21:50.560000,426.0412775711756,7
2024-09-20 11:21:50.565000,426.05402627951673,99
2024-09-20 11:21:50.599000,426.031522538947,12
2024-09-20 11:21:50.672000,426.0422912418986,8
2024-09-20 11:21:50.757000,426.0335053576053,1004
2024-09-20 11:21:50.783000,426.0470275742341,104
2024-09-20 11:21:50.796000,426.0553625781354,96
2024-09-20 11:21:50.857000,426.0355979255816,98
2024-09-20 11:21:50.931000,426.0141071767179,98
2024-09-20 11:21:50.944000,426.0481033575553,95
2024-09-20 11:21:51.059000,426.0186776066744,999
2024-09-20 11:21:51.118000,426.0182394666018,1001
2024-09-20 11:21:51.195000,425.99108163574914,9
2024-09-20 11:21:51.222000,426.0133384587311,9
2024-09-20 11:21:51.239000,425.9265478211168,10
2024-09-20 11:21:51.249000,426.0045975669784,998
2024-09-20 11:21:51.253000,426.0219537886365,14
2024-09-20 11:21:51.272000,425.9497551053307,96
2024-09-20 11:21:51.409000,425.96627044193065,98
2024-09-20 11:21:51.453000,425.9641563557478,999
2024-09-20 11:21:51.463000,425.94981224183374,1000
2024-09-20 11:21:51.583000,426.0244615937318,5
2024-09-20 11:21:51.713000,425.9527481556862,104
2024-09-20 11:21:51.776000,426.0042379608949,1000
2024-09-20 11:21:51.853000,425.960936653312,8
2024-09-20 11:21:51.861000,425.9522719889375,14
2024-09-20 11:21:51.888000,425.9559866044626,15
2024-09-20 11:21:51.894000,426.0216947120908,7
2024-09-20 11:21:51.946000,425.96112308794346,9
2024-09-20 11:21:52.196000,425.9512217602446,1000
2024-09-20 11:21:52.428000,425.9614518639783,99
2024-09-20 11:21:52.625000,425.95393413816697,1000
2024-09-20 11:21:52.692000,425.9542152398324,12
2024-09-20 11:21:53.095000,425.974285506292,12
2024-09-20 11:21:53.592000,425.97397404120886,101
2024-09-20 11:21:53.853000,425.9533205601991,997
2024-09-20 11:21:54,425.9906820331804,103
2024-09-20 11:21:54.152000,425.95798573028,101
2024-09-20 11:21:54.198000,425.9486327480545,96
2024-09-20 11:21:54.224000,425.9573405440381,99
2024-09-20 11:21:54.475000,425.9518022949828,995
2024-09-20 11:21:54.514000,425.971787128308,103
2024-09-20 11:21:54.558000,425.99533982173966,15
2024-09-20 11:21:54.726000,425.9470481234169,8
2024-09-20 11:21:54.742000,425.9619916182262,12
2024-09-20 11:21:54.833000,425.96100900397215,1001
2024-09-20 11:21:54.850000,425.9724870424651,105
2024-09-20 11:21:54.874000,426.01548194693385,996
2024-09-20 11:21:54.911000,425.9703292928351,105
2024-09-20 11:21:55.033000,426.0214199373241,998
2024-09-20 11:21:55.560000,426.03398117721866,8
2024-09-20 11:21:56.034000,425.9094085311505,5
2024-09-20 11:21:56.096000,425.9823005676275,9
2024-09-20 11:21:56.180000,425.9662472696704,10
2024-09-20 11:21:56.215000,425.9969360641623,96
2024-09-20 11:21:56.273000,425.9057655749678,997
2024-09-20 11:21:56.306000,425.9861149358331,96
2024-09-20 11:21:56.396000,425.95091679290266,14
2024-09-20 11:21:56.420000,425.9934126742192,5
2024-09-20 11:21:56.436000,425.9531556925657,995
2024-09-20 11:21:56.436000,425.9431762936016,11
2024-09-20 11:21:56.566000,425.95357288863386,101
2024-09-20 11:21:56.584000,425.8973720264692,1005
2024-09-20 11:21:56.625000,425.9327767482713,105
2024-09-20 11:21:56.651000,426.0087561464297,11
2024-09-20 11:21:56.671000,425.9599551494501,15
2024-09-20 11:21:56.713000,425.98328386945593,14
2024-09-20 11:21:56.918000,425.9743640998594,1001
2024-09-20 11:21:57.097000,425.8733472487193,96
2024-09-20 11:21:57.222000,425.8875648972606,1004
2024-09-20 11:21:57.242000,425.8539873607597,101
2024-09-20 11:21:57.258000,425.894998930784,7
2024-09-20 11:21:57.278000,425.8968960555599,7
2024-09-20 11:21:57.409000,425.8543597782905,13
2024-09-20 11:21:57.514000,425.89145836708127,97
2024-09-20 11:21:57.552000,425.8745659680749,1003
2024-09-20 11:21:57.554000,425.8750336283259,100
2024-09-20 11:21:57.564000,425.8976290386343,14
2024-09-20 11:21:57.612000,425.894403394042,99
2024-09-20 11:21:57.641000,425.86724686310856,103
2024-09-20 11:21:57.670000,425.901862890384,12
2024-09-20 11:21:57.774000,425.8676923937851,101
2024-09-20 11:21:57.797000,425.8648410055536,997
2024-09-20 11:21:57.842000,425.9015416534104,6
2024-09-20 11:21:57.845000,425.8487476136284,997
2024-09-20 11:21:58.037000,425.8056639942632,8
2024-09-20 11:21:58.038000,425.8114414731619,995
2024-09-20 11:21:58.038000,425.82350687394126,5
2024-09-20 11:21:58.166000,425.8134316172016,100
2024-09-20 11:21:58.297000,425.81166461025566,8
2024-09-20 11:21:58.321000,425.78445130874826,10
2024-09-20 11:21:58.383000,425.7724525423218,1004
2024-09-20 11:21:58.394000,425.7880667386733,1001
2024-09-20 11:21:58.418000,425.8029573289295,1002
2024-09-20 11:21:58.432000,425.827242279898,101
2024-09-20 11:21:58.467000,425.8083438870759,1002
2024-09-20 11:21:58.467000,425.866114625834,100
2024-09-20 11:21:58.492000,425.79759589537423,105
2024-09-20 11:21:58.498000,425.8246333563242,102
2024-09-20 11:21:58.569000,425.780833801842,103
2024-09-20 11:21:58.629000,425.8391084821687,102
2024-09-20 11:21:58.685000,425.8519116565624,15
2024-09-20 11:21:58.693000,425.7625505595457,1003
2024-09-20 11:21:58.904000,425.8136497963768,1004
2024-09-20 11:21:58.925000,425.83363681889546,7
2024-09-20 11:21:58.934000,425.7866132826008,995
2024-09-20 11:21:58.936000,425.79934631623433,998
2024-09-20 11:21:58.939000,425.8855134377998,1003
2024-09-20 11:21:58.974000,425.79158755931024,104
2024-09-20 11:21:58.999000,425.77206286312304,11
2024-09-20 11:21:59.018000,425.72294690144207,8
2024-09-20 11:21:59.050000,425.7408178201222,10
2024-09-20 11:21:59.076000,425.7743218482531,103
2024-09-20 11:21:59.086000,425.7391625336557,12
2024-09-20 11:21:59.149000,425.7417524403379,11
2024-09-20 11:21:59.175000,425.7507866655303,104
2024-09-20 11:21:59.206000,425.7471974322168,104
2024-09-20 11:21:59.257000,425.7196805800139,12
2024-09-20 11:21:59.257000,425.7144576857468,6
2024-09-20 11:21:59.291000,425.7641123208184,12
2024-09-20 11:21:59.313000,425.7218436825675,1003
2024-09-20 11:21:59.386000,425.77617319192007,100
2024-09-20 11:21:59.390000,425.7129380394234,6
2024-09-20 11:21:59.413000,425.7318696449008,13
2024-09-20 11:21:59.444000,425.7571430343559,1003
2024-09-20 11:21:59.486000,425.7376791845069,995
2024-09-20 11:21:59.536000,425.7441395640544,999
2024-09-20 11:21:59.605000,425.7314516164089,101
2024-09-20 11:21:59.618000,425.72300789678513,98
2024-09-20 11:21:59.627000,425.7473077826551,103
2024-09-20 11:21:59.632000,425.7203463634944,1003
2024-09-20 11:21:59.796000,425.7289443461772,998
2024-09-20 11:21:59.806000,425.7375108464288,102
2024-09-20 11:21:59.878000,425.72933577866894,6
2024-09-20 11:21:59.920000,425.72782844082775,101
2024-09-20 11:21:59.977000,425.7416076455824,97
