Timestamp,Price,Size
2024-09-18 14:17:00.176000,414.4856818938238,15
2024-09-18 14:17:00.179000,414.4977121038708,1004
2024-09-18 14:17:00.336000,414.5181298878467,998
2024-09-18 14:17:00.380000,414.4834943592115,104
2024-09-18 14:17:00.522000,414.4967183823104,15
2024-09-18 14:17:00.599000,414.49186061929856,995
2024-09-18 14:17:00.664000,414.4853554396015,999
2024-09-18 14:17:00.785000,414.5087702555272,105
2024-09-18 14:17:00.822000,414.47291604000486,999
2024-09-18 14:17:00.873000,414.5273875204688,997
2024-09-18 14:17:01.036000,414.5145570545863,104
2024-09-18 14:17:01.044000,414.4822111072582,998
2024-09-18 14:17:01.157000,414.4914725084827,15
2024-09-18 14:17:01.200000,414.55464253997286,6
2024-09-18 14:17:01.239000,414.5268880802397,98
2024-09-18 14:17:01.475000,414.49030279329,1005
2024-09-18 14:17:01.482000,414.5004484625474,99
2024-09-18 14:17:01.573000,414.5467009948523,1004
2024-09-18 14:17:01.632000,414.49863297744224,97
2024-09-18 14:17:01.766000,414.524941096061,995
2024-09-18 14:17:01.779000,414.5250700732511,996
2024-09-18 14:17:01.788000,414.48960483838,15
2024-09-18 14:17:01.814000,414.4923033148906,8
2024-09-18 14:17:01.842000,414.5465097189039,7
2024-09-18 14:17:01.990000,414.5611288743716,995
2024-09-18 14:17:02.012000,414.5495755448857,1001
2024-09-18 14:17:02.098000,414.5466419667462,15
2024-09-18 14:17:02.123000,414.5610371012158,995
2024-09-18 14:17:02.174000,414.5429655058978,97
2024-09-18 14:17:02.196000,414.5660397088087,95
2024-09-18 14:17:02.196000,414.5544297845784,8
2024-09-18 14:17:02.226000,414.539830348578,1001
2024-09-18 14:17:02.264000,414.5555064031328,997
2024-09-18 14:17:02.264000,414.5659153438809,96
2024-09-18 14:17:02.354000,414.5629208079937,6
2024-09-18 14:17:02.432000,414.5647590359959,6
2024-09-18 14:17:02.452000,414.5465467690259,1002
2024-09-18 14:17:02.469000,414.5454589539757,995
2024-09-18 14:17:02.478000,414.556756253414,995
2024-09-18 14:17:02.520000,414.558295476624,98
2024-09-18 14:17:02.624000,414.5466738490632,1004
2024-09-18 14:17:02.686000,414.5575700396804,1005
2024-09-18 14:17:02.754000,414.55332226854586,12
2024-09-18 14:17:02.777000,414.54752295930047,997
2024-09-18 14:17:02.839000,414.5536965066549,10
2024-09-18 14:17:02.977000,414.5735165186256,7
2024-09-18 14:17:03.036000,414.49123615332735,1001
2024-09-18 14:17:03.043000,414.5782331771391,14
2024-09-18 14:17:03.079000,414.513314156517,995
2024-09-18 14:17:03.088000,414.51489403243073,995
2024-09-18 14:17:03.121000,414.51284516123553,995
2024-09-18 14:17:03.157000,414.50339239822046,10
2024-09-18 14:17:03.168000,414.5734787585507,98
2024-09-18 14:17:03.176000,414.5914487520618,1005
2024-09-18 14:17:03.238000,414.5657814554031,9
2024-09-18 14:17:03.255000,414.5324463247384,1003
2024-09-18 14:17:03.259000,414.5250877721981,1005
2024-09-18 14:17:03.306000,414.52232458962425,995
2024-09-18 14:17:03.343000,414.58127290800405,13
2024-09-18 14:17:03.352000,414.5788111666503,996
2024-09-18 14:17:03.354000,414.5542315158998,103
2024-09-18 14:17:03.411000,414.50192006225353,100
2024-09-18 14:17:03.427000,414.48991367068334,100
2024-09-18 14:17:03.481000,414.500998816645,999
2024-09-18 14:17:03.496000,414.581952984704,96
2024-09-18 14:17:03.545000,414.5037409513872,997
2024-09-18 14:17:03.652000,414.5029519062651,98
2024-09-18 14:17:03.705000,414.55324251584176,8
2024-09-18 14:17:03.718000,414.5012297587105,97
2024-09-18 14:17:03.842000,414.4794886247447,1004
2024-09-18 14:17:03.905000,414.55408125068254,13
2024-09-18 14:17:03.957000,414.48972936597227,101
2024-09-18 14:17:03.990000,414.4851037037426,101
2024-09-18 14:17:04.010000,414.4733249811758,1001
2024-09-18 14:17:04.234000,414.47667056156814,7
2024-09-18 14:17:04.376000,414.4784351485426,95
2024-09-18 14:17:04.412000,414.49964956669794,999
2024-09-18 14:17:04.454000,414.48570232512463,9
2024-09-18 14:17:04.459000,414.47130388120894,995
2024-09-18 14:17:04.569000,414.4846057768521,13
2024-09-18 14:17:04.626000,414.47324489842737,95
2024-09-18 14:17:04.734000,414.48258646962057,1005
2024-09-18 14:17:04.737000,414.4897000371628,1005
2024-09-18 14:17:04.917000,414.4807490478551,105
2024-09-18 14:17:04.944000,414.47266690546206,11
2024-09-18 14:17:05.010000,414.4886403889512,104
2024-09-18 14:17:05.030000,414.4598634746586,995
2024-09-18 14:17:05.072000,414.479988735038,1004
2024-09-18 14:17:05.152000,414.4758716798547,8
2024-09-18 14:17:05.280000,414.4668105580421,11
2024-09-18 14:17:05.301000,414.44571045316286,997
2024-09-18 14:17:05.322000,414.48378980293967,95
2024-09-18 14:17:05.331000,414.4631015001092,10
2024-09-18 14:17:05.349000,414.4734256993505,100
2024-09-18 14:17:05.354000,414.449667396334,101
2024-09-18 14:17:05.429000,414.4740146305725,999
2024-09-18 14:17:05.500000,414.47016254322153,11
2024-09-18 14:17:05.535000,414.4404888668876,996
2024-09-18 14:17:05.648000,414.4739308330699,96
2024-09-18 14:17:05.672000,414.4571017630102,5
2024-09-18 14:17:05.768000,414.4611272237388,7
2024-09-18 14:17:05.829000,414.4333821993231,11
2024-09-18 14:17:05.908000,414.452940514086,5
2024-09-18 14:17:06.404000,414.4748103460865,8
2024-09-18 14:17:06.732000,414.4846471443966,10
2024-09-18 14:17:06.850000,414.4592262514563,1004
2024-09-18 14:17:07.088000,414.51030226187794,6
2024-09-18 14:17:07.121000,414.4935269436959,104
2024-09-18 14:17:07.131000,414.4473660953926,999
2024-09-18 14:17:07.171000,414.4746299938172,104
2024-09-18 14:17:07.280000,414.4620526751487,998
2024-09-18 14:17:07.283000,414.4722917382553,98
2024-09-18 14:17:07.298000,414.4634738137707,5
2024-09-18 14:17:07.336000,414.4927795255941,999
2024-09-18 14:17:07.423000,414.4610689204252,97
2024-09-18 14:17:07.455000,414.467482527539,995
2024-09-18 14:17:07.503000,414.494465185096,100
2024-09-18 14:17:07.597000,414.4747575713961,103
2024-09-18 14:17:07.624000,414.4380283691603,103
2024-09-18 14:17:07.635000,414.458904252567,10
2024-09-18 14:17:07.804000,414.4563388731656,6
2024-09-18 14:17:07.887000,414.4641754223519,105
2024-09-18 14:17:07.922000,414.45615404517696,1005
2024-09-18 14:17:08.067000,414.407270770655,996
2024-09-18 14:17:08.082000,414.39616309884815,99
2024-09-18 14:17:08.091000,414.4024224227375,12
2024-09-18 14:17:08.118000,414.4405778191262,1004
2024-09-18 14:17:08.152000,414.41086300779386,7
2024-09-18 14:17:08.173000,414.4551477611647,997
2024-09-18 14:17:08.212000,414.40780653835344,104
2024-09-18 14:17:08.258000,414.4480177953137,96
2024-09-18 14:17:08.285000,414.4516703104462,102
2024-09-18 14:17:08.287000,414.4373476326276,11
2024-09-18 14:17:08.329000,414.4121461860074,5
2024-09-18 14:17:08.337000,414.39685418083184,12
2024-09-18 14:17:08.365000,414.46871519348673,12
2024-09-18 14:17:08.433000,414.4298864991704,15
2024-09-18 14:17:08.468000,414.4279747079434,995
2024-09-18 14:17:08.503000,414.4393600363413,9
2024-09-18 14:17:08.532000,414.4297080493527,1002
2024-09-18 14:17:08.544000,414.4320483446412,13
2024-09-18 14:17:08.544000,414.4736051207263,998
2024-09-18 14:17:08.555000,414.4354540967119,14
2024-09-18 14:17:08.590000,414.42401891753696,98
2024-09-18 14:17:08.603000,414.4600607679114,1004
2024-09-18 14:17:08.615000,414.4612604016662,5
2024-09-18 14:17:08.615000,414.4506425418808,101
2024-09-18 14:17:08.620000,414.4330513687276,99
2024-09-18 14:17:08.747000,414.4490834875113,5
2024-09-18 14:17:08.868000,414.4207178765096,1003
2024-09-18 14:17:08.902000,414.40176817636046,99
2024-09-18 14:17:08.911000,414.44107884743175,1001
2024-09-18 14:17:09.022000,414.4016151135552,996
2024-09-18 14:17:09.078000,414.41957093588246,100
2024-09-18 14:17:09.107000,414.3678303145469,105
2024-09-18 14:17:09.257000,414.34121614861135,11
2024-09-18 14:17:09.293000,414.3491150505972,95
2024-09-18 14:17:09.425000,414.4065813862132,14
2024-09-18 14:17:09.518000,414.35724936320446,995
2024-09-18 14:17:09.539000,414.4027174427361,105
2024-09-18 14:17:09.553000,414.3628085081236,11
2024-09-18 14:17:09.622000,414.3719242552434,998
2024-09-18 14:17:09.642000,414.42501921916863,1005
2024-09-18 14:17:09.693000,414.4004282495454,998
2024-09-18 14:17:09.718000,414.3611389361259,10
2024-09-18 14:17:09.765000,414.39537914858914,11
2024-09-18 14:17:09.866000,414.35207843328266,1001
2024-09-18 14:17:09.920000,414.3431843746891,1005
2024-09-18 14:17:09.967000,414.3606192242568,99
2024-09-18 14:17:09.971000,414.3576279547597,13
2024-09-18 14:17:10.011000,414.3417910332415,14
2024-09-18 14:17:10.011000,414.3603098147728,8
2024-09-18 14:17:10.023000,414.33522096597335,7
2024-09-18 14:17:10.047000,414.3725414197263,101
2024-09-18 14:17:10.065000,414.33561871004594,1005
2024-09-18 14:17:10.094000,414.3272833083364,1005
2024-09-18 14:17:10.137000,414.3835140140237,97
2024-09-18 14:17:10.146000,414.3396871199873,99
2024-09-18 14:17:10.207000,414.3302536259363,12
2024-09-18 14:17:10.257000,414.3459921540388,96
2024-09-18 14:17:10.330000,414.3715297020593,105
2024-09-18 14:17:10.365000,414.3148675901681,1000
2024-09-18 14:17:10.409000,414.3222709788957,104
2024-09-18 14:17:10.419000,414.3292449379804,10
2024-09-18 14:17:10.439000,414.39775585440674,11
2024-09-18 14:17:10.456000,414.3445695804525,96
2024-09-18 14:17:10.489000,414.37911845467113,1000
2024-09-18 14:17:10.575000,414.3630211968178,8
2024-09-18 14:17:10.628000,414.3425318433244,7
2024-09-18 14:17:10.644000,414.3367411658253,998
2024-09-18 14:17:10.682000,414.32133259614335,1003
2024-09-18 14:17:10.851000,414.3468656534741,8
2024-09-18 14:17:10.870000,414.3750056984446,15
2024-09-18 14:17:10.876000,414.3108301134001,998
2024-09-18 14:17:10.897000,414.3245905175427,1000
2024-09-18 14:17:10.952000,414.3291951115808,15
2024-09-18 14:17:12.021000,414.39335172459886,1004
2024-09-18 14:17:12.033000,414.39994724374594,100
2024-09-18 14:17:12.078000,414.4149798581846,1005
2024-09-18 14:17:12.209000,414.4184280996838,98
2024-09-18 14:17:12.374000,414.3994524859697,13
2024-09-18 14:17:12.383000,414.4063865432392,996
2024-09-18 14:17:12.392000,414.394122841017,14
2024-09-18 14:17:12.560000,414.3998126594607,10
2024-09-18 14:17:12.592000,414.3922137683007,995
2024-09-18 14:17:12.698000,414.3933535903855,98
2024-09-18 14:17:12.923000,414.4030908428703,100
2024-09-18 14:17:12.987000,414.39176325157285,105
2024-09-18 14:17:13.069000,414.4528515142998,15
2024-09-18 14:17:13.179000,414.416431312356,1000
2024-09-18 14:17:13.205000,414.4150165593764,7
2024-09-18 14:17:13.231000,414.4721634030712,9
2024-09-18 14:17:13.267000,414.455227746676,5
2024-09-18 14:17:13.306000,414.46178125794506,998
2024-09-18 14:17:13.331000,414.4406090794488,104
2024-09-18 14:17:13.364000,414.465823258702,997
2024-09-18 14:17:13.418000,414.4212354218981,10
2024-09-18 14:17:13.535000,414.4127104095015,100
2024-09-18 14:17:13.549000,414.43349506209455,1005
2024-09-18 14:17:13.571000,414.4294987527825,1000
2024-09-18 14:17:13.624000,414.3991252034383,1000
2024-09-18 14:17:13.707000,414.4338051650048,1004
2024-09-18 14:17:13.770000,414.4775146439261,105
2024-09-18 14:17:13.928000,414.4543465185361,98
2024-09-18 14:17:13.960000,414.4402627915448,7
2024-09-18 14:17:13.964000,414.4631981481006,1001
2024-09-18 14:17:13.981000,414.42178444541537,998
2024-09-18 14:17:14.130000,414.4763857355641,1004
2024-09-18 14:17:14.170000,414.4459032436538,998
2024-09-18 14:17:14.274000,414.4483541921532,998
2024-09-18 14:17:14.360000,414.5061782697031,997
2024-09-18 14:17:14.393000,414.4712403739886,998
2024-09-18 14:17:14.433000,414.44583248836335,8
2024-09-18 14:17:14.480000,414.4992209206465,100
2024-09-18 14:17:14.550000,414.4504971887384,13
2024-09-18 14:17:14.653000,414.4870774767825,1001
2024-09-18 14:17:14.660000,414.4930051616373,6
2024-09-18 14:17:14.710000,414.4979921951696,96
2024-09-18 14:17:14.720000,414.43639980892095,95
2024-09-18 14:17:14.747000,414.4615293888592,5
2024-09-18 14:17:14.766000,414.4930903264288,102
2024-09-18 14:17:14.857000,414.4407285455689,95
2024-09-18 14:17:14.891000,414.4626831039212,12
2024-09-18 14:17:14.900000,414.4726425049127,1003
2024-09-18 14:17:14.935000,414.45540383736704,13
2024-09-18 14:17:15.099000,414.47137678545727,1002
2024-09-18 14:17:15.154000,414.45526198766953,15
2024-09-18 14:17:15.233000,414.51650240291633,14
2024-09-18 14:17:15.251000,414.4598406020836,1003
2024-09-18 14:17:15.330000,414.4759048789934,105
2024-09-18 14:17:15.373000,414.4952947964485,13
2024-09-18 14:17:15.389000,414.5027678131941,10
2024-09-18 14:17:15.391000,414.47507978045945,96
2024-09-18 14:17:15.392000,414.4606317553458,101
2024-09-18 14:17:15.474000,414.5131875202803,9
2024-09-18 14:17:15.492000,414.5088000655976,12
2024-09-18 14:17:15.494000,414.48941342828266,995
2024-09-18 14:17:15.532000,414.4524528460721,10
2024-09-18 14:17:15.535000,414.4748313384339,8
2024-09-18 14:17:15.565000,414.4619073013974,105
2024-09-18 14:17:15.590000,414.49170817696887,1002
2024-09-18 14:17:15.621000,414.4553196615007,1005
2024-09-18 14:17:15.813000,414.481438042909,102
2024-09-18 14:17:15.971000,414.5151213712944,998
2024-09-18 14:17:15.991000,414.47761997136126,6
2024-09-18 14:17:16.130000,414.4217449205001,996
2024-09-18 14:17:16.208000,414.4481597420196,96
2024-09-18 14:17:16.227000,414.4277026219331,7
2024-09-18 14:17:16.349000,414.4417070657851,14
2024-09-18 14:17:16.655000,414.4408264575571,98
2024-09-18 14:17:16.696000,414.4562680854217,999
2024-09-18 14:17:16.751000,414.4407210173045,99
2024-09-18 14:17:16.759000,414.4267111148033,102
2024-09-18 14:17:17.171000,414.45502236686775,10
2024-09-18 14:17:17.209000,414.4258553488664,999
2024-09-18 14:17:17.213000,414.4380079878259,1003
2024-09-18 14:17:17.339000,414.45302545259307,99
2024-09-18 14:17:17.355000,414.43349570410464,95
2024-09-18 14:17:17.456000,414.4361522261743,12
2024-09-18 14:17:17.557000,414.4469399764269,1003
2024-09-18 14:17:17.985000,414.4625718376618,10
2024-09-18 14:17:18.248000,414.4027409973768,9
2024-09-18 14:17:18.478000,414.41540376153154,997
2024-09-18 14:17:18.824000,414.4246578543047,105
2024-09-18 14:17:18.924000,414.43280567300434,8
2024-09-18 14:17:18.952000,414.434436197654,996
2024-09-18 14:17:19.019000,414.35955788692814,1000
2024-09-18 14:17:19.083000,414.30630369280817,100
2024-09-18 14:17:19.095000,414.3511504486911,1004
2024-09-18 14:17:19.129000,414.3117154275238,1004
2024-09-18 14:17:19.185000,414.4144655346911,100
2024-09-18 14:17:19.197000,414.3459762640302,102
2024-09-18 14:17:19.229000,414.35450859681725,10
2024-09-18 14:17:19.236000,414.3829752072341,1001
2024-09-18 14:17:19.400000,414.3535006932526,1004
2024-09-18 14:17:19.408000,414.2827253334123,11
2024-09-18 14:17:19.428000,414.3203549111065,1002
2024-09-18 14:17:19.434000,414.3499733436641,97
2024-09-18 14:17:19.437000,414.3464177359208,1000
2024-09-18 14:17:19.478000,414.3572029080378,104
2024-09-18 14:17:19.651000,414.3503158395697,100
2024-09-18 14:17:19.657000,414.28901881698187,11
2024-09-18 14:17:19.664000,414.3382346421103,103
2024-09-18 14:17:19.870000,414.3533332391544,8
2024-09-18 14:17:19.950000,414.3727375849666,996
2024-09-18 14:17:19.965000,414.3434383293122,15
2024-09-18 14:17:19.969000,414.4083370877681,1004
2024-09-18 14:17:20.261000,414.2722510172547,997
2024-09-18 14:17:20.473000,414.2740031481104,5
2024-09-18 14:17:20.479000,414.2789007616414,96
2024-09-18 14:17:20.567000,414.2734063061873,1004
2024-09-18 14:17:20.721000,414.2679632858689,99
2024-09-18 14:17:20.850000,414.26078663799217,103
2024-09-18 14:17:21.041000,414.3441099585787,996
2024-09-18 14:17:21.059000,414.3065389492747,1004
2024-09-18 14:17:21.088000,414.2959345741231,5
2024-09-18 14:17:21.116000,414.3169843826559,997
2024-09-18 14:17:21.165000,414.3266306164294,15
2024-09-18 14:17:21.173000,414.3381141508108,9
2024-09-18 14:17:21.235000,414.2811855594488,11
2024-09-18 14:17:21.249000,414.3170509067543,96
2024-09-18 14:17:21.392000,414.29793512221937,1000
2024-09-18 14:17:21.449000,414.28953645178143,1005
2024-09-18 14:17:21.476000,414.28109821366087,12
2024-09-18 14:17:21.713000,414.30572640111495,997
2024-09-18 14:17:21.800000,414.32262901452174,1004
2024-09-18 14:17:21.845000,414.3402978415807,15
2024-09-18 14:17:21.890000,414.2970270999117,10
2024-09-18 14:17:21.944000,414.3347947085667,103
2024-09-18 14:17:21.952000,414.3009528797271,996
2024-09-18 14:17:21.960000,414.2943278056637,9
2024-09-18 14:17:21.973000,414.29601010462665,5
2024-09-18 14:17:21.991000,414.3070538148474,15
2024-09-18 14:17:21.997000,414.2958767181458,1004
2024-09-18 14:17:22.145000,414.2606770229232,996
2024-09-18 14:17:22.157000,414.25223599316826,98
2024-09-18 14:17:22.301000,414.2785414161447,7
2024-09-18 14:17:22.382000,414.2825175610292,12
2024-09-18 14:17:22.383000,414.2739260614664,996
2024-09-18 14:17:22.521000,414.2934359347411,95
2024-09-18 14:17:22.531000,414.2696951837375,1004
2024-09-18 14:17:22.560000,414.2627419535846,5
2024-09-18 14:17:22.579000,414.2667820636887,1002
2024-09-18 14:17:22.632000,414.2591261417093,11
2024-09-18 14:17:22.696000,414.2773246249374,1001
2024-09-18 14:17:22.960000,414.2800021893655,1005
2024-09-18 14:17:22.961000,414.2729652957054,9
2024-09-18 14:17:23.066000,414.2709432977257,10
2024-09-18 14:17:23.138000,414.2662188892145,98
2024-09-18 14:17:23.145000,414.2780687251392,100
2024-09-18 14:17:23.181000,414.2624030113051,997
2024-09-18 14:17:23.310000,414.3162298089876,102
2024-09-18 14:17:23.399000,414.2746957582064,999
2024-09-18 14:17:23.404000,414.3299633872291,100
2024-09-18 14:17:23.418000,414.2466033179037,98
2024-09-18 14:17:23.463000,414.2889493694464,103
2024-09-18 14:17:23.469000,414.3165104123109,995
2024-09-18 14:17:23.490000,414.27432639636334,102
2024-09-18 14:17:23.525000,414.3067352237345,7
2024-09-18 14:17:23.555000,414.31922004657054,995
2024-09-18 14:17:23.913000,414.27391782589496,14
2024-09-18 14:17:23.921000,414.2602805985157,995
2024-09-18 14:17:23.975000,414.3189613432987,1004
2024-09-18 14:17:24.119000,414.2872188454376,11
2024-09-18 14:17:24.305000,414.2213684345236,14
2024-09-18 14:17:24.320000,414.3004281408314,101
2024-09-18 14:17:24.339000,414.2813566467271,1003
2024-09-18 14:17:24.349000,414.3034619124907,6
2024-09-18 14:17:24.372000,414.22842737549655,97
2024-09-18 14:17:24.436000,414.2801848812999,7
2024-09-18 14:17:24.465000,414.2200580380748,998
2024-09-18 14:17:24.482000,414.2223201094353,1004
2024-09-18 14:17:24.520000,414.2455860037844,97
2024-09-18 14:17:24.584000,414.24088861365055,98
2024-09-18 14:17:24.594000,414.3222257358907,95
2024-09-18 14:17:24.625000,414.2888770855637,7
2024-09-18 14:17:24.664000,414.2641152476624,12
2024-09-18 14:17:24.686000,414.22531429389977,996
2024-09-18 14:17:24.720000,414.24070469055846,1005
2024-09-18 14:17:24.807000,414.22703274951147,14
2024-09-18 14:17:24.833000,414.2635456903459,102
2024-09-18 14:17:24.843000,414.22059720931577,1001
2024-09-18 14:17:24.901000,414.3193010812068,11
2024-09-18 14:17:24.963000,414.2673574127612,104
2024-09-18 14:17:24.969000,414.2946494877026,5
2024-09-18 14:17:24.989000,414.2675766898909,11
2024-09-18 14:17:26.001000,414.18159878798616,14
2024-09-18 14:17:26.094000,414.2096241984666,99
2024-09-18 14:17:26.146000,414.16263021257447,5
2024-09-18 14:17:26.159000,414.2135953832869,995
2024-09-18 14:17:26.164000,414.17845360013536,995
2024-09-18 14:17:26.263000,414.1950097253986,12
2024-09-18 14:17:26.263000,414.1720403031656,98
2024-09-18 14:17:26.269000,414.1849623882753,103
2024-09-18 14:17:26.297000,414.1949771823724,5
2024-09-18 14:17:26.316000,414.1870552405901,996
2024-09-18 14:17:26.361000,414.21374833222814,997
2024-09-18 14:17:26.379000,414.17148149200153,7
2024-09-18 14:17:26.439000,414.20180161865807,9
2024-09-18 14:17:26.440000,414.20707784919216,97
2024-09-18 14:17:26.442000,414.2149978240093,999
2024-09-18 14:17:26.470000,414.1653241813163,10
2024-09-18 14:17:26.473000,414.2114447760748,1003
2024-09-18 14:17:26.513000,414.1682161225732,100
2024-09-18 14:17:26.539000,414.20067700816566,12
2024-09-18 14:17:26.549000,414.20391816411416,9
2024-09-18 14:17:26.554000,414.19877470221337,6
2024-09-18 14:17:26.632000,414.2015176264241,97
2024-09-18 14:17:26.803000,414.1937595978442,998
2024-09-18 14:17:26.820000,414.1999692621305,1002
2024-09-18 14:17:26.823000,414.1868492486455,1004
2024-09-18 14:17:26.862000,414.20746981783617,10
2024-09-18 14:17:26.873000,414.1824518429542,97
2024-09-18 14:17:26.922000,414.1870645021561,99
2024-09-18 14:17:27.106000,414.19101282434747,997
2024-09-18 14:17:27.225000,414.2148998760665,96
2024-09-18 14:17:27.357000,414.18830621307177,97
2024-09-18 14:17:27.499000,414.1831563577421,100
2024-09-18 14:17:27.750000,414.1971816241682,1003
2024-09-18 14:17:27.772000,414.1896828381712,6
2024-09-18 14:17:27.832000,414.189081232245,1003
2024-09-18 14:17:27.915000,414.1965948401036,103
2024-09-18 14:17:28.014000,414.24733862954633,996
2024-09-18 14:17:28.103000,414.261332605062,999
2024-09-18 14:17:28.145000,414.2814470439863,14
2024-09-18 14:17:28.170000,414.28122518959134,5
2024-09-18 14:17:28.178000,414.2514950565572,11
2024-09-18 14:17:28.212000,414.27623773632,1005
2024-09-18 14:17:28.301000,414.23931258615215,100
2024-09-18 14:17:28.307000,414.2694763280306,5
2024-09-18 14:17:28.310000,414.2655050770219,13
2024-09-18 14:17:28.387000,414.2244388270522,99
2024-09-18 14:17:28.431000,414.24226056906673,101
2024-09-18 14:17:28.443000,414.25284688362734,13
2024-09-18 14:17:28.465000,414.1979013228657,9
2024-09-18 14:17:28.471000,414.2651375030173,104
2024-09-18 14:17:28.475000,414.2525607946057,1005
2024-09-18 14:17:28.522000,414.2728390811348,1002
2024-09-18 14:17:28.546000,414.2168282809548,101
2024-09-18 14:17:28.549000,414.19089244252655,103
2024-09-18 14:17:28.556000,414.2723574889904,999
2024-09-18 14:17:28.659000,414.279631924406,8
2024-09-18 14:17:28.666000,414.205550120618,6
2024-09-18 14:17:28.722000,414.2038155032801,102
2024-09-18 14:17:28.735000,414.26097069506505,997
2024-09-18 14:17:28.736000,414.22982938885633,102
2024-09-18 14:17:28.801000,414.27018066746473,15
2024-09-18 14:17:28.832000,414.2385055747034,101
2024-09-18 14:17:28.860000,414.2148829249779,97
2024-09-18 14:17:28.969000,414.2449426208522,14
2024-09-18 14:17:29.013000,414.2183291739214,999
2024-09-18 14:17:29.057000,414.2137578748457,1004
2024-09-18 14:17:29.100000,414.2128531251673,995
2024-09-18 14:17:29.259000,414.2405161398417,6
2024-09-18 14:17:29.385000,414.2126437295096,6
2024-09-18 14:17:29.410000,414.1896812286034,1001
2024-09-18 14:17:29.625000,414.2038105637452,1004
2024-09-18 14:17:29.718000,414.2101386762497,998
2024-09-18 14:17:29.784000,414.2153339368562,1004
2024-09-18 14:17:29.881000,414.2203822717821,5
2024-09-18 14:17:29.906000,414.2095318778004,11
2024-09-18 14:17:29.910000,414.23614310771495,997
2024-09-18 14:17:30.049000,414.2019880456511,101
2024-09-18 14:17:30.144000,414.2013043872793,10
2024-09-18 14:17:30.201000,414.19864126151776,96
2024-09-18 14:17:30.207000,414.2138977033752,1000
2024-09-18 14:17:30.294000,414.19029781728864,6
2024-09-18 14:17:30.322000,414.1876102998164,100
2024-09-18 14:17:30.375000,414.1970860329336,9
2024-09-18 14:17:30.380000,414.1832097849323,15
2024-09-18 14:17:30.501000,414.198428334534,103
2024-09-18 14:17:30.512000,414.187891597669,997
2024-09-18 14:17:30.559000,414.1911149804818,102
2024-09-18 14:17:30.778000,414.1933821424652,14
2024-09-18 14:17:30.903000,414.2007751274402,7
2024-09-18 14:17:31.182000,414.2608630493291,1004
2024-09-18 14:17:31.318000,414.2418817638484,1000
2024-09-18 14:17:31.541000,414.244909649741,8
2024-09-18 14:17:32.016000,414.25284997435006,5
2024-09-18 14:17:32.065000,414.30102582092087,7
2024-09-18 14:17:32.084000,414.2508175676913,999
2024-09-18 14:17:32.151000,414.2940587159416,96
2024-09-18 14:17:32.168000,414.2853740935785,5
2024-09-18 14:17:32.327000,414.2929096168119,997
2024-09-18 14:17:32.338000,414.2716095715121,101
2024-09-18 14:17:32.380000,414.2554016815838,997
2024-09-18 14:17:32.392000,414.2575199992158,9
2024-09-18 14:17:32.481000,414.2901731646012,996
2024-09-18 14:17:32.495000,414.2577367123484,1002
2024-09-18 14:17:32.529000,414.2342629528344,995
2024-09-18 14:17:32.656000,414.2922792280413,9
2024-09-18 14:17:32.680000,414.2569883779908,999
2024-09-18 14:17:32.718000,414.2822764546468,13
2024-09-18 14:17:32.722000,414.3023857624183,998
2024-09-18 14:17:32.841000,414.2965389840626,1003
2024-09-18 14:17:32.854000,414.2704809366317,7
2024-09-18 14:17:32.858000,414.268857920546,9
2024-09-18 14:17:32.866000,414.2549790307273,998
2024-09-18 14:17:32.916000,414.2627493122585,7
2024-09-18 14:17:32.977000,414.2642274340927,1001
2024-09-18 14:17:32.984000,414.2899485638008,9
2024-09-18 14:17:33.036000,414.2675596560768,99
2024-09-18 14:17:33.072000,414.2746385565875,104
2024-09-18 14:17:33.530000,414.2688965282739,7
2024-09-18 14:17:33.727000,414.26423530838287,101
2024-09-18 14:17:33.789000,414.2726162807778,99
2024-09-18 14:17:33.853000,414.2607445043511,999
2024-09-18 14:17:33.955000,414.26713251084817,998
2024-09-18 14:17:34.009000,414.279489208552,1004
2024-09-18 14:17:34.172000,414.24860094260254,7
2024-09-18 14:17:34.182000,414.27054160695553,8
2024-09-18 14:17:34.190000,414.2541631631647,996
2024-09-18 14:17:34.242000,414.2512987918989,95
2024-09-18 14:17:34.272000,414.261773013218,995
2024-09-18 14:17:34.343000,414.2768223577286,102
2024-09-18 14:17:34.349000,414.2731015469009,15
2024-09-18 14:17:34.350000,414.2799488959427,98
2024-09-18 14:17:34.395000,414.3007714442068,1002
2024-09-18 14:17:34.439000,414.2598199133022,5
2024-09-18 14:17:34.455000,414.2588232556472,14
2024-09-18 14:17:34.462000,414.27080586705614,96
2024-09-18 14:17:34.504000,414.2977657966057,8
2024-09-18 14:17:34.514000,414.2763339115766,1000
2024-09-18 14:17:34.536000,414.2445311810078,12
2024-09-18 14:17:34.571000,414.26028439985686,99
2024-09-18 14:17:34.708000,414.2806860546584,102
2024-09-18 14:17:34.815000,414.2409286261408,103
2024-09-18 14:17:34.853000,414.26553137214273,995
2024-09-18 14:17:34.864000,414.2510251084797,995
2024-09-18 14:17:34.874000,414.2686488417552,101
2024-09-18 14:17:34.891000,414.271991109362,998
2024-09-18 14:17:34.916000,414.28239668296726,1004
2024-09-18 14:17:35.022000,414.3150703889446,96
2024-09-18 14:17:35.022000,414.260327692831,14
2024-09-18 14:17:35.111000,414.28919971830993,997
2024-09-18 14:17:35.177000,414.3015033968797,998
2024-09-18 14:17:35.194000,414.3214622547077,96
2024-09-18 14:17:35.273000,414.2686020860804,104
2024-09-18 14:17:35.322000,414.3006689890009,103
2024-09-18 14:17:35.368000,414.30223658485465,98
2024-09-18 14:17:35.600000,414.26780600317113,1001
2024-09-18 14:17:35.609000,414.3095546983219,102
2024-09-18 14:17:35.638000,414.2709258872794,6
2024-09-18 14:17:35.769000,414.26280457694025,97
2024-09-18 14:17:35.815000,414.32117203110886,98
2024-09-18 14:17:36.021000,414.2905048033348,5
2024-09-18 14:17:36.028000,414.2618801104591,9
2024-09-18 14:17:36.138000,414.29797939710375,1001
2024-09-18 14:17:36.177000,414.3046339245261,98
2024-09-18 14:17:36.185000,414.2412771237417,996
2024-09-18 14:17:36.226000,414.2615817151046,1004
2024-09-18 14:17:36.235000,414.303069857415,14
2024-09-18 14:17:36.250000,414.2879208206343,102
2024-09-18 14:17:36.368000,414.2735134950149,997
2024-09-18 14:17:36.376000,414.2681569755726,95
2024-09-18 14:17:36.404000,414.28389362576695,98
2024-09-18 14:17:36.430000,414.2847216629655,96
2024-09-18 14:17:36.442000,414.2676249995131,995
2024-09-18 14:17:36.481000,414.3003793333634,998
2024-09-18 14:17:36.494000,414.2895922819341,15
2024-09-18 14:17:36.555000,414.2344740365783,11
2024-09-18 14:17:36.575000,414.2962471923564,103
2024-09-18 14:17:36.650000,414.2759639668942,1004
2024-09-18 14:17:36.677000,414.26986274678734,101
2024-09-18 14:17:36.704000,414.2363108994108,14
2024-09-18 14:17:36.711000,414.31184808968015,8
2024-09-18 14:17:36.749000,414.2799085360997,99
2024-09-18 14:17:36.829000,414.26897383534265,1004
2024-09-18 14:17:36.855000,414.27092630588027,13
2024-09-18 14:17:36.892000,414.2654343313977,5
2024-09-18 14:17:36.979000,414.2816240533191,10
2024-09-18 14:17:37.042000,414.3528496095632,100
2024-09-18 14:17:37.057000,414.3677955709763,9
2024-09-18 14:17:37.065000,414.2634801922553,98
2024-09-18 14:17:37.108000,414.3759564390225,1005
2024-09-18 14:17:37.127000,414.29643446869966,1005
2024-09-18 14:17:37.159000,414.36572990495455,11
2024-09-18 14:17:37.224000,414.27785829871465,998
2024-09-18 14:17:37.261000,414.3717514635626,6
2024-09-18 14:17:37.402000,414.3412634209407,8
2024-09-18 14:17:37.403000,414.354941043783,8
2024-09-18 14:17:37.581000,414.27071822814247,102
2024-09-18 14:17:37.600000,414.3463915976579,14
2024-09-18 14:17:37.627000,414.3609981355635,104
2024-09-18 14:17:37.694000,414.3708736046405,1005
2024-09-18 14:17:37.727000,414.2629828487042,97
2024-09-18 14:17:37.792000,414.3551889276992,11
2024-09-18 14:17:37.797000,414.3761900853676,9
2024-09-18 14:17:37.873000,414.35776741665006,1003
2024-09-18 14:17:37.889000,414.3765283564055,15
2024-09-18 14:17:37.904000,414.28024930237984,99
2024-09-18 14:17:37.931000,414.2741992689825,12
2024-09-18 14:17:38.048000,414.4230703627314,9
2024-09-18 14:17:38.078000,414.34206772619046,95
2024-09-18 14:17:38.120000,414.4054572163851,1003
2024-09-18 14:17:38.334000,414.4216610391298,100
2024-09-18 14:17:38.344000,414.4003976549712,97
2024-09-18 14:17:38.357000,414.4152780351002,995
2024-09-18 14:17:38.362000,414.4136008358977,15
2024-09-18 14:17:38.365000,414.414706449831,11
2024-09-18 14:17:38.369000,414.3568987807381,101
2024-09-18 14:17:38.467000,414.3460563647523,101
2024-09-18 14:17:38.490000,414.4017308844794,1002
2024-09-18 14:17:38.518000,414.4155688857063,8
2024-09-18 14:17:38.523000,414.4221489882676,10
2024-09-18 14:17:38.527000,414.337891203128,102
2024-09-18 14:17:38.543000,414.3499270607473,1003
2024-09-18 14:17:38.606000,414.3300457898337,1002
2024-09-18 14:17:38.682000,414.343918151177,105
2024-09-18 14:17:38.701000,414.337233713193,996
2024-09-18 14:17:38.773000,414.3912296770732,6
2024-09-18 14:17:38.863000,414.344701239387,98
2024-09-18 14:17:38.889000,414.3806233358026,103
2024-09-18 14:17:38.912000,414.4040642582773,101
2024-09-18 14:17:38.996000,414.3251244368727,105
2024-09-18 14:17:39.132000,414.445975397794,105
2024-09-18 14:17:39.852000,414.4322300333717,102
2024-09-18 14:17:39.889000,414.4322539660591,14
2024-09-18 14:17:40.026000,414.4289017683253,9
2024-09-18 14:17:40.059000,414.4245409290496,101
2024-09-18 14:17:40.106000,414.48928212408265,6
2024-09-18 14:17:40.164000,414.4450400191488,97
2024-09-18 14:17:40.258000,414.4360240950204,104
2024-09-18 14:17:40.296000,414.4693271143228,997
2024-09-18 14:17:40.362000,414.47465296988895,11
2024-09-18 14:17:40.482000,414.4493240816768,995
2024-09-18 14:17:40.505000,414.4253706429387,6
2024-09-18 14:17:40.623000,414.43687767979816,104
2024-09-18 14:17:40.629000,414.45098485092166,96
2024-09-18 14:17:40.673000,414.4900462286316,1001
2024-09-18 14:17:40.742000,414.44252704097727,98
2024-09-18 14:17:40.777000,414.4575476848502,11
2024-09-18 14:17:40.854000,414.45758725528304,97
2024-09-18 14:17:40.871000,414.4680103351856,1004
2024-09-18 14:17:40.899000,414.4830354436143,1002
2024-09-18 14:17:40.900000,414.4263349766426,12
2024-09-18 14:17:41.287000,414.4890481305025,1002
2024-09-18 14:17:41.635000,414.485351640748,995
2024-09-18 14:17:42.372000,414.4869996040735,1002
2024-09-18 14:17:42.438000,414.4958253568565,8
2024-09-18 14:17:42.682000,414.5007690455129,103
2024-09-18 14:17:42.749000,414.4855901618103,1004
2024-09-18 14:17:42.904000,414.4960778897072,103
2024-09-18 14:17:42.912000,414.4992398131392,999
2024-09-18 14:17:42.982000,414.5078567964629,1001
2024-09-18 14:17:43.799000,414.5244287563453,95
2024-09-18 14:17:44.096000,414.5365463528184,997
2024-09-18 14:17:44.138000,414.5148964099202,998
2024-09-18 14:17:44.195000,414.4839147442205,1001
2024-09-18 14:17:44.250000,414.5276589916256,5
2024-09-18 14:17:44.280000,414.4175857105758,103
2024-09-18 14:17:44.313000,414.52822431473794,5
2024-09-18 14:17:44.316000,414.5146643988605,13
2024-09-18 14:17:44.356000,414.49442154665786,9
2024-09-18 14:17:44.398000,414.50417346704296,13
2024-09-18 14:17:44.405000,414.50514248361554,98
2024-09-18 14:17:44.475000,414.5230430526855,1002
2024-09-18 14:17:44.590000,414.5135407480823,998
2024-09-18 14:17:44.638000,414.5243786727771,11
2024-09-18 14:17:44.638000,414.5357919455711,15
2024-09-18 14:17:44.651000,414.4399241450833,997
2024-09-18 14:17:44.659000,414.5401890156826,101
2024-09-18 14:17:44.705000,414.5087336523555,15
2024-09-18 14:17:44.756000,414.46708734892593,999
2024-09-18 14:17:44.776000,414.4967080608183,95
2024-09-18 14:17:44.837000,414.4496015679642,998
2024-09-18 14:17:44.855000,414.5162233902173,1001
2024-09-18 14:17:44.872000,414.48960660318056,101
2024-09-18 14:17:44.949000,414.5092474867375,12
2024-09-18 14:17:44.958000,414.508633092378,97
2024-09-18 14:17:44.968000,414.5027766987066,1005
2024-09-18 14:17:44.988000,414.5177662660994,998
2024-09-18 14:17:45.041000,414.4514521778573,103
2024-09-18 14:17:45.046000,414.4546514000896,7
2024-09-18 14:17:45.051000,414.4608086449675,13
2024-09-18 14:17:45.095000,414.4510716174321,6
2024-09-18 14:17:45.208000,414.4488850748972,105
2024-09-18 14:17:45.332000,414.4278648554133,15
2024-09-18 14:17:45.340000,414.436982478021,102
2024-09-18 14:17:45.340000,414.4453837858422,1005
2024-09-18 14:17:45.362000,414.4474648172289,996
2024-09-18 14:17:45.429000,414.4458976002728,1002
2024-09-18 14:17:45.645000,414.4298080804069,97
2024-09-18 14:17:45.698000,414.4583561506348,6
2024-09-18 14:17:45.711000,414.4601956249911,1005
2024-09-18 14:17:45.727000,414.4365186869216,12
2024-09-18 14:17:45.772000,414.4508265313393,5
2024-09-18 14:17:45.793000,414.4411568899256,15
2024-09-18 14:17:45.795000,414.4412297674426,999
2024-09-18 14:17:45.809000,414.42967991320666,998
2024-09-18 14:17:45.840000,414.43474655233786,105
2024-09-18 14:17:45.845000,414.4277636601655,10
2024-09-18 14:17:45.904000,414.4516095907952,1000
2024-09-18 14:17:46.010000,414.40313530007,998
2024-09-18 14:17:46.014000,414.4525893854845,97
2024-09-18 14:17:46.050000,414.430369962532,9
2024-09-18 14:17:46.102000,414.47411368956296,97
2024-09-18 14:17:46.143000,414.396680061447,1003
2024-09-18 14:17:46.177000,414.4629459987124,98
2024-09-18 14:17:46.185000,414.4321757215696,101
2024-09-18 14:17:46.205000,414.4300840731145,10
2024-09-18 14:17:46.211000,414.3533862967538,1002
2024-09-18 14:17:46.238000,414.3811428453227,5
2024-09-18 14:17:46.282000,414.38849954409903,7
2024-09-18 14:17:46.366000,414.4163877002906,14
2024-09-18 14:17:46.417000,414.4214490204922,105
2024-09-18 14:17:46.462000,414.4303911218513,998
2024-09-18 14:17:46.468000,414.3832011451351,104
2024-09-18 14:17:46.550000,414.4581734801683,100
2024-09-18 14:17:46.587000,414.4537284017063,10
2024-09-18 14:17:46.673000,414.373304002586,99
2024-09-18 14:17:46.675000,414.3625097176904,998
2024-09-18 14:17:46.852000,414.4135015630374,997
2024-09-18 14:17:46.868000,414.4308020862408,97
2024-09-18 14:17:46.959000,414.40727263618567,12
2024-09-18 14:17:46.968000,414.44550395504615,999
2024-09-18 14:17:46.992000,414.46255301011166,1002
2024-09-18 14:17:47.011000,414.3728903385149,1003
2024-09-18 14:17:47.023000,414.3100871927994,105
2024-09-18 14:17:47.026000,414.3202778697268,104
2024-09-18 14:17:47.053000,414.32781041188,997
2024-09-18 14:17:47.072000,414.3289279981071,1001
2024-09-18 14:17:47.099000,414.34260794589005,13
2024-09-18 14:17:47.128000,414.3023311594239,1004
2024-09-18 14:17:47.203000,414.325375544972,100
2024-09-18 14:17:47.213000,414.3109997131885,996
2024-09-18 14:17:47.235000,414.3226389485933,11
2024-09-18 14:17:47.242000,414.31633215419697,15
2024-09-18 14:17:47.287000,414.3517852843001,100
2024-09-18 14:17:47.318000,414.3597909918075,6
2024-09-18 14:17:47.320000,414.3532434524859,95
2024-09-18 14:17:47.360000,414.3306189093517,995
2024-09-18 14:17:47.380000,414.3476753252796,102
2024-09-18 14:17:47.387000,414.3440604215427,996
2024-09-18 14:17:47.387000,414.34584381450776,998
2024-09-18 14:17:47.394000,414.33155982911904,10
2024-09-18 14:17:47.462000,414.34441373629744,9
2024-09-18 14:17:47.497000,414.3538029795895,11
2024-09-18 14:17:47.553000,414.3269505000629,1001
2024-09-18 14:17:47.623000,414.3620945746836,5
2024-09-18 14:17:47.685000,414.3307957944151,15
2024-09-18 14:17:47.718000,414.3674799529052,996
2024-09-18 14:17:47.750000,414.3478660941336,95
2024-09-18 14:17:47.808000,414.3490473335609,997
2024-09-18 14:17:47.852000,414.3827145716591,13
2024-09-18 14:17:47.916000,414.3048271770258,995
2024-09-18 14:17:47.988000,414.3754524529863,98
2024-09-18 14:17:48.088000,414.3000835482979,97
2024-09-18 14:17:48.095000,414.2574989600916,96
2024-09-18 14:17:48.120000,414.2748234780922,103
2024-09-18 14:17:48.131000,414.2794637418142,1004
2024-09-18 14:17:48.281000,414.28644478872496,101
2024-09-18 14:17:48.392000,414.2948634308188,7
2024-09-18 14:17:48.398000,414.31560129082766,999
2024-09-18 14:17:48.495000,414.2856046427796,995
2024-09-18 14:17:48.533000,414.2794979214476,97
2024-09-18 14:17:48.598000,414.2681318944293,999
2024-09-18 14:17:48.636000,414.301906726534,1002
2024-09-18 14:17:48.645000,414.3130996783625,5
2024-09-18 14:17:48.655000,414.2591409950591,103
2024-09-18 14:17:48.672000,414.2956346180236,996
2024-09-18 14:17:48.696000,414.3079774864737,102
2024-09-18 14:17:48.711000,414.3118670964597,96
2024-09-18 14:17:48.802000,414.2990007319611,14
2024-09-18 14:17:48.815000,414.27040503858336,96
2024-09-18 14:17:48.836000,414.2618360547909,998
2024-09-18 14:17:48.837000,414.26287359247993,1001
2024-09-18 14:17:48.856000,414.25535941164446,5
2024-09-18 14:17:48.893000,414.2814996974299,996
2024-09-18 14:17:48.958000,414.2768325951912,95
2024-09-18 14:17:48.987000,414.2601034389786,8
2024-09-18 14:17:49.243000,414.23818287175294,105
2024-09-18 14:17:49.274000,414.2703313458024,103
2024-09-18 14:17:49.615000,414.2432386973541,8
2024-09-18 14:17:49.705000,414.2423353676752,104
2024-09-18 14:17:49.717000,414.2571340638,95
2024-09-18 14:17:49.835000,414.2784583083288,104
2024-09-18 14:17:49.980000,414.261612371797,98
2024-09-18 14:17:50.012000,414.2609097834161,8
2024-09-18 14:17:50.253000,414.25414665544935,9
2024-09-18 14:17:50.273000,414.2713741415224,998
2024-09-18 14:17:50.367000,414.2603427122492,1005
2024-09-18 14:17:50.736000,414.24550836852745,14
2024-09-18 14:17:50.920000,414.2624668101653,99
2024-09-18 14:17:51.102000,414.2689214789498,8
2024-09-18 14:17:51.175000,414.2937818063324,102
2024-09-18 14:17:51.219000,414.2696459909244,13
2024-09-18 14:17:51.243000,414.26737044834505,1004
2024-09-18 14:17:51.246000,414.2885527986592,12
2024-09-18 14:17:51.377000,414.2743780993326,96
2024-09-18 14:17:51.401000,414.2720310449389,1001
2024-09-18 14:17:51.470000,414.27109513585566,1001
2024-09-18 14:17:51.537000,414.2583509832561,100
2024-09-18 14:17:51.569000,414.27273765608106,97
2024-09-18 14:17:51.585000,414.2778853905972,1005
2024-09-18 14:17:51.601000,414.2631899707127,1005
2024-09-18 14:17:51.683000,414.26202261783976,996
2024-09-18 14:17:51.935000,414.2640821922671,995
2024-09-18 14:17:51.970000,414.2801606006975,102
2024-09-18 14:17:52.059000,414.3002659035598,5
2024-09-18 14:17:52.093000,414.3327159035475,996
2024-09-18 14:17:52.099000,414.338310503044,15
2024-09-18 14:17:52.178000,414.312549803032,96
2024-09-18 14:17:52.439000,414.3137169766358,5
2024-09-18 14:17:52.455000,414.32299020328674,12
2024-09-18 14:17:52.545000,414.2849284511704,14
2024-09-18 14:17:52.576000,414.28982262486034,96
2024-09-18 14:17:52.636000,414.34542853054927,14
2024-09-18 14:17:52.642000,414.3009590141072,6
2024-09-18 14:17:52.651000,414.3141769209428,99
2024-09-18 14:17:52.782000,414.3475873613533,10
2024-09-18 14:17:52.811000,414.3322899999778,1004
2024-09-18 14:17:52.868000,414.3248681540211,101
2024-09-18 14:17:53.180000,414.35097127327015,1001
2024-09-18 14:17:53.216000,414.29790176285,15
2024-09-18 14:17:53.256000,414.2968403430524,5
2024-09-18 14:17:53.473000,414.3031017544401,1001
2024-09-18 14:17:53.567000,414.2773257605952,996
2024-09-18 14:17:53.654000,414.3269143311049,100
2024-09-18 14:17:53.678000,414.304380492891,96
2024-09-18 14:17:53.749000,414.3047690963802,7
2024-09-18 14:17:53.758000,414.3063271741188,1002
2024-09-18 14:17:53.853000,414.3150231042981,99
2024-09-18 14:17:53.872000,414.2938333866424,10
2024-09-18 14:17:53.889000,414.3034230346254,995
2024-09-18 14:17:53.916000,414.3059823496225,1002
2024-09-18 14:17:53.941000,414.3431272496614,996
2024-09-18 14:17:53.960000,414.2923315438376,995
2024-09-18 14:17:54.014000,414.3182243409208,996
2024-09-18 14:17:54.018000,414.2616121688724,1002
2024-09-18 14:17:54.127000,414.2818856738186,1001
2024-09-18 14:17:54.149000,414.27905208712815,998
2024-09-18 14:17:54.272000,414.328383867598,105
2024-09-18 14:17:54.284000,414.2560849048787,998
2024-09-18 14:17:54.345000,414.26020682613887,97
2024-09-18 14:17:54.364000,414.2800762615176,104
2024-09-18 14:17:54.370000,414.2990226792117,100
2024-09-18 14:17:54.455000,414.3085016741407,6
2024-09-18 14:17:54.641000,414.28743577339753,99
2024-09-18 14:17:54.821000,414.2854730712158,996
2024-09-18 14:17:54.842000,414.3184999194744,1001
2024-09-18 14:17:54.956000,414.2539865180148,105
2024-09-18 14:17:54.957000,414.299624677589,1003
2024-09-18 14:17:55.001000,414.14615010898666,997
2024-09-18 14:17:55.002000,414.1817692432626,1001
2024-09-18 14:17:55.005000,414.2489828711484,9
2024-09-18 14:17:55.069000,414.2439837907377,995
2024-09-18 14:17:55.072000,414.2495998366105,998
2024-09-18 14:17:55.103000,414.18625171313744,1002
2024-09-18 14:17:55.115000,414.224946159981,96
2024-09-18 14:17:55.126000,414.1937115687376,12
2024-09-18 14:17:55.139000,414.1828557283963,12
2024-09-18 14:17:55.151000,414.17265534038665,995
2024-09-18 14:17:55.196000,414.170197423808,97
2024-09-18 14:17:55.203000,414.1562717810284,7
2024-09-18 14:17:55.258000,414.22414164406985,104
2024-09-18 14:17:55.391000,414.15147192082736,1001
2024-09-18 14:17:55.421000,414.1921721852029,14
2024-09-18 14:17:55.428000,414.2224728309696,15
2024-09-18 14:17:55.582000,414.2080329520828,1002
2024-09-18 14:17:55.600000,414.175748225677,13
2024-09-18 14:17:55.611000,414.2040039682662,1001
2024-09-18 14:17:55.641000,414.1612388528319,998
2024-09-18 14:17:55.810000,414.2486682045537,96
2024-09-18 14:17:55.814000,414.2404160732166,95
2024-09-18 14:17:55.872000,414.2176622502764,999
2024-09-18 14:17:55.913000,414.22591208928,998
2024-09-18 14:17:55.996000,414.2005212778241,1001
2024-09-18 14:17:56.415000,414.1911912532749,8
2024-09-18 14:17:56.611000,414.1845857804366,96
2024-09-18 14:17:56.789000,414.1911526334868,95
2024-09-18 14:17:56.801000,414.1834133816408,1004
2024-09-18 14:17:56.805000,414.18126222045527,101
2024-09-18 14:17:56.917000,414.1901728967058,5
2024-09-18 14:17:57.080000,414.19516493814,5
2024-09-18 14:17:57.124000,414.1627346294305,5
2024-09-18 14:17:57.162000,414.1207235262272,102
2024-09-18 14:17:57.187000,414.1847663558076,1002
2024-09-18 14:17:57.194000,414.13543605649664,12
2024-09-18 14:17:57.216000,414.1925078023161,7
2024-09-18 14:17:57.282000,414.1447423688391,1003
2024-09-18 14:17:57.282000,414.1870875168821,13
2024-09-18 14:17:57.365000,414.1784408493558,104
2024-09-18 14:17:57.379000,414.20367083429664,12
2024-09-18 14:17:57.420000,414.1461265418615,97
2024-09-18 14:17:57.487000,414.2014460415165,98
2024-09-18 14:17:57.555000,414.1316043458137,998
2024-09-18 14:17:57.564000,414.21149521327175,104
2024-09-18 14:17:57.603000,414.1373882786457,5
2024-09-18 14:17:57.607000,414.2111038694033,99
2024-09-18 14:17:57.625000,414.2016338449683,11
2024-09-18 14:17:57.651000,414.1837969781008,105
2024-09-18 14:17:57.653000,414.1936819942068,999
2024-09-18 14:17:57.656000,414.1550843506713,1002
2024-09-18 14:17:57.691000,414.1519691533439,6
2024-09-18 14:17:57.709000,414.1311456895604,104
2024-09-18 14:17:57.732000,414.1330494427512,11
2024-09-18 14:17:57.796000,414.1871644916857,102
2024-09-18 14:17:57.885000,414.1630143860247,999
2024-09-18 14:17:57.925000,414.2081622295036,104
2024-09-18 14:17:57.954000,414.1813542931589,104
2024-09-18 14:17:57.957000,414.1961978174313,99
2024-09-18 14:17:58.012000,414.0870103983874,999
2024-09-18 14:17:58.060000,414.09825736276,1003
2024-09-18 14:17:58.065000,414.0823504125324,997
2024-09-18 14:17:58.183000,414.0896355347869,14
2024-09-18 14:17:58.197000,414.0777365108543,8
2024-09-18 14:17:58.262000,414.0842063708674,996
2024-09-18 14:17:58.611000,414.12485266979263,6
2024-09-18 14:17:58.617000,414.1196444219544,99
2024-09-18 14:17:58.626000,414.0994498816671,9
2024-09-18 14:17:58.649000,414.1007317141356,97
2024-09-18 14:17:58.678000,414.1173786812728,1002
2024-09-18 14:17:58.685000,414.1111712088969,105
2024-09-18 14:17:58.946000,414.0970302609728,995
2024-09-18 14:17:58.976000,414.1381634321894,1005
2024-09-18 14:17:59.033000,414.1433687650813,995
2024-09-18 14:17:59.275000,414.1431044461754,105
2024-09-18 14:17:59.318000,414.1413066819234,12
2024-09-18 14:17:59.321000,414.1243779987096,1001
2024-09-18 14:17:59.372000,414.1540150362354,13
2024-09-18 14:17:59.390000,414.143962973354,15
2024-09-18 14:17:59.501000,414.1230454811401,1001
2024-09-18 14:17:59.560000,414.1417116416535,1003
2024-09-18 14:17:59.566000,414.1326141905772,5
2024-09-18 14:17:59.691000,414.13241161031135,998
2024-09-18 14:17:59.726000,414.12997629642905,1004
2024-09-18 14:17:59.741000,414.1205816777464,8
2024-09-18 14:17:59.806000,414.1295571672259,998
2024-09-18 14:17:59.901000,414.12643049991937,1002
2024-09-18 14:17:59.937000,414.1285898423623,97
2024-09-18 14:17:59.959000,414.11650451129407,102
