Timestamp,Price,Size
2024-09-17 12:22:00.014000,408.6303351985749,102
2024-09-17 12:22:00.030000,408.6294883658614,7
2024-09-17 12:22:00.068000,408.6282788461976,10
2024-09-17 12:22:00.080000,408.63538776582857,104
2024-09-17 12:22:00.333000,408.60790995897617,13
2024-09-17 12:22:00.337000,408.6341545025189,1001
2024-09-17 12:22:00.361000,408.6185450256456,103
2024-09-17 12:22:00.532000,408.5929861900597,995
2024-09-17 12:22:00.543000,408.6351607052642,1001
2024-09-17 12:22:00.581000,408.60927136229753,5
2024-09-17 12:22:00.607000,408.6301585563744,997
2024-09-17 12:22:00.669000,408.6349395272491,101
2024-09-17 12:22:00.777000,408.6333430937652,6
2024-09-17 12:22:00.830000,408.61723790544266,96
2024-09-17 12:22:00.839000,408.6520345463817,104
2024-09-17 12:22:00.850000,408.6714878789432,101
2024-09-17 12:22:00.899000,408.6079600822762,100
2024-09-17 12:22:00.926000,408.6598866663121,998
2024-09-17 12:22:00.928000,408.6273094825623,11
2024-09-17 12:22:00.957000,408.6580047397915,7
2024-09-17 12:22:01.117000,408.6661544288048,13
2024-09-17 12:22:01.398000,408.667799878371,100
2024-09-17 12:22:01.965000,408.6770010584256,9
2024-09-17 12:22:02.092000,408.67428554795,996
2024-09-17 12:22:02.109000,408.6349724527257,1002
2024-09-17 12:22:02.128000,408.6821079192397,1004
2024-09-17 12:22:02.148000,408.66811779194967,1005
2024-09-17 12:22:02.172000,408.672294565001,5
2024-09-17 12:22:02.176000,408.6641310573944,1005
2024-09-17 12:22:02.199000,408.6776018228264,1000
2024-09-17 12:22:02.266000,408.6833152725292,1003
2024-09-17 12:22:02.368000,408.6784794422143,101
2024-09-17 12:22:02.429000,408.640628222294,97
2024-09-17 12:22:02.443000,408.66146032540496,105
2024-09-17 12:22:02.476000,408.6323454942661,98
2024-09-17 12:22:02.486000,408.6473834642428,100
2024-09-17 12:22:02.534000,408.67609658633074,105
2024-09-17 12:22:02.548000,408.66821531560703,12
2024-09-17 12:22:02.625000,408.7007683096501,95
2024-09-17 12:22:02.639000,408.6744691249813,7
2024-09-17 12:22:02.641000,408.6241759257527,1003
2024-09-17 12:22:02.693000,408.6702589686871,1004
2024-09-17 12:22:02.708000,408.6719219029507,1001
2024-09-17 12:22:02.740000,408.6930645199785,997
2024-09-17 12:22:02.745000,408.6850113074025,14
2024-09-17 12:22:02.839000,408.67057753311184,6
2024-09-17 12:22:02.845000,408.6692716321866,7
2024-09-17 12:22:02.868000,408.6651191361493,1002
2024-09-17 12:22:02.901000,408.6993215857621,1002
2024-09-17 12:22:02.948000,408.6665784650135,12
2024-09-17 12:22:03.042000,408.6508877149168,997
2024-09-17 12:22:03.262000,408.6497801609812,1003
2024-09-17 12:22:03.300000,408.6628948264479,96
2024-09-17 12:22:03.342000,408.6605058695622,5
2024-09-17 12:22:03.354000,408.65581197360007,1003
2024-09-17 12:22:03.375000,408.6727427161001,996
2024-09-17 12:22:03.421000,408.68214946243046,7
2024-09-17 12:22:03.465000,408.6913088302748,104
2024-09-17 12:22:03.524000,408.6747919666806,98
2024-09-17 12:22:03.562000,408.6484693026622,1000
2024-09-17 12:22:03.620000,408.652860098152,6
2024-09-17 12:22:03.666000,408.63784684148254,1004
2024-09-17 12:22:03.729000,408.6642583051053,997
2024-09-17 12:22:03.802000,408.6445192972389,5
2024-09-17 12:22:03.854000,408.6662028355585,98
2024-09-17 12:22:03.874000,408.66064976195776,1001
2024-09-17 12:22:03.974000,408.6273286915882,13
2024-09-17 12:22:04.094000,408.7414462428949,104
2024-09-17 12:22:04.103000,408.6752796420439,102
2024-09-17 12:22:04.108000,408.7442270402833,9
2024-09-17 12:22:04.128000,408.7475043397547,102
2024-09-17 12:22:04.241000,408.73390296871,12
2024-09-17 12:22:04.327000,408.6814497317547,105
2024-09-17 12:22:04.390000,408.748263388897,1000
2024-09-17 12:22:04.420000,408.70565405263466,7
2024-09-17 12:22:04.425000,408.66895925362667,1003
2024-09-17 12:22:04.431000,408.6827208405928,1005
2024-09-17 12:22:04.551000,408.714259669272,1000
2024-09-17 12:22:04.589000,408.69501930052814,105
2024-09-17 12:22:04.603000,408.6808070670735,1003
2024-09-17 12:22:04.635000,408.6974417351204,1003
2024-09-17 12:22:04.676000,408.6843232943161,6
2024-09-17 12:22:04.754000,408.7074115643452,96
2024-09-17 12:22:04.789000,408.6967986774307,96
2024-09-17 12:22:05.015000,408.67281174326666,5
2024-09-17 12:22:05.018000,408.70802290874747,100
2024-09-17 12:22:05.091000,408.694083126925,1005
2024-09-17 12:22:05.182000,408.7061285038089,1004
2024-09-17 12:22:05.189000,408.6910044314535,14
2024-09-17 12:22:05.311000,408.7083129345685,95
2024-09-17 12:22:05.350000,408.70359890928137,9
2024-09-17 12:22:05.350000,408.70688035940657,998
2024-09-17 12:22:05.550000,408.69666834851006,998
2024-09-17 12:22:05.590000,408.6774517286223,13
2024-09-17 12:22:05.662000,408.7008543288215,105
2024-09-17 12:22:05.754000,408.7074291884623,98
2024-09-17 12:22:05.847000,408.68726495813695,1001
2024-09-17 12:22:05.910000,408.7059589271858,5
2024-09-17 12:22:06.062000,408.6418407794918,999
2024-09-17 12:22:06.088000,408.6791601032075,99
2024-09-17 12:22:06.101000,408.6160427332647,8
2024-09-17 12:22:06.120000,408.6583205026953,95
2024-09-17 12:22:06.168000,408.6629439328051,1000
2024-09-17 12:22:06.173000,408.6590612687231,1003
2024-09-17 12:22:06.333000,408.6300933063405,103
2024-09-17 12:22:06.407000,408.6520068662443,103
2024-09-17 12:22:06.452000,408.660097378068,995
2024-09-17 12:22:06.461000,408.6787058015037,10
2024-09-17 12:22:06.505000,408.6577010532913,95
2024-09-17 12:22:06.520000,408.6577593537482,96
2024-09-17 12:22:06.579000,408.64652414734576,100
2024-09-17 12:22:06.591000,408.6523574795484,1004
2024-09-17 12:22:06.601000,408.6714409835405,12
2024-09-17 12:22:06.679000,408.6503142955137,7
2024-09-17 12:22:06.734000,408.6701964015273,97
2024-09-17 12:22:06.885000,408.6685347466701,996
2024-09-17 12:22:06.887000,408.6719926593612,1001
2024-09-17 12:22:06.953000,408.6546962821313,9
2024-09-17 12:22:07.150000,408.6584142346141,97
2024-09-17 12:22:07.153000,408.6372667573158,98
2024-09-17 12:22:07.243000,408.6461279612529,7
2024-09-17 12:22:07.332000,408.6567330787547,11
2024-09-17 12:22:07.355000,408.6453796060269,100
2024-09-17 12:22:07.393000,408.64659473846575,1005
2024-09-17 12:22:07.481000,408.64735094735033,105
2024-09-17 12:22:07.608000,408.6358082110106,1004
2024-09-17 12:22:07.669000,408.61902496926353,13
2024-09-17 12:22:07.689000,408.6221604805948,101
2024-09-17 12:22:07.710000,408.6188725068256,1004
2024-09-17 12:22:07.743000,408.6235433402066,1005
2024-09-17 12:22:07.756000,408.62298137626,100
2024-09-17 12:22:07.831000,408.6404940773988,100
2024-09-17 12:22:07.901000,408.6350698092304,1002
2024-09-17 12:22:07.949000,408.6578364088514,1000
2024-09-17 12:22:08.637000,408.6425601133514,105
2024-09-17 12:22:09.072000,408.5727329236285,15
2024-09-17 12:22:09.081000,408.607723054285,97
2024-09-17 12:22:09.085000,408.6136829937475,998
2024-09-17 12:22:09.135000,408.5837685686676,12
2024-09-17 12:22:09.233000,408.60197673966536,7
2024-09-17 12:22:09.390000,408.61568955652086,8
2024-09-17 12:22:09.454000,408.5958697816555,1003
2024-09-17 12:22:09.467000,408.56697754730175,14
2024-09-17 12:22:09.501000,408.6288383060246,13
2024-09-17 12:22:09.632000,408.5981545490415,12
2024-09-17 12:22:09.645000,408.6224197625479,8
2024-09-17 12:22:09.660000,408.5853637635757,1005
2024-09-17 12:22:09.669000,408.59187285378334,105
2024-09-17 12:22:09.811000,408.618695571472,14
2024-09-17 12:22:09.850000,408.6109678710538,1000
2024-09-17 12:22:09.933000,408.5872301379942,7
2024-09-17 12:22:10.022000,408.6106831511794,98
2024-09-17 12:22:10.082000,408.6104098007576,8
2024-09-17 12:22:10.136000,408.59322013541697,12
2024-09-17 12:22:10.156000,408.6074719974068,104
2024-09-17 12:22:10.244000,408.608190624571,1002
2024-09-17 12:22:10.288000,408.6058432917205,1004
2024-09-17 12:22:10.290000,408.5969953611735,95
2024-09-17 12:22:10.349000,408.5893759914461,99
2024-09-17 12:22:10.458000,408.6102146573797,99
2024-09-17 12:22:10.519000,408.62319256958114,996
2024-09-17 12:22:10.527000,408.6104176320318,8
2024-09-17 12:22:10.677000,408.6053735410474,997
2024-09-17 12:22:10.713000,408.6145279837169,98
2024-09-17 12:22:10.726000,408.60327853481255,11
2024-09-17 12:22:10.810000,408.6373606687872,98
2024-09-17 12:22:10.856000,408.5990941926424,100
2024-09-17 12:22:10.981000,408.6048713826041,101
2024-09-17 12:22:10.994000,408.6227496064533,105
2024-09-17 12:22:11.250000,408.6188987618503,98
2024-09-17 12:22:11.347000,408.656451595544,1004
2024-09-17 12:22:11.524000,408.63343384948513,99
2024-09-17 12:22:11.711000,408.64161916224106,5
2024-09-17 12:22:11.779000,408.6254747825757,1000
2024-09-17 12:22:11.985000,408.64161240712457,1003
2024-09-17 12:22:12.023000,408.6155148028597,1003
2024-09-17 12:22:12.078000,408.6308954054223,8
2024-09-17 12:22:12.089000,408.6113380791,1002
2024-09-17 12:22:12.126000,408.63556302851936,13
2024-09-17 12:22:12.211000,408.6156981963799,14
2024-09-17 12:22:12.283000,408.6432150157716,102
2024-09-17 12:22:12.304000,408.6322902473059,96
2024-09-17 12:22:12.334000,408.644541962136,98
2024-09-17 12:22:12.460000,408.6152755056162,995
2024-09-17 12:22:12.462000,408.6167778539595,105
2024-09-17 12:22:12.465000,408.59989144880217,101
2024-09-17 12:22:12.501000,408.6235012984865,1005
2024-09-17 12:22:12.525000,408.6038923764055,14
2024-09-17 12:22:12.604000,408.6448314325152,5
2024-09-17 12:22:12.670000,408.64636221128063,995
2024-09-17 12:22:12.760000,408.6146394838546,11
2024-09-17 12:22:12.763000,408.6414717447671,103
2024-09-17 12:22:12.793000,408.6452760862302,997
2024-09-17 12:22:12.826000,408.6451155308821,97
2024-09-17 12:22:12.857000,408.6218559680582,95
2024-09-17 12:22:12.878000,408.6468213570244,96
2024-09-17 12:22:12.893000,408.6363073500961,13
2024-09-17 12:22:12.990000,408.6147573063738,14
2024-09-17 12:22:13.166000,408.6535345588319,11
2024-09-17 12:22:13.258000,408.63023438294886,998
2024-09-17 12:22:13.259000,408.64413021937503,1004
2024-09-17 12:22:13.265000,408.6032037593958,7
2024-09-17 12:22:13.353000,408.6415207340674,7
2024-09-17 12:22:13.380000,408.64487557933376,12
2024-09-17 12:22:13.439000,408.6515028696876,12
2024-09-17 12:22:13.450000,408.587102702628,1001
2024-09-17 12:22:13.475000,408.5742685112391,996
2024-09-17 12:22:13.527000,408.6028429700604,13
2024-09-17 12:22:13.561000,408.62420228006056,96
2024-09-17 12:22:13.572000,408.60733181602745,1000
2024-09-17 12:22:13.611000,408.5890640879759,8
2024-09-17 12:22:13.833000,408.6433274257786,14
2024-09-17 12:22:13.863000,408.5818898457632,995
2024-09-17 12:22:13.874000,408.6008632558477,1003
2024-09-17 12:22:13.879000,408.6419209925244,8
2024-09-17 12:22:13.953000,408.639551566317,1001
2024-09-17 12:22:14.189000,408.5967437932536,1005
2024-09-17 12:22:14.250000,408.63205439582674,103
2024-09-17 12:22:14.493000,408.5935118096479,5
2024-09-17 12:22:14.494000,408.6032057473448,98
2024-09-17 12:22:14.982000,408.5938603030422,12
2024-09-17 12:22:15.028000,408.57054744847096,100
2024-09-17 12:22:15.100000,408.5715498000704,995
2024-09-17 12:22:15.116000,408.5999922053352,99
2024-09-17 12:22:15.123000,408.60754996417023,995
2024-09-17 12:22:15.254000,408.58874859168407,9
2024-09-17 12:22:15.479000,408.6265988065482,14
2024-09-17 12:22:15.515000,408.5517229615865,6
2024-09-17 12:22:15.583000,408.6108891481202,15
2024-09-17 12:22:15.703000,408.5400935334121,13
2024-09-17 12:22:15.971000,408.5521094144145,105
2024-09-17 12:22:16.044000,408.585324308411,99
2024-09-17 12:22:16.060000,408.5655345875714,996
2024-09-17 12:22:16.095000,408.5377656004986,13
2024-09-17 12:22:16.137000,408.5283556561082,1003
2024-09-17 12:22:16.139000,408.5794790332224,995
2024-09-17 12:22:16.176000,408.5755751416288,7
2024-09-17 12:22:16.241000,408.5199897975662,1000
2024-09-17 12:22:16.257000,408.58503641807135,1002
2024-09-17 12:22:16.282000,408.5336078769815,12
2024-09-17 12:22:16.307000,408.548356715066,9
2024-09-17 12:22:16.335000,408.5553633774367,99
2024-09-17 12:22:16.353000,408.5240479975456,102
2024-09-17 12:22:16.398000,408.5541155985368,5
2024-09-17 12:22:16.442000,408.51701940702577,5
2024-09-17 12:22:16.507000,408.56255693673086,103
2024-09-17 12:22:16.538000,408.57614065483807,99
2024-09-17 12:22:16.540000,408.58463080430704,6
2024-09-17 12:22:16.562000,408.5626672318259,13
2024-09-17 12:22:16.563000,408.53267927570766,1001
2024-09-17 12:22:16.636000,408.5754888700768,99
2024-09-17 12:22:16.817000,408.5456712583366,5
2024-09-17 12:22:16.844000,408.5311956610008,1005
2024-09-17 12:22:16.930000,408.5268450754574,998
2024-09-17 12:22:17.026000,408.59466567218345,1000
2024-09-17 12:22:17.039000,408.4851051667368,100
2024-09-17 12:22:17.044000,408.5595800435864,13
2024-09-17 12:22:17.051000,408.5178314829366,10
2024-09-17 12:22:17.060000,408.5300455468594,105
2024-09-17 12:22:17.061000,408.51171577919206,9
2024-09-17 12:22:17.105000,408.6102253425154,98
2024-09-17 12:22:17.165000,408.5475939590071,1003
2024-09-17 12:22:17.176000,408.4734605590105,11
2024-09-17 12:22:17.183000,408.5943226181466,97
2024-09-17 12:22:17.217000,408.61729362893976,95
2024-09-17 12:22:17.281000,408.5498140263717,10
2024-09-17 12:22:17.414000,408.4463053457425,105
2024-09-17 12:22:17.458000,408.46414642368575,105
2024-09-17 12:22:17.568000,408.5923296900476,9
2024-09-17 12:22:17.584000,408.46147600465423,7
2024-09-17 12:22:17.584000,408.5518230084686,99
2024-09-17 12:22:17.693000,408.5341621510625,1005
2024-09-17 12:22:17.694000,408.4475321558689,102
2024-09-17 12:22:17.732000,408.4723440635517,1000
2024-09-17 12:22:17.751000,408.49551142527736,1005
2024-09-17 12:22:17.751000,408.620863513497,14
2024-09-17 12:22:17.762000,408.5850267237179,7
2024-09-17 12:22:17.768000,408.4635128456118,996
2024-09-17 12:22:17.786000,408.5329466753452,101
2024-09-17 12:22:17.814000,408.6150670383557,13
2024-09-17 12:22:18.040000,408.4723773688944,1001
2024-09-17 12:22:18.088000,408.4762297102183,12
2024-09-17 12:22:18.184000,408.4836534560797,105
2024-09-17 12:22:18.211000,408.4807740675481,997
2024-09-17 12:22:18.309000,408.5067170866815,1004
2024-09-17 12:22:18.322000,408.5109932136296,999
2024-09-17 12:22:18.382000,408.4719888178827,13
2024-09-17 12:22:18.398000,408.4908115145039,1001
2024-09-17 12:22:18.399000,408.478814457995,1005
2024-09-17 12:22:18.528000,408.4885819476209,104
2024-09-17 12:22:18.572000,408.4706424226265,14
2024-09-17 12:22:18.592000,408.51454113847205,1000
2024-09-17 12:22:18.604000,408.4971813881701,995
2024-09-17 12:22:18.648000,408.4808822220523,9
2024-09-17 12:22:18.693000,408.49603052431576,96
2024-09-17 12:22:18.695000,408.472297805138,1001
2024-09-17 12:22:18.712000,408.4959758632204,96
2024-09-17 12:22:18.786000,408.4825307796482,5
2024-09-17 12:22:18.800000,408.4859180719442,999
2024-09-17 12:22:18.836000,408.46933556903576,99
2024-09-17 12:22:18.880000,408.4982943149827,5
2024-09-17 12:22:18.938000,408.513971902628,13
2024-09-17 12:22:19.037000,408.5016707573841,997
2024-09-17 12:22:19.040000,408.4938413769953,11
2024-09-17 12:22:19.181000,408.5006723768804,1004
2024-09-17 12:22:19.232000,408.4974575677368,11
2024-09-17 12:22:19.283000,408.5129127258823,996
2024-09-17 12:22:19.372000,408.4864990665935,14
2024-09-17 12:22:19.378000,408.5105483254482,13
2024-09-17 12:22:19.421000,408.4781977645589,1004
2024-09-17 12:22:19.458000,408.5028966049281,100
2024-09-17 12:22:19.509000,408.4740050772504,997
2024-09-17 12:22:19.637000,408.4951487212716,13
2024-09-17 12:22:19.702000,408.5039188381512,1001
2024-09-17 12:22:19.704000,408.51502690528906,103
2024-09-17 12:22:19.776000,408.5103793558525,9
2024-09-17 12:22:19.877000,408.4851844363575,1003
2024-09-17 12:22:20.009000,408.52413324945945,14
2024-09-17 12:22:20.027000,408.5658602767029,95
2024-09-17 12:22:20.140000,408.5938049349608,105
2024-09-17 12:22:20.156000,408.5761079806213,98
2024-09-17 12:22:20.157000,408.56781029659845,98
2024-09-17 12:22:20.260000,408.5561338875035,998
2024-09-17 12:22:20.355000,408.5439484948729,96
2024-09-17 12:22:20.356000,408.5239346034092,13
2024-09-17 12:22:20.368000,408.52778608919607,104
2024-09-17 12:22:20.445000,408.5221430139205,1000
2024-09-17 12:22:20.471000,408.50079545473824,996
2024-09-17 12:22:20.482000,408.5985988094448,1005
2024-09-17 12:22:20.544000,408.5475746612661,1002
2024-09-17 12:22:20.583000,408.4958019378405,1000
2024-09-17 12:22:20.584000,408.588597201589,105
2024-09-17 12:22:20.619000,408.59315706217245,998
2024-09-17 12:22:20.780000,408.5364839764563,10
2024-09-17 12:22:20.881000,408.5352010709918,98
2024-09-17 12:22:20.883000,408.5271002206636,999
2024-09-17 12:22:20.890000,408.54398008625327,6
2024-09-17 12:22:20.942000,408.5161000623622,11
2024-09-17 12:22:20.949000,408.54597081901846,1004
2024-09-17 12:22:20.961000,408.52375482098296,12
2024-09-17 12:22:20.986000,408.50239830886,999
2024-09-17 12:22:21.447000,408.5709483820241,13
2024-09-17 12:22:22.033000,408.5970479345258,1005
2024-09-17 12:22:22.034000,408.6082140914263,11
2024-09-17 12:22:22.036000,408.6185280887214,103
2024-09-17 12:22:22.109000,408.6129549813649,12
2024-09-17 12:22:22.171000,408.60995690727486,102
2024-09-17 12:22:22.229000,408.6167438409969,14
2024-09-17 12:22:22.423000,408.5929920017527,15
2024-09-17 12:22:22.505000,408.599937161065,13
2024-09-17 12:22:22.510000,408.6244798427377,1002
2024-09-17 12:22:22.575000,408.5975247856095,14
2024-09-17 12:22:22.610000,408.64927561785856,101
2024-09-17 12:22:22.614000,408.65229682547016,15
2024-09-17 12:22:22.712000,408.64747457397937,1003
2024-09-17 12:22:22.764000,408.58842084680487,100
2024-09-17 12:22:22.785000,408.6216433005704,12
2024-09-17 12:22:22.845000,408.64535850170665,12
2024-09-17 12:22:22.933000,408.6422315574724,9
2024-09-17 12:22:22.939000,408.59241415466647,996
2024-09-17 12:22:23.009000,408.66229119884673,14
2024-09-17 12:22:23.169000,408.6479689011023,95
2024-09-17 12:22:23.266000,408.6571168801041,105
2024-09-17 12:22:23.273000,408.661197075663,995
2024-09-17 12:22:23.273000,408.638396552967,5
2024-09-17 12:22:23.303000,408.6353404166063,1004
2024-09-17 12:22:23.331000,408.606058647178,1003
2024-09-17 12:22:23.339000,408.65438433795833,10
2024-09-17 12:22:23.373000,408.6720281221682,999
2024-09-17 12:22:23.377000,408.6502974265864,5
2024-09-17 12:22:23.499000,408.64275759312,12
2024-09-17 12:22:23.579000,408.6172762668534,1000
2024-09-17 12:22:23.633000,408.67466150661886,12
2024-09-17 12:22:23.661000,408.6520382736499,6
2024-09-17 12:22:23.671000,408.6190319355998,98
2024-09-17 12:22:23.674000,408.6243124468477,13
2024-09-17 12:22:23.692000,408.6435067835134,9
2024-09-17 12:22:23.701000,408.6630176875833,105
2024-09-17 12:22:23.702000,408.64947185989007,1002
2024-09-17 12:22:23.868000,408.632096797058,15
2024-09-17 12:22:23.939000,408.6694768570678,1003
2024-09-17 12:22:23.954000,408.6371283284231,105
2024-09-17 12:22:24.058000,408.6778190635748,101
2024-09-17 12:22:24.087000,408.6407165575238,7
2024-09-17 12:22:24.137000,408.6868627385829,6
2024-09-17 12:22:24.261000,408.6552137797713,998
2024-09-17 12:22:24.624000,408.64668601638624,998
2024-09-17 12:22:24.681000,408.69089454124565,12
2024-09-17 12:22:24.748000,408.695157761544,999
2024-09-17 12:22:24.797000,408.6708875612811,1003
2024-09-17 12:22:24.937000,408.6698448424939,6
2024-09-17 12:22:25.039000,408.6481175357078,1004
2024-09-17 12:22:25.054000,408.7051791610432,100
2024-09-17 12:22:25.091000,408.63607481588485,7
2024-09-17 12:22:25.108000,408.63695461031136,12
2024-09-17 12:22:25.111000,408.6240376136885,96
2024-09-17 12:22:25.208000,408.6303834755003,9
2024-09-17 12:22:25.208000,408.65348100962376,14
2024-09-17 12:22:25.242000,408.71945609804135,1002
2024-09-17 12:22:25.249000,408.6662890606912,99
2024-09-17 12:22:25.352000,408.6777562367226,102
2024-09-17 12:22:25.398000,408.7144395663552,997
2024-09-17 12:22:25.412000,408.66111473856125,105
2024-09-17 12:22:25.424000,408.6383685297649,14
2024-09-17 12:22:25.426000,408.6367995655247,5
2024-09-17 12:22:25.489000,408.6501370384577,1005
2024-09-17 12:22:25.521000,408.6578945845546,1003
2024-09-17 12:22:25.531000,408.63891580854585,12
2024-09-17 12:22:25.574000,408.7154029461532,1005
2024-09-17 12:22:25.750000,408.645624284877,1004
2024-09-17 12:22:25.755000,408.7098542479224,997
2024-09-17 12:22:25.801000,408.6569108194296,998
2024-09-17 12:22:25.805000,408.6593355820389,99
2024-09-17 12:22:25.848000,408.64994427355015,999
2024-09-17 12:22:25.867000,408.6429122607488,7
2024-09-17 12:22:25.867000,408.6395613600991,104
2024-09-17 12:22:25.877000,408.7315073904597,1001
2024-09-17 12:22:25.883000,408.6691011479133,996
2024-09-17 12:22:25.912000,408.6371688675311,6
2024-09-17 12:22:25.964000,408.69499769765866,1001
2024-09-17 12:22:25.969000,408.658298963292,6
2024-09-17 12:22:26.040000,408.70820163559785,1001
2024-09-17 12:22:26.047000,408.7142853139551,1003
2024-09-17 12:22:26.174000,408.7201980208778,15
2024-09-17 12:22:26.192000,408.71964721618025,998
2024-09-17 12:22:26.263000,408.72333605911984,5
2024-09-17 12:22:26.274000,408.7339552147136,11
2024-09-17 12:22:26.345000,408.7546356170675,15
2024-09-17 12:22:26.401000,408.7014930971816,104
2024-09-17 12:22:26.460000,408.7017578062703,10
2024-09-17 12:22:26.463000,408.71211201638914,996
2024-09-17 12:22:26.470000,408.72748196371856,12
2024-09-17 12:22:26.555000,408.75114373551287,96
2024-09-17 12:22:26.567000,408.7353270088592,1002
2024-09-17 12:22:26.585000,408.7484795967141,105
2024-09-17 12:22:26.588000,408.726324793145,1003
2024-09-17 12:22:26.686000,408.7377161636012,997
2024-09-17 12:22:26.689000,408.7344835023683,7
2024-09-17 12:22:26.725000,408.7301221596669,97
2024-09-17 12:22:26.759000,408.76584451895,999
2024-09-17 12:22:26.770000,408.7251875103784,1004
2024-09-17 12:22:26.813000,408.6764898557144,101
2024-09-17 12:22:26.864000,408.7230038119744,98
2024-09-17 12:22:26.938000,408.6364306431846,997
2024-09-17 12:22:26.974000,408.7325435718515,15
2024-09-17 12:22:27.041000,408.7120464355086,97
2024-09-17 12:22:27.053000,408.65309918260925,5
2024-09-17 12:22:27.084000,408.7050797031593,1002
2024-09-17 12:22:27.093000,408.6476862184975,98
2024-09-17 12:22:27.102000,408.7422265504292,98
2024-09-17 12:22:27.108000,408.6610821573673,996
2024-09-17 12:22:27.188000,408.6695578674344,9
2024-09-17 12:22:27.234000,408.6782419493175,101
2024-09-17 12:22:27.258000,408.63841166155424,15
2024-09-17 12:22:27.326000,408.71858628036,12
2024-09-17 12:22:27.380000,408.65469752195287,1000
2024-09-17 12:22:27.420000,408.7130414561214,997
2024-09-17 12:22:27.509000,408.6801221319956,1004
2024-09-17 12:22:27.531000,408.7034333266925,14
2024-09-17 12:22:27.582000,408.6616240887565,8
2024-09-17 12:22:27.652000,408.6600303082563,8
2024-09-17 12:22:27.652000,408.6642515887044,13
2024-09-17 12:22:27.666000,408.641052341174,97
2024-09-17 12:22:27.764000,408.6949699972549,95
2024-09-17 12:22:27.770000,408.6999003409798,1004
2024-09-17 12:22:27.781000,408.65564362870526,1004
2024-09-17 12:22:27.894000,408.6982650069157,1003
2024-09-17 12:22:27.895000,408.7198088041048,6
2024-09-17 12:22:27.923000,408.7243109714551,1004
2024-09-17 12:22:27.945000,408.70873689056384,101
2024-09-17 12:22:27.980000,408.6524825595069,8
2024-09-17 12:22:27.997000,408.7074657514083,1000
2024-09-17 12:22:28.034000,408.6677899434876,997
2024-09-17 12:22:28.096000,408.7061698857071,1004
2024-09-17 12:22:28.165000,408.6357291880768,99
2024-09-17 12:22:28.168000,408.6673690823536,96
2024-09-17 12:22:28.223000,408.71153943843046,1005
2024-09-17 12:22:28.246000,408.7061677098562,6
2024-09-17 12:22:28.262000,408.673179716356,10
2024-09-17 12:22:28.387000,408.60710324268575,13
2024-09-17 12:22:28.392000,408.7000352960915,97
2024-09-17 12:22:28.410000,408.71356991376,998
2024-09-17 12:22:28.437000,408.5997705397355,99
2024-09-17 12:22:28.497000,408.7267413161391,999
2024-09-17 12:22:28.500000,408.6993273023636,12
2024-09-17 12:22:28.550000,408.7107819471207,98
2024-09-17 12:22:28.564000,408.75849889541246,95
2024-09-17 12:22:28.567000,408.68454774954745,998
2024-09-17 12:22:28.681000,408.7228053383966,1000
2024-09-17 12:22:28.692000,408.67401546054384,1003
2024-09-17 12:22:28.704000,408.7372526065036,104
2024-09-17 12:22:28.779000,408.6035658985052,1001
2024-09-17 12:22:28.831000,408.6683494867347,100
2024-09-17 12:22:28.851000,408.6322279258157,100
2024-09-17 12:22:28.910000,408.5835573458912,1004
2024-09-17 12:22:28.930000,408.7542339829688,98
2024-09-17 12:22:28.932000,408.72320946230496,9
2024-09-17 12:22:28.933000,408.7096442362635,13
2024-09-17 12:22:28.947000,408.70453354094593,997
2024-09-17 12:22:28.962000,408.6857549319767,13
2024-09-17 12:22:29.273000,408.58781291219856,100
2024-09-17 12:22:29.678000,408.6106873735604,101
2024-09-17 12:22:30.033000,408.57141880822473,13
2024-09-17 12:22:30.053000,408.51703645265326,14
2024-09-17 12:22:30.059000,408.52343526616914,10
2024-09-17 12:22:30.072000,408.478872402001,999
2024-09-17 12:22:30.134000,408.4985564179625,14
2024-09-17 12:22:30.160000,408.59461622093113,101
2024-09-17 12:22:30.264000,408.4742255075855,101
2024-09-17 12:22:30.294000,408.5836977023777,6
2024-09-17 12:22:30.303000,408.5765585562868,12
2024-09-17 12:22:30.332000,408.54638778239575,98
2024-09-17 12:22:30.415000,408.4880980022268,997
2024-09-17 12:22:30.416000,408.5732782521041,7
2024-09-17 12:22:30.416000,408.4799216358604,1002
2024-09-17 12:22:30.431000,408.5639622108113,999
2024-09-17 12:22:30.432000,408.4826657046921,997
2024-09-17 12:22:30.439000,408.5252590216023,97
2024-09-17 12:22:30.475000,408.5067099592547,105
2024-09-17 12:22:30.502000,408.5580216800744,14
2024-09-17 12:22:30.562000,408.5929475406516,999
2024-09-17 12:22:30.575000,408.5688924016601,13
2024-09-17 12:22:30.691000,408.5163268789817,1001
2024-09-17 12:22:30.737000,408.5097279321581,6
2024-09-17 12:22:30.789000,408.56306166313937,97
2024-09-17 12:22:30.860000,408.58901440331954,100
2024-09-17 12:22:31.041000,408.4884896897188,105
2024-09-17 12:22:31.077000,408.5491149828893,8
2024-09-17 12:22:31.086000,408.5369290981076,6
2024-09-17 12:22:31.146000,408.5526461152087,103
2024-09-17 12:22:31.176000,408.5417976821456,996
2024-09-17 12:22:31.253000,408.4904980972472,98
2024-09-17 12:22:31.319000,408.47166821730576,95
2024-09-17 12:22:31.326000,408.5423035048954,15
2024-09-17 12:22:31.334000,408.480489381701,997
2024-09-17 12:22:31.365000,408.4886516095912,997
2024-09-17 12:22:31.452000,408.4628706940501,999
2024-09-17 12:22:31.519000,408.5477102257137,15
2024-09-17 12:22:31.566000,408.5288988643379,102
2024-09-17 12:22:31.590000,408.54659781193016,1000
2024-09-17 12:22:31.615000,408.47517290820014,997
2024-09-17 12:22:31.699000,408.5542691232361,997
2024-09-17 12:22:31.710000,408.5093771041634,1003
2024-09-17 12:22:31.797000,408.5619552639554,14
2024-09-17 12:22:31.802000,408.5184751673952,10
2024-09-17 12:22:31.833000,408.48842878358624,995
2024-09-17 12:22:31.923000,408.5422116763104,100
2024-09-17 12:22:31.936000,408.5374051354207,5
2024-09-17 12:22:31.981000,408.5496854359709,95
2024-09-17 12:22:31.981000,408.4926348293934,995
2024-09-17 12:22:32.108000,408.53459514058073,98
2024-09-17 12:22:32.368000,408.5348691606967,14
2024-09-17 12:22:32.408000,408.5683593765149,1002
2024-09-17 12:22:32.444000,408.5479496340676,995
2024-09-17 12:22:32.482000,408.54425742613694,1003
2024-09-17 12:22:32.549000,408.5372122780707,999
2024-09-17 12:22:32.599000,408.5654992119583,995
2024-09-17 12:22:32.714000,408.5431625337535,13
2024-09-17 12:22:32.749000,408.5441352147492,1000
2024-09-17 12:22:32.848000,408.5157336244272,10
2024-09-17 12:22:32.867000,408.51722882364106,996
2024-09-17 12:22:33.022000,408.5219198335587,13
2024-09-17 12:22:33.174000,408.5564024713416,1002
2024-09-17 12:22:33.240000,408.55829130659055,105
2024-09-17 12:22:33.277000,408.56672930170953,999
2024-09-17 12:22:33.305000,408.5568460325885,100
2024-09-17 12:22:33.305000,408.5885732280184,5
2024-09-17 12:22:33.312000,408.5598855042869,96
2024-09-17 12:22:33.329000,408.566531352686,9
2024-09-17 12:22:33.351000,408.5142506288132,1005
2024-09-17 12:22:33.351000,408.5692737644762,1005
2024-09-17 12:22:33.375000,408.56850206046346,998
2024-09-17 12:22:33.402000,408.5623173054986,99
2024-09-17 12:22:33.519000,408.5642814421334,11
2024-09-17 12:22:33.558000,408.5108916695738,998
2024-09-17 12:22:33.570000,408.5432508053604,1002
2024-09-17 12:22:33.573000,408.55359136888137,5
2024-09-17 12:22:33.610000,408.5377812032238,12
2024-09-17 12:22:33.622000,408.5210068704744,95
2024-09-17 12:22:33.624000,408.5516766319493,11
2024-09-17 12:22:33.654000,408.5782241717315,9
2024-09-17 12:22:33.660000,408.5375274482468,997
2024-09-17 12:22:33.667000,408.5664591408066,102
2024-09-17 12:22:33.709000,408.60134913643526,10
2024-09-17 12:22:33.725000,408.5176217958259,1002
2024-09-17 12:22:33.743000,408.5935158327181,996
2024-09-17 12:22:34.079000,408.6687383597669,97
2024-09-17 12:22:34.228000,408.60334720350886,1003
2024-09-17 12:22:34.252000,408.6326297989414,105
2024-09-17 12:22:34.312000,408.6039793089207,14
2024-09-17 12:22:34.316000,408.6429027786044,7
2024-09-17 12:22:34.349000,408.61631713741895,8
2024-09-17 12:22:34.437000,408.6507043163931,99
2024-09-17 12:22:34.482000,408.6616017925187,995
2024-09-17 12:22:34.535000,408.6588146584018,98
2024-09-17 12:22:34.577000,408.6169678526016,1003
2024-09-17 12:22:34.688000,408.6542933029287,1005
2024-09-17 12:22:34.754000,408.6528311096469,997
2024-09-17 12:22:34.795000,408.6798728628312,11
2024-09-17 12:22:34.943000,408.6805990584465,99
2024-09-17 12:22:34.974000,408.6602175294279,104
2024-09-17 12:22:35.270000,408.6619278098075,1001
2024-09-17 12:22:35.340000,408.6467069712988,97
2024-09-17 12:22:35.367000,408.6566727969005,1003
2024-09-17 12:22:35.423000,408.6415063706909,1003
2024-09-17 12:22:35.469000,408.6493807564396,1000
2024-09-17 12:22:35.495000,408.6564525240924,998
2024-09-17 12:22:35.499000,408.6588440619692,9
2024-09-17 12:22:35.567000,408.6511374021764,15
2024-09-17 12:22:35.664000,408.6512788534071,12
2024-09-17 12:22:35.842000,408.6449921749091,96
2024-09-17 12:22:35.961000,408.6526363150618,8
2024-09-17 12:22:36.019000,408.6298309210107,6
2024-09-17 12:22:36.152000,408.61916423103605,11
2024-09-17 12:22:36.241000,408.6382851247211,12
2024-09-17 12:22:36.275000,408.6169869531697,12
2024-09-17 12:22:36.427000,408.6165006487221,1005
2024-09-17 12:22:36.502000,408.6366600661657,1002
2024-09-17 12:22:36.571000,408.6216828551368,996
2024-09-17 12:22:37.001000,408.60490524725736,1005
2024-09-17 12:22:37.087000,408.63786211813385,995
2024-09-17 12:22:37.657000,408.60845925703927,13
2024-09-17 12:22:37.927000,408.62664992722216,9
2024-09-17 12:22:38.009000,408.6098525006729,100
2024-09-17 12:22:38.030000,408.6121698757868,7
2024-09-17 12:22:38.119000,408.60783672305496,104
2024-09-17 12:22:38.371000,408.6130117634521,5
2024-09-17 12:22:38.584000,408.5953424206629,103
2024-09-17 12:22:38.617000,408.5834405861392,102
2024-09-17 12:22:38.664000,408.5985290724491,997
2024-09-17 12:22:38.715000,408.6174616290021,13
2024-09-17 12:22:38.870000,408.596893391484,98
2024-09-17 12:22:38.882000,408.5990530113157,1001
2024-09-17 12:22:39.033000,408.59142974842206,999
2024-09-17 12:22:39.055000,408.60044959805634,6
2024-09-17 12:22:39.137000,408.61114114987856,10
2024-09-17 12:22:39.187000,408.58757724151513,96
2024-09-17 12:22:39.584000,408.6035436935703,96
2024-09-17 12:22:39.700000,408.5880689896063,15
2024-09-17 12:22:39.862000,408.58495420766747,5
2024-09-17 12:22:39.924000,408.6040447271261,13
2024-09-17 12:22:39.959000,408.59730754072046,1004
2024-09-17 12:22:40.122000,408.590884236968,1005
2024-09-17 12:22:40.854000,408.5939496039064,98
2024-09-17 12:22:41.007000,408.5819569753604,13
2024-09-17 12:22:41.009000,408.5817258588866,999
2024-09-17 12:22:41.052000,408.5956365325048,999
2024-09-17 12:22:41.054000,408.57384633204623,104
2024-09-17 12:22:41.074000,408.5700606585559,12
2024-09-17 12:22:41.078000,408.5983354734942,13
2024-09-17 12:22:41.100000,408.5620654149885,9
2024-09-17 12:22:41.144000,408.572596136453,11
2024-09-17 12:22:41.210000,408.5952099414922,15
2024-09-17 12:22:41.222000,408.577042484586,12
2024-09-17 12:22:41.330000,408.5613230798961,11
2024-09-17 12:22:41.431000,408.5739000892633,12
2024-09-17 12:22:41.440000,408.59742168609057,105
2024-09-17 12:22:41.537000,408.5761126642189,6
2024-09-17 12:22:41.557000,408.5946063612756,9
2024-09-17 12:22:41.583000,408.5867579979858,1000
2024-09-17 12:22:41.637000,408.6083794635526,1004
2024-09-17 12:22:41.653000,408.6049414781302,99
2024-09-17 12:22:41.840000,408.5955566506146,5
2024-09-17 12:22:41.862000,408.55363938703255,8
2024-09-17 12:22:41.865000,408.554470291813,1001
2024-09-17 12:22:41.866000,408.6051862072689,12
2024-09-17 12:22:41.915000,408.5838166054928,1002
2024-09-17 12:22:41.931000,408.5692151089348,996
2024-09-17 12:22:42.044000,408.5767623901077,1005
2024-09-17 12:22:42.059000,408.6006903056369,95
2024-09-17 12:22:42.197000,408.6124014694616,9
2024-09-17 12:22:42.220000,408.6244071457797,6
2024-09-17 12:22:42.283000,408.599137211963,98
2024-09-17 12:22:42.303000,408.595463499495,998
2024-09-17 12:22:42.374000,408.5709227065123,99
2024-09-17 12:22:42.429000,408.5679224431559,1003
2024-09-17 12:22:42.531000,408.5482350342748,99
2024-09-17 12:22:42.555000,408.5454880468186,15
2024-09-17 12:22:42.573000,408.6019207650054,12
2024-09-17 12:22:42.651000,408.5518772876018,5
2024-09-17 12:22:42.705000,408.5783321827028,997
2024-09-17 12:22:42.726000,408.6296626282694,1000
2024-09-17 12:22:42.738000,408.6137367399738,5
2024-09-17 12:22:42.772000,408.621653134645,10
2024-09-17 12:22:42.777000,408.546721181778,15
2024-09-17 12:22:42.815000,408.6225053286621,1000
2024-09-17 12:22:42.839000,408.56894609007225,998
2024-09-17 12:22:42.899000,408.574712417802,97
2024-09-17 12:22:42.968000,408.54054449287287,96
2024-09-17 12:22:42.971000,408.5800613117818,15
2024-09-17 12:22:43.187000,408.61422846122,11
2024-09-17 12:22:43.221000,408.6297023728701,997
2024-09-17 12:22:43.316000,408.6467254087139,1002
2024-09-17 12:22:43.405000,408.64956111046166,11
2024-09-17 12:22:43.571000,408.6201557139194,5
2024-09-17 12:22:43.603000,408.6100856803325,1003
2024-09-17 12:22:43.748000,408.6284603700889,1001
2024-09-17 12:22:43.971000,408.6313751574921,15
2024-09-17 12:22:44.001000,408.66798503263385,102
2024-09-17 12:22:44.084000,408.67587210657325,12
2024-09-17 12:22:44.117000,408.6533130311043,12
2024-09-17 12:22:44.206000,408.63934201021175,96
2024-09-17 12:22:44.281000,408.6799337731222,102
2024-09-17 12:22:44.298000,408.6724344017413,12
2024-09-17 12:22:44.460000,408.6604454139171,97
2024-09-17 12:22:44.465000,408.6560189807954,1004
2024-09-17 12:22:44.617000,408.6601316226673,105
2024-09-17 12:22:44.684000,408.6400618986194,1005
2024-09-17 12:22:44.885000,408.6457224651882,12
2024-09-17 12:22:45.048000,408.6413279280324,96
2024-09-17 12:22:45.189000,408.654532739061,15
2024-09-17 12:22:45.256000,408.666644893233,995
2024-09-17 12:22:45.636000,408.63788443521617,12
2024-09-17 12:22:45.774000,408.67369957179466,8
2024-09-17 12:22:46.044000,408.6068088265804,95
2024-09-17 12:22:46.069000,408.5991035196181,997
2024-09-17 12:22:46.082000,408.63230044649936,999
2024-09-17 12:22:46.089000,408.6217715314178,1002
2024-09-17 12:22:46.109000,408.6363345274471,97
2024-09-17 12:22:46.199000,408.6256414298712,7
2024-09-17 12:22:46.213000,408.6155508057068,98
2024-09-17 12:22:46.224000,408.61030737491535,97
2024-09-17 12:22:46.286000,408.667530954644,997
2024-09-17 12:22:46.321000,408.6217138024164,99
2024-09-17 12:22:46.332000,408.62150330251166,103
2024-09-17 12:22:46.400000,408.63281857059616,10
2024-09-17 12:22:46.499000,408.6716477187115,7
2024-09-17 12:22:46.637000,408.6018729700429,1004
2024-09-17 12:22:46.740000,408.6085968516609,999
2024-09-17 12:22:46.763000,408.6307046158744,13
2024-09-17 12:22:46.820000,408.61771882452297,997
2024-09-17 12:22:46.866000,408.6229528183597,1005
2024-09-17 12:22:47.043000,408.610937322327,996
2024-09-17 12:22:47.144000,408.6387677032363,98
2024-09-17 12:22:47.190000,408.6149825433304,102
2024-09-17 12:22:47.198000,408.6245157604127,103
2024-09-17 12:22:47.215000,408.6714360125457,98
2024-09-17 12:22:47.249000,408.6254487578169,996
2024-09-17 12:22:47.291000,408.6471803892441,1001
2024-09-17 12:22:47.338000,408.6160383205806,1004
2024-09-17 12:22:47.348000,408.6079102371999,104
2024-09-17 12:22:47.384000,408.660144815072,11
2024-09-17 12:22:47.459000,408.6574827090818,15
2024-09-17 12:22:47.559000,408.6189151315327,1004
2024-09-17 12:22:47.646000,408.6641858012661,95
2024-09-17 12:22:47.667000,408.62160522100993,15
2024-09-17 12:22:47.948000,408.61164347997845,97
2024-09-17 12:22:48.103000,408.6645906219901,996
2024-09-17 12:22:48.112000,408.6757696498347,11
2024-09-17 12:22:48.129000,408.6525660795778,12
2024-09-17 12:22:48.132000,408.6558965105162,101
2024-09-17 12:22:48.173000,408.6555413054781,97
2024-09-17 12:22:48.265000,408.63327980740286,8
2024-09-17 12:22:48.289000,408.6553943542672,1001
2024-09-17 12:22:48.339000,408.65882558962886,997
2024-09-17 12:22:48.388000,408.6334026517986,999
2024-09-17 12:22:48.445000,408.6383807446858,15
2024-09-17 12:22:48.458000,408.6669590174473,999
2024-09-17 12:22:48.548000,408.6458072122209,7
2024-09-17 12:22:48.566000,408.6566691276203,104
2024-09-17 12:22:48.569000,408.6562321697346,101
2024-09-17 12:22:48.765000,408.6725047027643,1003
2024-09-17 12:22:48.785000,408.6588539969516,7
2024-09-17 12:22:48.871000,408.66272900119975,1001
2024-09-17 12:22:48.876000,408.6618751038077,5
2024-09-17 12:22:48.936000,408.6491130328888,7
2024-09-17 12:22:49.018000,408.5754871070868,5
2024-09-17 12:22:49.083000,408.6232612825292,995
2024-09-17 12:22:49.117000,408.57301725075786,999
2024-09-17 12:22:49.137000,408.6003094273557,1004
2024-09-17 12:22:49.246000,408.5931269964267,95
2024-09-17 12:22:49.260000,408.6024781711135,102
2024-09-17 12:22:49.323000,408.59603652794254,9
2024-09-17 12:22:49.329000,408.5951199350355,98
2024-09-17 12:22:49.340000,408.58891960922494,103
2024-09-17 12:22:49.341000,408.5656694616323,1002
2024-09-17 12:22:49.413000,408.6492754335089,9
2024-09-17 12:22:49.499000,408.6428462021917,1004
2024-09-17 12:22:49.611000,408.59558524739066,995
2024-09-17 12:22:49.614000,408.5786817895632,101
2024-09-17 12:22:49.614000,408.5852686075809,13
2024-09-17 12:22:49.664000,408.5874578536306,1005
2024-09-17 12:22:49.691000,408.5889479218464,101
2024-09-17 12:22:49.694000,408.62099708502586,102
2024-09-17 12:22:49.803000,408.6390631759556,1000
2024-09-17 12:22:49.990000,408.6417102565434,995
2024-09-17 12:22:50.030000,408.65264223146767,15
2024-09-17 12:22:50.053000,408.6290089190875,5
2024-09-17 12:22:50.189000,408.6408939408351,7
2024-09-17 12:22:50.225000,408.624880504527,100
2024-09-17 12:22:50.274000,408.6514617675776,105
2024-09-17 12:22:50.310000,408.6427862150123,1000
2024-09-17 12:22:50.371000,408.6493314844188,998
2024-09-17 12:22:50.415000,408.6244482359372,14
2024-09-17 12:22:50.425000,408.6557137349312,104
2024-09-17 12:22:50.457000,408.6649389198087,998
2024-09-17 12:22:50.503000,408.6225667865577,96
2024-09-17 12:22:50.522000,408.6460498117427,101
2024-09-17 12:22:50.526000,408.64877106605496,1003
2024-09-17 12:22:50.544000,408.6424873191202,6
2024-09-17 12:22:50.554000,408.6327309909178,5
2024-09-17 12:22:50.575000,408.64634219265184,14
2024-09-17 12:22:50.686000,408.6416327057266,1005
2024-09-17 12:22:50.789000,408.6374612363214,995
2024-09-17 12:22:50.840000,408.6497638785519,1004
2024-09-17 12:22:50.841000,408.6624001810742,999
2024-09-17 12:22:50.850000,408.6338704261616,7
2024-09-17 12:22:50.923000,408.6293659382699,103
2024-09-17 12:22:50.927000,408.647586973956,10
2024-09-17 12:22:51.005000,408.6229038818492,105
2024-09-17 12:22:51.070000,408.5883599974939,13
2024-09-17 12:22:51.091000,408.5921405818845,997
2024-09-17 12:22:51.104000,408.6173739018932,1000
2024-09-17 12:22:51.155000,408.61629229029785,95
2024-09-17 12:22:51.160000,408.6196728416217,104
2024-09-17 12:22:51.205000,408.6207925634666,98
2024-09-17 12:22:51.220000,408.61919297249614,101
2024-09-17 12:22:51.243000,408.6234508643024,9
2024-09-17 12:22:51.267000,408.6128103034769,100
2024-09-17 12:22:51.432000,408.655937927171,104
2024-09-17 12:22:51.456000,408.5920777679456,105
2024-09-17 12:22:51.549000,408.6303620043696,98
2024-09-17 12:22:51.584000,408.61211208434617,13
2024-09-17 12:22:51.637000,408.6252372160195,998
2024-09-17 12:22:51.667000,408.6260245265401,1004
2024-09-17 12:22:51.669000,408.6441329126592,98
2024-09-17 12:22:51.718000,408.6028821613017,15
2024-09-17 12:22:51.730000,408.6327313361885,1000
2024-09-17 12:22:51.749000,408.6320644174115,9
2024-09-17 12:22:51.771000,408.63327764782,997
2024-09-17 12:22:51.796000,408.63069878540153,105
2024-09-17 12:22:51.831000,408.6028350179951,5
2024-09-17 12:22:51.928000,408.6252104753724,996
2024-09-17 12:22:51.928000,408.60550894345056,1005
2024-09-17 12:22:51.944000,408.6104165848264,97
2024-09-17 12:22:51.944000,408.61545274141207,98
2024-09-17 12:22:51.988000,408.60077624211294,1002
2024-09-17 12:22:52.127000,408.6516016179333,9
2024-09-17 12:22:52.252000,408.63930122747865,14
2024-09-17 12:22:52.290000,408.6188532854517,1002
2024-09-17 12:22:52.294000,408.64929330792967,996
2024-09-17 12:22:52.402000,408.6465837762823,10
2024-09-17 12:22:52.420000,408.6331307159061,101
2024-09-17 12:22:52.428000,408.6390822163854,15
2024-09-17 12:22:52.482000,408.63386789057273,9
2024-09-17 12:22:52.553000,408.6539582864283,99
2024-09-17 12:22:52.587000,408.6331002018556,1005
2024-09-17 12:22:52.626000,408.6615586788812,103
2024-09-17 12:22:52.841000,408.6460049035924,6
2024-09-17 12:22:52.907000,408.6430421567261,996
2024-09-17 12:22:53.001000,408.6168813756828,7
2024-09-17 12:22:53.002000,408.6198184148738,1005
2024-09-17 12:22:53.013000,408.6020346901335,95
2024-09-17 12:22:53.016000,408.5177744588062,103
2024-09-17 12:22:53.025000,408.629204695657,6
2024-09-17 12:22:53.055000,408.56385790720526,6
2024-09-17 12:22:53.107000,408.5946700583911,100
2024-09-17 12:22:53.131000,408.55314925208864,1000
2024-09-17 12:22:53.183000,408.5641039651482,102
2024-09-17 12:22:53.225000,408.60708694871965,98
2024-09-17 12:22:53.288000,408.522797448609,1005
2024-09-17 12:22:53.429000,408.5360431351276,103
2024-09-17 12:22:53.434000,408.5380912706726,15
2024-09-17 12:22:53.441000,408.5131468381628,995
2024-09-17 12:22:53.485000,408.6071388217061,101
2024-09-17 12:22:53.510000,408.6261662263892,102
2024-09-17 12:22:53.526000,408.5143504088858,12
2024-09-17 12:22:53.547000,408.5965041577401,11
2024-09-17 12:22:53.553000,408.630078126897,13
2024-09-17 12:22:53.725000,408.6157234816383,105
2024-09-17 12:22:53.744000,408.6590596070417,12
2024-09-17 12:22:53.761000,408.502050072501,1003
2024-09-17 12:22:53.788000,408.5066784777567,96
2024-09-17 12:22:53.924000,408.6249557177498,95
2024-09-17 12:22:53.932000,408.5109808960406,105
2024-09-17 12:22:53.942000,408.54009299973006,1004
2024-09-17 12:22:54.343000,408.5234461739348,10
2024-09-17 12:22:54.543000,408.5188910781302,995
2024-09-17 12:22:54.870000,408.5425812257764,1005
2024-09-17 12:22:55.012000,408.529973733838,1004
2024-09-17 12:22:55.164000,408.5319178728384,7
2024-09-17 12:22:55.239000,408.5155007916454,14
2024-09-17 12:22:55.317000,408.51060676916086,12
2024-09-17 12:22:55.327000,408.5137115400552,12
2024-09-17 12:22:55.465000,408.4909874708135,7
2024-09-17 12:22:55.483000,408.5215478105447,6
2024-09-17 12:22:55.490000,408.5179604932354,997
2024-09-17 12:22:55.521000,408.4962365155519,95
2024-09-17 12:22:55.686000,408.5179979959032,100
2024-09-17 12:22:55.786000,408.5567880790875,11
2024-09-17 12:22:55.799000,408.4937110546962,103
2024-09-17 12:22:55.879000,408.5070137754868,995
2024-09-17 12:22:55.955000,408.493250474789,11
2024-09-17 12:22:55.966000,408.5082241070673,104
2024-09-17 12:22:55.976000,408.5446732420687,996
2024-09-17 12:22:56.024000,408.4917870634344,999
2024-09-17 12:22:56.297000,408.5161440216528,10
2024-09-17 12:22:56.349000,408.4761537749555,1000
2024-09-17 12:22:56.677000,408.5189227304989,997
2024-09-17 12:22:56.720000,408.50696638403286,99
2024-09-17 12:22:56.851000,408.48622824508817,1002
2024-09-17 12:22:56.884000,408.4713852650186,1000
2024-09-17 12:22:57.098000,408.48348605629417,96
2024-09-17 12:22:57.099000,408.4787771296714,97
2024-09-17 12:22:57.126000,408.50764121797386,102
2024-09-17 12:22:57.282000,408.501105150377,997
2024-09-17 12:22:57.361000,408.468553052512,99
2024-09-17 12:22:57.526000,408.5064931489738,1000
2024-09-17 12:22:57.636000,408.4608705585828,102
2024-09-17 12:22:57.714000,408.5020324425113,5
2024-09-17 12:22:57.746000,408.4822282348424,98
2024-09-17 12:22:57.800000,408.4835803689461,1002
2024-09-17 12:22:57.823000,408.4909331913594,997
2024-09-17 12:22:57.864000,408.4722651675178,102
2024-09-17 12:22:57.917000,408.4815189671641,103
2024-09-17 12:22:57.938000,408.5084589369224,13
2024-09-17 12:22:57.975000,408.5226175687848,1003
2024-09-17 12:22:57.983000,408.4709346792691,5
2024-09-17 12:22:58.008000,408.51429468053857,100
2024-09-17 12:22:58.042000,408.5128001459964,15
2024-09-17 12:22:58.138000,408.52135612064393,1002
2024-09-17 12:22:58.529000,408.5099261197228,102
2024-09-17 12:22:58.543000,408.4926579789336,995
2024-09-17 12:22:58.583000,408.5028350013169,105
2024-09-17 12:22:58.629000,408.5147503114516,1004
2024-09-17 12:22:58.741000,408.49471894769147,96
2024-09-17 12:22:58.789000,408.51429133174327,104
2024-09-17 12:22:58.938000,408.4932136248362,101
2024-09-17 12:22:59.056000,408.4560496649832,1001
2024-09-17 12:22:59.078000,408.4510971622088,9
2024-09-17 12:22:59.225000,408.4505534504417,9
2024-09-17 12:22:59.245000,408.46036595867895,996
2024-09-17 12:22:59.367000,408.5034975239861,5
2024-09-17 12:22:59.401000,408.4845871323708,98
2024-09-17 12:22:59.418000,408.50519260856447,13
2024-09-17 12:22:59.591000,408.4916836731567,96
2024-09-17 12:22:59.611000,408.50184380079327,100
2024-09-17 12:22:59.623000,408.45137962593606,1001
2024-09-17 12:22:59.772000,408.4485535072967,13
2024-09-17 12:22:59.779000,408.4384667083106,9
2024-09-17 12:22:59.826000,408.4456687840712,97
2024-09-17 12:22:59.843000,408.4305377571144,6
2024-09-17 12:22:59.867000,408.45287017167215,15
2024-09-17 12:22:59.910000,408.4518006234514,98
2024-09-17 12:22:59.947000,408.5032011004442,999
2024-09-17 12:22:59.995000,408.44430387392674,10
