Timestamp,Price,Size
2024-09-19 09:40:00.003000,415.7855812573185,1003
2024-09-19 09:40:00.008000,415.7694244051644,1001
2024-09-19 09:40:00.069000,415.8373758700727,96
2024-09-19 09:40:00.071000,415.86435325986815,101
2024-09-19 09:40:00.197000,415.7712831276341,1005
2024-09-19 09:40:00.217000,415.7850611424605,1004
2024-09-19 09:40:00.236000,415.8493424418273,8
2024-09-19 09:40:00.248000,415.8534077533545,104
2024-09-19 09:40:00.272000,415.8083711469712,95
2024-09-19 09:40:00.405000,415.787492044814,101
2024-09-19 09:40:00.413000,415.78726623951854,998
2024-09-19 09:40:00.583000,415.7825333347809,1003
2024-09-19 09:40:00.603000,415.8406625815658,105
2024-09-19 09:40:00.640000,415.791000372808,7
2024-09-19 09:40:00.645000,415.79165309670975,995
2024-09-19 09:40:00.682000,415.7935678516912,101
2024-09-19 09:40:00.705000,415.8127107027498,13
2024-09-19 09:40:00.877000,415.8242845001309,1004
2024-09-19 09:40:00.906000,415.82337549057263,105
2024-09-19 09:40:00.979000,415.7856354471663,12
2024-09-19 09:40:01.057000,415.7853587558436,5
2024-09-19 09:40:01.172000,415.817633712209,10
2024-09-19 09:40:01.206000,415.7738562532531,9
2024-09-19 09:40:01.246000,415.8076676258119,100
2024-09-19 09:40:01.267000,415.8230066947024,102
2024-09-19 09:40:01.272000,415.7865493299751,995
2024-09-19 09:40:01.583000,415.821189811224,104
2024-09-19 09:40:01.677000,415.82214669446864,100
2024-09-19 09:40:01.723000,415.8131440362656,1000
2024-09-19 09:40:01.727000,415.804565934509,101
2024-09-19 09:40:01.892000,415.8018483908819,10
2024-09-19 09:40:01.930000,415.7648906867795,5
2024-09-19 09:40:01.976000,415.8247873818252,1005
2024-09-19 09:40:02.012000,415.83259405653234,99
2024-09-19 09:40:02.037000,415.8080198937303,999
2024-09-19 09:40:02.042000,415.8382902028621,11
2024-09-19 09:40:02.081000,415.8175012690679,15
2024-09-19 09:40:02.094000,415.8350530192113,96
2024-09-19 09:40:02.142000,415.8182934331737,11
2024-09-19 09:40:02.164000,415.85318438053446,100
2024-09-19 09:40:02.239000,415.8332708193781,997
2024-09-19 09:40:02.271000,415.8212001751118,1005
2024-09-19 09:40:02.371000,415.81679873812647,97
2024-09-19 09:40:02.396000,415.815310747633,5
2024-09-19 09:40:02.441000,415.8664013047068,5
2024-09-19 09:40:02.558000,415.81068904238987,97
2024-09-19 09:40:02.669000,415.8640300318609,1000
2024-09-19 09:40:02.680000,415.7824335683587,996
2024-09-19 09:40:02.740000,415.82233364619657,11
2024-09-19 09:40:02.767000,415.8107160536722,95
2024-09-19 09:40:02.785000,415.8204712442161,1004
2024-09-19 09:40:02.789000,415.83298296955576,96
2024-09-19 09:40:02.860000,415.8212479127458,13
2024-09-19 09:40:02.882000,415.809229035789,11
2024-09-19 09:40:02.898000,415.8560277712276,8
2024-09-19 09:40:03.010000,415.8012521697947,995
2024-09-19 09:40:03.134000,415.7944578590606,97
2024-09-19 09:40:03.215000,415.78602936166806,105
2024-09-19 09:40:03.299000,415.7833156722562,105
2024-09-19 09:40:03.614000,415.8117947745917,97
2024-09-19 09:40:03.784000,415.8148433319409,996
2024-09-19 09:40:03.846000,415.8017130629808,1005
2024-09-19 09:40:03.860000,415.796151707857,1003
2024-09-19 09:40:03.870000,415.7857952208249,6
2024-09-19 09:40:03.893000,415.7707403310802,5
2024-09-19 09:40:04.013000,415.807124573536,96
2024-09-19 09:40:04.097000,415.7979963322461,1005
2024-09-19 09:40:04.106000,415.8980643185904,997
2024-09-19 09:40:04.146000,415.8312544477325,10
2024-09-19 09:40:04.245000,415.7879954247567,7
2024-09-19 09:40:04.275000,415.810731326445,995
2024-09-19 09:40:04.359000,415.7948796712085,100
2024-09-19 09:40:04.412000,415.8639366878766,8
2024-09-19 09:40:04.479000,415.8830326281936,12
2024-09-19 09:40:04.548000,415.7920575890711,100
2024-09-19 09:40:04.592000,415.79536242222287,8
2024-09-19 09:40:04.600000,415.8935432696901,10
2024-09-19 09:40:04.601000,415.8634070529187,6
2024-09-19 09:40:04.624000,415.8846685819643,101
2024-09-19 09:40:04.639000,415.8644789891853,105
2024-09-19 09:40:04.706000,415.7905025369809,1005
2024-09-19 09:40:04.707000,415.88981009302137,96
2024-09-19 09:40:04.709000,415.9072377110186,105
2024-09-19 09:40:04.723000,415.8813244949392,98
2024-09-19 09:40:04.851000,415.8549888843655,100
2024-09-19 09:40:04.956000,415.8817752377788,12
2024-09-19 09:40:04.975000,415.8504707944169,15
2024-09-19 09:40:05.077000,415.8504426144585,996
2024-09-19 09:40:05.093000,415.8619115302333,100
2024-09-19 09:40:05.108000,415.90535795899694,10
2024-09-19 09:40:05.118000,415.8838145216115,100
2024-09-19 09:40:05.133000,415.8707913191692,12
2024-09-19 09:40:05.141000,415.8966672740648,1005
2024-09-19 09:40:05.142000,415.8641584484704,101
2024-09-19 09:40:05.213000,415.9085197009336,100
2024-09-19 09:40:05.242000,415.8699128218336,99
2024-09-19 09:40:05.258000,415.8961194730071,8
2024-09-19 09:40:05.282000,415.8560055669929,995
2024-09-19 09:40:05.301000,415.8540853074181,12
2024-09-19 09:40:05.324000,415.9084110537957,998
2024-09-19 09:40:05.352000,415.91535760567774,105
2024-09-19 09:40:05.422000,415.8705999504938,5
2024-09-19 09:40:05.439000,415.9069652558887,104
2024-09-19 09:40:05.515000,415.8993669521734,10
2024-09-19 09:40:05.559000,415.882036366346,13
2024-09-19 09:40:05.575000,415.9226960999426,103
2024-09-19 09:40:05.670000,415.9067992141837,6
2024-09-19 09:40:05.833000,415.9096216983234,8
2024-09-19 09:40:05.918000,415.9145338096957,998
2024-09-19 09:40:05.945000,415.8491805351737,104
2024-09-19 09:40:05.950000,415.8919335566617,13
2024-09-19 09:40:05.983000,415.8678097295797,13
2024-09-19 09:40:07.024000,415.8283101115129,95
2024-09-19 09:40:07.069000,415.81228200883146,102
2024-09-19 09:40:07.195000,415.8377125820802,105
2024-09-19 09:40:07.304000,415.8010582396632,96
2024-09-19 09:40:07.337000,415.78881620526624,97
2024-09-19 09:40:07.350000,415.7980955731648,15
2024-09-19 09:40:07.422000,415.8427418613972,14
2024-09-19 09:40:07.435000,415.8334872860465,996
2024-09-19 09:40:07.520000,415.8135171942413,11
2024-09-19 09:40:07.580000,415.83027183512223,5
2024-09-19 09:40:07.590000,415.8431110794696,105
2024-09-19 09:40:07.595000,415.8380665692743,7
2024-09-19 09:40:07.610000,415.830574854812,105
2024-09-19 09:40:07.702000,415.79708657845447,999
2024-09-19 09:40:07.737000,415.8096355483378,10
2024-09-19 09:40:07.774000,415.83289490732096,1002
2024-09-19 09:40:07.806000,415.7955780687405,1004
2024-09-19 09:40:07.822000,415.7902767729728,15
2024-09-19 09:40:07.906000,415.81847940988894,104
2024-09-19 09:40:08.536000,415.7718877838827,14
2024-09-19 09:40:08.601000,415.7785773735701,995
2024-09-19 09:40:08.721000,415.7760454439855,1005
2024-09-19 09:40:09.034000,415.7358254802823,99
2024-09-19 09:40:09.076000,415.73647590900384,1005
2024-09-19 09:40:09.091000,415.7527061266764,996
2024-09-19 09:40:09.105000,415.7662711175587,5
2024-09-19 09:40:09.136000,415.72431185440416,5
2024-09-19 09:40:09.154000,415.7794979383398,9
2024-09-19 09:40:09.279000,415.7859183380021,99
2024-09-19 09:40:09.285000,415.7493264592161,103
2024-09-19 09:40:09.297000,415.74221444186776,103
2024-09-19 09:40:09.330000,415.7749354506643,99
2024-09-19 09:40:09.342000,415.72438054598746,996
2024-09-19 09:40:09.385000,415.7519192929415,105
2024-09-19 09:40:09.388000,415.7467246616055,12
2024-09-19 09:40:09.407000,415.7365621582622,9
2024-09-19 09:40:09.526000,415.744612656581,12
2024-09-19 09:40:09.594000,415.7580687254255,96
2024-09-19 09:40:09.606000,415.7381743824809,995
2024-09-19 09:40:09.619000,415.734922926978,7
2024-09-19 09:40:09.715000,415.7511125004092,1003
2024-09-19 09:40:09.979000,415.74260266365263,1003
2024-09-19 09:40:10.049000,415.6078570666394,96
2024-09-19 09:40:10.061000,415.62352492181617,13
2024-09-19 09:40:10.122000,415.6142945233495,998
2024-09-19 09:40:10.195000,415.6020356262699,105
2024-09-19 09:40:10.219000,415.6459595598672,1002
2024-09-19 09:40:10.249000,415.606512963178,1003
2024-09-19 09:40:10.262000,415.60826890609286,11
2024-09-19 09:40:10.271000,415.603467707769,96
2024-09-19 09:40:10.274000,415.6816974652138,12
2024-09-19 09:40:10.302000,415.6507656651611,104
2024-09-19 09:40:10.321000,415.6733172301228,9
2024-09-19 09:40:10.327000,415.66746893165794,104
2024-09-19 09:40:10.486000,415.70763101989576,102
2024-09-19 09:40:10.515000,415.6066735889989,998
2024-09-19 09:40:10.529000,415.63184148011663,97
2024-09-19 09:40:10.531000,415.6116749925432,998
2024-09-19 09:40:10.563000,415.67283663015405,104
2024-09-19 09:40:10.590000,415.591728022482,14
2024-09-19 09:40:10.662000,415.62920889539066,1005
2024-09-19 09:40:10.668000,415.7290482388068,7
2024-09-19 09:40:10.738000,415.6063262061944,95
2024-09-19 09:40:10.747000,415.67041136265954,97
2024-09-19 09:40:10.866000,415.6104496212722,995
2024-09-19 09:40:10.887000,415.6585043359514,97
2024-09-19 09:40:10.944000,415.72190558457226,1005
2024-09-19 09:40:10.972000,415.65302862166834,15
2024-09-19 09:40:10.984000,415.7117476501797,14
2024-09-19 09:40:11.020000,415.5219967425145,6
2024-09-19 09:40:11.034000,415.51844451021896,1001
2024-09-19 09:40:11.166000,415.5501770526725,996
2024-09-19 09:40:11.167000,415.5545333863211,1001
2024-09-19 09:40:11.171000,415.5229303715307,5
2024-09-19 09:40:11.176000,415.4847144348724,103
2024-09-19 09:40:11.225000,415.521843086886,96
2024-09-19 09:40:11.275000,415.5761373379995,995
2024-09-19 09:40:11.277000,415.5240117596325,97
2024-09-19 09:40:11.372000,415.5821182588178,1005
2024-09-19 09:40:11.432000,415.4904848979396,6
2024-09-19 09:40:11.474000,415.5014703424758,11
2024-09-19 09:40:11.476000,415.4985437408917,102
2024-09-19 09:40:11.507000,415.5331740923672,12
2024-09-19 09:40:11.542000,415.54542490857295,998
2024-09-19 09:40:11.587000,415.5358770407913,12
2024-09-19 09:40:11.645000,415.524487858797,13
2024-09-19 09:40:11.662000,415.5011851459324,1000
2024-09-19 09:40:11.718000,415.4929049511709,103
2024-09-19 09:40:11.745000,415.5077047798704,9
2024-09-19 09:40:11.798000,415.48804049608975,1004
2024-09-19 09:40:11.809000,415.5115818709702,8
2024-09-19 09:40:11.815000,415.5667829165763,13
2024-09-19 09:40:11.984000,415.5487436190962,105
2024-09-19 09:40:11.996000,415.5142409040253,998
2024-09-19 09:40:12.078000,415.5131706857194,103
2024-09-19 09:40:12.085000,415.5081678970523,1002
2024-09-19 09:40:12.118000,415.5112967272954,97
2024-09-19 09:40:12.209000,415.4966671412736,13
2024-09-19 09:40:12.284000,415.500229117199,104
2024-09-19 09:40:12.294000,415.50176758477335,105
2024-09-19 09:40:12.341000,415.4863591566406,102
2024-09-19 09:40:12.376000,415.5240149193247,15
2024-09-19 09:40:12.399000,415.5331385145334,996
2024-09-19 09:40:12.431000,415.52597071382,95
2024-09-19 09:40:12.463000,415.5155742986715,15
2024-09-19 09:40:12.478000,415.5183727763284,996
2024-09-19 09:40:12.548000,415.4951819199033,1004
2024-09-19 09:40:12.588000,415.4889328910545,996
2024-09-19 09:40:12.605000,415.4980183989642,1003
2024-09-19 09:40:12.827000,415.4925930565752,105
2024-09-19 09:40:12.865000,415.5118627854302,103
2024-09-19 09:40:12.875000,415.5163064176361,96
2024-09-19 09:40:12.947000,415.50576130925685,95
2024-09-19 09:40:13.260000,415.52438707840497,6
2024-09-19 09:40:13.291000,415.4998225518046,14
2024-09-19 09:40:13.351000,415.5012508152586,15
2024-09-19 09:40:13.475000,415.4924295673436,7
2024-09-19 09:40:13.769000,415.48454027666656,6
2024-09-19 09:40:13.966000,415.4848566254043,7
2024-09-19 09:40:13.987000,415.5029213065082,104
2024-09-19 09:40:14.075000,415.5531368933177,996
2024-09-19 09:40:14.157000,415.5714761083096,102
2024-09-19 09:40:14.221000,415.57270285767487,1005
2024-09-19 09:40:14.282000,415.5647063632304,101
2024-09-19 09:40:14.302000,415.5505971605317,996
2024-09-19 09:40:14.333000,415.5667520896273,995
2024-09-19 09:40:14.431000,415.54939176249337,995
2024-09-19 09:40:14.525000,415.52657883766113,105
2024-09-19 09:40:14.553000,415.5439877449894,1003
2024-09-19 09:40:14.566000,415.5590947559567,102
2024-09-19 09:40:14.662000,415.5625770535602,104
2024-09-19 09:40:14.691000,415.5798819073788,13
2024-09-19 09:40:14.743000,415.57328966594815,995
2024-09-19 09:40:14.750000,415.5666094308881,11
2024-09-19 09:40:14.796000,415.55505493823256,15
2024-09-19 09:40:14.826000,415.5414367447763,100
2024-09-19 09:40:14.865000,415.5341479467282,12
2024-09-19 09:40:14.903000,415.54795867280905,104
2024-09-19 09:40:14.954000,415.5366353602509,1000
2024-09-19 09:40:15.073000,415.5493960393067,101
2024-09-19 09:40:15.150000,415.5798283542629,1001
2024-09-19 09:40:15.187000,415.5743787718106,100
2024-09-19 09:40:15.241000,415.5468986535872,99
2024-09-19 09:40:15.255000,415.5604545814762,10
2024-09-19 09:40:15.522000,415.5800465796348,998
2024-09-19 09:40:15.541000,415.5974370639417,95
2024-09-19 09:40:15.758000,415.5937808314472,1003
2024-09-19 09:40:15.856000,415.5734232544382,98
2024-09-19 09:40:15.890000,415.576514577553,996
2024-09-19 09:40:15.976000,415.544050306345,998
2024-09-19 09:40:16.025000,415.5866182629199,99
2024-09-19 09:40:16.058000,415.5919399352896,104
2024-09-19 09:40:16.107000,415.58328381172856,11
2024-09-19 09:40:16.142000,415.5398673454284,1000
2024-09-19 09:40:16.262000,415.5597381506348,998
2024-09-19 09:40:16.266000,415.617718303896,12
2024-09-19 09:40:16.355000,415.5656649830405,13
2024-09-19 09:40:16.367000,415.6008128445277,1005
2024-09-19 09:40:16.458000,415.5538179794511,7
2024-09-19 09:40:16.463000,415.5413551339547,1004
2024-09-19 09:40:16.490000,415.5732966063786,100
2024-09-19 09:40:16.539000,415.566477464605,12
2024-09-19 09:40:16.693000,415.5893297000037,8
2024-09-19 09:40:16.900000,415.5597009259704,9
2024-09-19 09:40:16.959000,415.6030462627172,996
2024-09-19 09:40:16.995000,415.5729113421541,13
2024-09-19 09:40:17.096000,415.4589171038718,14
2024-09-19 09:40:17.226000,415.47611160686427,102
2024-09-19 09:40:17.265000,415.50132843173554,7
2024-09-19 09:40:17.321000,415.46717226570354,103
2024-09-19 09:40:17.539000,415.4559781900565,97
2024-09-19 09:40:17.572000,415.4401658734951,105
2024-09-19 09:40:17.619000,415.5336288560048,15
2024-09-19 09:40:17.687000,415.45492489318025,11
2024-09-19 09:40:17.714000,415.4439510866157,13
2024-09-19 09:40:17.766000,415.4414906615135,101
2024-09-19 09:40:17.819000,415.53198109373983,105
2024-09-19 09:40:17.862000,415.4748747847796,15
2024-09-19 09:40:17.871000,415.4547943377908,1001
2024-09-19 09:40:17.891000,415.46289320498136,100
2024-09-19 09:40:18.018000,415.4481402724191,1004
2024-09-19 09:40:18.023000,415.4894758420109,103
2024-09-19 09:40:18.032000,415.4863907455474,7
2024-09-19 09:40:18.125000,415.4659757828479,8
2024-09-19 09:40:18.244000,415.4507439695793,96
2024-09-19 09:40:18.286000,415.4646557263665,95
2024-09-19 09:40:18.299000,415.4849681215143,5
2024-09-19 09:40:18.321000,415.4561742555009,102
2024-09-19 09:40:18.343000,415.4647228892453,10
2024-09-19 09:40:18.365000,415.4911645205492,1000
2024-09-19 09:40:18.491000,415.4597545986604,9
2024-09-19 09:40:18.532000,415.49369958685554,99
2024-09-19 09:40:18.650000,415.4715099574804,7
2024-09-19 09:40:18.708000,415.44265285734656,5
2024-09-19 09:40:18.722000,415.472446725889,103
2024-09-19 09:40:18.764000,415.4648795456844,98
2024-09-19 09:40:18.893000,415.4483692587311,101
2024-09-19 09:40:18.919000,415.4410577868003,1000
2024-09-19 09:40:18.968000,415.4797447271583,100
2024-09-19 09:40:18.982000,415.46759343239296,105
2024-09-19 09:40:20.030000,415.4600274992407,996
2024-09-19 09:40:20.062000,415.4022084833933,1002
2024-09-19 09:40:20.134000,415.4384132695091,1001
2024-09-19 09:40:20.196000,415.4348876563959,11
2024-09-19 09:40:20.358000,415.45038965191577,1003
2024-09-19 09:40:20.476000,415.4650607972742,1002
2024-09-19 09:40:20.522000,415.4240693713463,95
2024-09-19 09:40:20.550000,415.4714524323063,5
2024-09-19 09:40:20.552000,415.457117702946,13
2024-09-19 09:40:20.621000,415.4463528190365,100
2024-09-19 09:40:20.623000,415.4387398913522,98
2024-09-19 09:40:20.632000,415.434481736813,7
2024-09-19 09:40:20.639000,415.4047866970834,997
2024-09-19 09:40:20.687000,415.3939517566091,7
2024-09-19 09:40:20.693000,415.4485440612335,97
2024-09-19 09:40:20.702000,415.4494247890656,1002
2024-09-19 09:40:20.835000,415.4420963904182,11
2024-09-19 09:40:20.906000,415.43398018050414,103
2024-09-19 09:40:20.910000,415.4327818030736,5
2024-09-19 09:40:20.922000,415.41984334714647,103
2024-09-19 09:40:20.922000,415.4141666194533,104
2024-09-19 09:40:20.945000,415.4115004896346,14
2024-09-19 09:40:20.992000,415.4553318391926,98
2024-09-19 09:40:21.225000,415.3792605116583,12
2024-09-19 09:40:21.757000,415.3792006802536,105
2024-09-19 09:40:22.025000,415.4132241033906,999
2024-09-19 09:40:22.064000,415.3848500750212,13
2024-09-19 09:40:22.072000,415.4601874256404,10
2024-09-19 09:40:22.106000,415.3561631477306,10
2024-09-19 09:40:22.119000,415.4141154268245,96
2024-09-19 09:40:22.121000,415.39333214022514,104
2024-09-19 09:40:22.129000,415.3548726184254,105
2024-09-19 09:40:22.138000,415.3705178430392,1004
2024-09-19 09:40:22.179000,415.39301643252446,998
2024-09-19 09:40:22.213000,415.3754488285997,1004
2024-09-19 09:40:22.333000,415.3961325657154,7
2024-09-19 09:40:22.339000,415.4537132969205,101
2024-09-19 09:40:22.350000,415.3731904625095,8
2024-09-19 09:40:22.396000,415.387742405245,96
2024-09-19 09:40:22.420000,415.3930738054456,99
2024-09-19 09:40:22.432000,415.4153671527893,101
2024-09-19 09:40:22.582000,415.3901295575868,104
2024-09-19 09:40:22.612000,415.40609071207024,99
2024-09-19 09:40:22.635000,415.43496685012,10
2024-09-19 09:40:22.667000,415.3904902158669,104
2024-09-19 09:40:22.667000,415.3885647169121,5
2024-09-19 09:40:22.674000,415.3779506705238,1000
2024-09-19 09:40:22.686000,415.4466905757042,1002
2024-09-19 09:40:22.753000,415.3840015965678,97
2024-09-19 09:40:22.756000,415.3786187693117,15
2024-09-19 09:40:22.782000,415.38391941737353,1000
2024-09-19 09:40:22.839000,415.4027831959944,11
2024-09-19 09:40:22.874000,415.43337328683583,13
2024-09-19 09:40:22.875000,415.4562865035337,102
2024-09-19 09:40:22.913000,415.4186411505214,1002
2024-09-19 09:40:23.014000,415.3683064259002,14
2024-09-19 09:40:23.021000,415.3674453782528,7
2024-09-19 09:40:23.035000,415.34557146550856,14
2024-09-19 09:40:23.054000,415.3399315956953,12
2024-09-19 09:40:23.129000,415.3917043177468,105
2024-09-19 09:40:23.129000,415.3611322940562,1002
2024-09-19 09:40:23.345000,415.3790492608449,14
2024-09-19 09:40:23.371000,415.3636050041634,11
2024-09-19 09:40:23.415000,415.3463896443589,97
2024-09-19 09:40:23.489000,415.3800640653524,95
2024-09-19 09:40:23.524000,415.361128422343,101
2024-09-19 09:40:23.542000,415.3779683217589,97
2024-09-19 09:40:23.554000,415.3616852338882,104
2024-09-19 09:40:23.562000,415.3816029158517,1001
2024-09-19 09:40:23.637000,415.3559915397228,13
2024-09-19 09:40:23.649000,415.3554326660563,8
2024-09-19 09:40:23.673000,415.3349382374258,1004
2024-09-19 09:40:23.710000,415.3508660579884,996
2024-09-19 09:40:23.740000,415.3928308802716,999
2024-09-19 09:40:23.752000,415.36634050508167,5
2024-09-19 09:40:23.872000,415.3855478456373,10
2024-09-19 09:40:23.940000,415.3670456241514,105
2024-09-19 09:40:23.957000,415.34650854847257,997
2024-09-19 09:40:24.069000,415.33855669620937,1004
2024-09-19 09:40:24.157000,415.3248584704939,9
2024-09-19 09:40:24.198000,415.3690404776551,8
2024-09-19 09:40:24.204000,415.3137650918408,11
2024-09-19 09:40:24.313000,415.3163890010155,15
2024-09-19 09:40:24.376000,415.3441334648349,15
2024-09-19 09:40:24.435000,415.3408507672912,15
2024-09-19 09:40:24.437000,415.33684500464994,101
2024-09-19 09:40:24.449000,415.37685032322,15
2024-09-19 09:40:24.468000,415.3583210416828,1001
2024-09-19 09:40:24.489000,415.3311797590395,995
2024-09-19 09:40:24.544000,415.37699060529087,996
2024-09-19 09:40:24.565000,415.3149199996139,1003
2024-09-19 09:40:24.638000,415.3377987625413,15
2024-09-19 09:40:24.647000,415.3582367612535,96
2024-09-19 09:40:24.703000,415.3311490577976,5
2024-09-19 09:40:24.708000,415.3342323578224,6
2024-09-19 09:40:24.720000,415.3386729998009,10
2024-09-19 09:40:24.785000,415.36966341555234,6
2024-09-19 09:40:24.788000,415.3686395491184,1000
2024-09-19 09:40:24.814000,415.3424744096371,102
2024-09-19 09:40:24.828000,415.3259857759646,5
2024-09-19 09:40:24.831000,415.3304788800788,998
2024-09-19 09:40:24.831000,415.3612046144424,10
2024-09-19 09:40:24.931000,415.3222862479977,98
2024-09-19 09:40:25.012000,415.30357109889815,103
2024-09-19 09:40:25.080000,415.3211853934106,97
2024-09-19 09:40:25.091000,415.27304875385806,95
2024-09-19 09:40:25.095000,415.3241160232323,14
2024-09-19 09:40:25.124000,415.3318703636709,1001
2024-09-19 09:40:25.174000,415.3408352838546,1001
2024-09-19 09:40:25.189000,415.3103666629193,12
2024-09-19 09:40:25.204000,415.3278745166194,995
2024-09-19 09:40:25.225000,415.30200536873616,9
2024-09-19 09:40:25.281000,415.3211178276606,999
2024-09-19 09:40:25.295000,415.3074827707142,100
2024-09-19 09:40:25.483000,415.2750307874859,1004
2024-09-19 09:40:25.510000,415.2958906819369,95
2024-09-19 09:40:25.516000,415.3115038011307,999
2024-09-19 09:40:25.521000,415.2974830330339,998
2024-09-19 09:40:25.526000,415.273373145085,15
2024-09-19 09:40:25.540000,415.3134668295468,995
2024-09-19 09:40:25.545000,415.3387745901216,98
2024-09-19 09:40:25.600000,415.27145062811616,997
2024-09-19 09:40:25.648000,415.3152201407394,11
2024-09-19 09:40:25.714000,415.2639692257774,998
2024-09-19 09:40:25.754000,415.29052740648007,14
2024-09-19 09:40:25.763000,415.3183186298268,102
2024-09-19 09:40:25.791000,415.3089486103664,1000
2024-09-19 09:40:25.811000,415.337456463907,995
2024-09-19 09:40:25.816000,415.2917666107,14
2024-09-19 09:40:25.882000,415.3073541074605,999
2024-09-19 09:40:25.927000,415.2771241521224,100
2024-09-19 09:40:25.971000,415.3027910885492,1005
2024-09-19 09:40:26.022000,415.3248648203237,6
2024-09-19 09:40:26.074000,415.19517368586713,999
2024-09-19 09:40:26.126000,415.2503211424938,99
2024-09-19 09:40:26.205000,415.2329396347053,105
2024-09-19 09:40:26.220000,415.2704515328454,1002
2024-09-19 09:40:26.292000,415.3035253373045,1003
2024-09-19 09:40:26.307000,415.2403265356714,15
2024-09-19 09:40:26.309000,415.22337680111735,5
2024-09-19 09:40:26.311000,415.2104964021571,9
2024-09-19 09:40:26.443000,415.2550794104216,8
2024-09-19 09:40:26.455000,415.26027945831913,5
2024-09-19 09:40:26.472000,415.2235656873385,12
2024-09-19 09:40:26.520000,415.2607093921464,102
2024-09-19 09:40:26.617000,415.2192070577268,1001
2024-09-19 09:40:26.689000,415.2454594856255,1005
2024-09-19 09:40:26.701000,415.2633531236826,103
2024-09-19 09:40:26.730000,415.21031316828976,14
2024-09-19 09:40:26.771000,415.2439011872762,105
2024-09-19 09:40:26.839000,415.2740160788555,15
2024-09-19 09:40:26.932000,415.26501544891926,95
2024-09-19 09:40:27.016000,415.2201013626346,5
2024-09-19 09:40:27.034000,415.2135944284092,8
2024-09-19 09:40:27.113000,415.211190900571,1000
2024-09-19 09:40:27.123000,415.2144450912068,100
2024-09-19 09:40:27.123000,415.1810045355885,100
2024-09-19 09:40:27.427000,415.2369489735409,8
2024-09-19 09:40:27.432000,415.2212819237915,995
2024-09-19 09:40:27.480000,415.2014205924271,10
2024-09-19 09:40:27.516000,415.23193791339145,100
2024-09-19 09:40:27.540000,415.2122032291416,1001
2024-09-19 09:40:27.549000,415.2309393556833,7
2024-09-19 09:40:27.585000,415.2316241257949,104
2024-09-19 09:40:27.627000,415.2260254067493,101
2024-09-19 09:40:27.656000,415.21619881252,6
2024-09-19 09:40:27.718000,415.2215220116021,1003
2024-09-19 09:40:27.732000,415.2305040118285,6
2024-09-19 09:40:27.837000,415.2204996823368,12
2024-09-19 09:40:27.847000,415.201427575144,8
2024-09-19 09:40:27.881000,415.219875900969,1003
2024-09-19 09:40:27.883000,415.2304418618576,104
2024-09-19 09:40:27.894000,415.1913036531296,5
2024-09-19 09:40:27.983000,415.2239791147554,14
2024-09-19 09:40:28.017000,415.1274811210165,15
2024-09-19 09:40:28.038000,415.1392793839098,99
2024-09-19 09:40:28.148000,415.1535644742392,13
2024-09-19 09:40:28.173000,415.1443612855848,102
2024-09-19 09:40:28.188000,415.1177479663877,101
2024-09-19 09:40:28.192000,415.1159618573877,5
2024-09-19 09:40:28.199000,415.1336023934824,996
2024-09-19 09:40:28.208000,415.2315080904024,999
2024-09-19 09:40:28.271000,415.1378810351394,5
2024-09-19 09:40:28.312000,415.2131575114176,102
2024-09-19 09:40:28.326000,415.1309584934955,999
2024-09-19 09:40:28.348000,415.1332782319957,9
2024-09-19 09:40:28.376000,415.142284882644,104
2024-09-19 09:40:28.381000,415.1444546088464,995
2024-09-19 09:40:28.463000,415.1339795369605,6
2024-09-19 09:40:28.479000,415.1656908987388,11
2024-09-19 09:40:28.597000,415.1282989126754,6
2024-09-19 09:40:28.611000,415.1530788327371,1004
2024-09-19 09:40:28.631000,415.1381894727549,1005
2024-09-19 09:40:28.650000,415.1332396474366,99
2024-09-19 09:40:28.675000,415.140096955102,101
2024-09-19 09:40:28.698000,415.1541057488496,102
2024-09-19 09:40:28.736000,415.1248099121523,996
2024-09-19 09:40:28.861000,415.1660992743567,96
2024-09-19 09:40:28.880000,415.1590468915136,1002
2024-09-19 09:40:28.904000,415.2124954905907,7
2024-09-19 09:40:28.905000,415.12519896518126,13
2024-09-19 09:40:28.959000,415.1219144363171,14
2024-09-19 09:40:29.051000,415.1472901025465,13
2024-09-19 09:40:29.169000,415.20388331915774,99
2024-09-19 09:40:29.174000,415.1915084653251,98
2024-09-19 09:40:29.282000,415.14002314834914,9
2024-09-19 09:40:29.333000,415.16126104140375,105
2024-09-19 09:40:29.403000,415.1877411496981,15
2024-09-19 09:40:29.405000,415.1440545318528,11
2024-09-19 09:40:29.563000,415.1983959080171,999
2024-09-19 09:40:29.568000,415.1420822046224,995
2024-09-19 09:40:29.577000,415.1384446318584,14
2024-09-19 09:40:29.612000,415.1353169959256,101
2024-09-19 09:40:29.638000,415.2025517527589,100
2024-09-19 09:40:29.706000,415.200589471178,1002
2024-09-19 09:40:29.708000,415.16983165545895,996
2024-09-19 09:40:29.919000,415.1654453288109,102
2024-09-19 09:40:29.934000,415.133412362659,5
2024-09-19 09:40:30,415.1655051260223,98
2024-09-19 09:40:30.114000,415.1414281480161,1002
2024-09-19 09:40:30.138000,415.1325094000055,11
2024-09-19 09:40:30.211000,415.1197916867957,999
2024-09-19 09:40:30.286000,415.145436491596,7
2024-09-19 09:40:30.387000,415.1365113176541,97
2024-09-19 09:40:30.421000,415.1470565472799,12
2024-09-19 09:40:30.442000,415.1679544424223,1000
2024-09-19 09:40:30.457000,415.13736473954725,104
2024-09-19 09:40:30.510000,415.1386213083824,1001
2024-09-19 09:40:30.593000,415.1094893383528,999
2024-09-19 09:40:30.643000,415.1432239443272,1004
2024-09-19 09:40:30.735000,415.115725872639,6
2024-09-19 09:40:30.774000,415.1586115417884,99
2024-09-19 09:40:30.781000,415.1304843351042,5
2024-09-19 09:40:30.791000,415.1271518828148,102
2024-09-19 09:40:30.864000,415.1367625986904,8
2024-09-19 09:40:30.941000,415.1441437100692,15
2024-09-19 09:40:30.981000,415.12686999665897,15
2024-09-19 09:40:31.042000,415.184821846349,10
2024-09-19 09:40:31.076000,415.1401973928168,99
2024-09-19 09:40:31.099000,415.17054073990846,98
2024-09-19 09:40:31.116000,415.1553906849943,99
2024-09-19 09:40:31.133000,415.1292390855396,103
2024-09-19 09:40:31.181000,415.092499589136,13
2024-09-19 09:40:31.202000,415.17907586778415,1002
2024-09-19 09:40:31.209000,415.1355862260405,100
2024-09-19 09:40:31.287000,415.0904885029601,10
2024-09-19 09:40:31.292000,415.1311767317586,98
2024-09-19 09:40:31.297000,415.11494670680406,5
2024-09-19 09:40:31.426000,415.177685710665,96
2024-09-19 09:40:31.428000,415.1431035732927,13
2024-09-19 09:40:31.534000,415.1226435744444,98
2024-09-19 09:40:31.572000,415.15281111935695,1003
2024-09-19 09:40:31.591000,415.1165769499242,1002
2024-09-19 09:40:31.596000,415.1564339315727,1005
2024-09-19 09:40:31.695000,415.1218815667177,104
2024-09-19 09:40:31.704000,415.09567313573854,98
2024-09-19 09:40:31.758000,415.20187780754696,103
2024-09-19 09:40:31.790000,415.1221528497316,97
2024-09-19 09:40:31.800000,415.14670994800207,102
2024-09-19 09:40:31.811000,415.10141862731376,100
2024-09-19 09:40:31.853000,415.1418607258154,5
2024-09-19 09:40:31.901000,415.0853951877069,1002
2024-09-19 09:40:31.917000,415.1788360190623,997
2024-09-19 09:40:31.998000,415.1758901222955,1002
2024-09-19 09:40:32.003000,415.15466341817296,10
2024-09-19 09:40:32.056000,415.1378835922698,997
2024-09-19 09:40:32.084000,415.13606459949,7
2024-09-19 09:40:32.097000,415.1326051159413,14
2024-09-19 09:40:32.106000,415.1338486094231,104
2024-09-19 09:40:32.209000,415.13080981595766,1002
2024-09-19 09:40:32.225000,415.1246142000711,15
2024-09-19 09:40:32.236000,415.1464124654775,10
2024-09-19 09:40:32.283000,415.14486141863904,104
2024-09-19 09:40:32.322000,415.1523596626544,15
2024-09-19 09:40:32.328000,415.1360518491664,99
2024-09-19 09:40:32.336000,415.18839317469735,105
2024-09-19 09:40:32.336000,415.1490387579162,997
2024-09-19 09:40:32.362000,415.11823806577206,6
2024-09-19 09:40:32.378000,415.1302815709999,998
2024-09-19 09:40:32.412000,415.1648987953849,15
2024-09-19 09:40:32.450000,415.1264711119182,1005
2024-09-19 09:40:32.607000,415.1839461891768,7
2024-09-19 09:40:32.617000,415.1128095363191,14
2024-09-19 09:40:32.672000,415.1209171540754,14
2024-09-19 09:40:32.715000,415.1827268331799,102
2024-09-19 09:40:32.743000,415.15078871637945,997
2024-09-19 09:40:32.763000,415.14778719241787,104
2024-09-19 09:40:32.827000,415.1495720553594,102
2024-09-19 09:40:32.864000,415.1536950903799,11
2024-09-19 09:40:32.883000,415.10723359183936,997
2024-09-19 09:40:32.896000,415.1617743795917,1004
2024-09-19 09:40:32.965000,415.18158761828806,995
2024-09-19 09:40:33.006000,415.1113405036364,104
2024-09-19 09:40:33.054000,415.0934261841836,12
2024-09-19 09:40:33.069000,415.113971158393,102
2024-09-19 09:40:33.077000,415.12988512317287,1000
2024-09-19 09:40:33.113000,415.1371920177864,1002
2024-09-19 09:40:33.147000,415.1189685401436,1002
2024-09-19 09:40:33.148000,415.1364770595812,1003
2024-09-19 09:40:33.185000,415.1356531145037,6
2024-09-19 09:40:33.223000,415.1513746766332,13
2024-09-19 09:40:33.225000,415.1060654923969,8
2024-09-19 09:40:33.251000,415.1060686683706,1001
2024-09-19 09:40:33.265000,415.1007321693341,95
2024-09-19 09:40:33.452000,415.136349086393,96
2024-09-19 09:40:33.484000,415.11325424954055,12
2024-09-19 09:40:33.570000,415.0892323967997,96
2024-09-19 09:40:33.583000,415.0730119400173,14
2024-09-19 09:40:33.594000,415.0985227431779,105
2024-09-19 09:40:33.719000,415.07734410615615,1004
2024-09-19 09:40:33.756000,415.13933777684014,98
2024-09-19 09:40:33.823000,415.105496816865,105
2024-09-19 09:40:33.829000,415.0949333857115,6
2024-09-19 09:40:33.898000,415.1194938068016,104
2024-09-19 09:40:33.995000,415.117106319884,96
2024-09-19 09:40:34.001000,415.1676537360912,14
2024-09-19 09:40:34.001000,415.158398317558,998
2024-09-19 09:40:34.010000,415.14315703350593,99
2024-09-19 09:40:34.026000,415.1606830837256,100
2024-09-19 09:40:34.091000,415.1567463915882,11
2024-09-19 09:40:34.203000,415.152360428873,103
2024-09-19 09:40:34.235000,415.1461661060616,15
2024-09-19 09:40:34.318000,415.14150697828586,15
2024-09-19 09:40:34.354000,415.1656751047896,103
2024-09-19 09:40:34.379000,415.1586174884783,97
2024-09-19 09:40:34.420000,415.1441063390008,997
2024-09-19 09:40:34.508000,415.15839703390816,10
2024-09-19 09:40:34.525000,415.1288991985787,102
2024-09-19 09:40:34.756000,415.1258987574853,105
2024-09-19 09:40:34.803000,415.15858304812497,1002
2024-09-19 09:40:34.867000,415.13551949641527,1004
2024-09-19 09:40:34.883000,415.1493024470952,5
2024-09-19 09:40:34.893000,415.1754940853136,15
2024-09-19 09:40:34.913000,415.1547134464196,1002
2024-09-19 09:40:34.975000,415.1516995000976,8
2024-09-19 09:40:35.116000,415.1707631522565,1003
2024-09-19 09:40:35.663000,415.1662896298729,14
2024-09-19 09:40:35.942000,415.1529781539713,99
2024-09-19 09:40:36.006000,415.17668494081664,995
2024-09-19 09:40:36.033000,415.1324847054847,1005
2024-09-19 09:40:36.083000,415.1011814344674,996
2024-09-19 09:40:36.088000,415.1348330619869,11
2024-09-19 09:40:36.230000,415.13403741261465,15
2024-09-19 09:40:36.258000,415.08826960586896,11
2024-09-19 09:40:36.370000,415.19501333686327,8
2024-09-19 09:40:36.393000,415.1226495931099,9
2024-09-19 09:40:36.407000,415.1850006759724,996
2024-09-19 09:40:36.421000,415.09254921443625,14
2024-09-19 09:40:36.495000,415.0944716165701,1004
2024-09-19 09:40:36.519000,415.1114830063248,101
2024-09-19 09:40:36.522000,415.1050543495083,997
2024-09-19 09:40:36.544000,415.105273574032,1001
2024-09-19 09:40:36.562000,415.1656654960889,13
2024-09-19 09:40:36.563000,415.14738997431584,101
2024-09-19 09:40:36.583000,415.1433162494024,999
2024-09-19 09:40:36.591000,415.1773086044929,98
2024-09-19 09:40:36.627000,415.1844641517173,12
2024-09-19 09:40:36.786000,415.1831990285809,14
2024-09-19 09:40:36.788000,415.1531504911258,1001
2024-09-19 09:40:36.822000,415.1282740566933,5
2024-09-19 09:40:36.842000,415.1203408085135,6
2024-09-19 09:40:36.844000,415.15189697280414,15
2024-09-19 09:40:36.987000,415.1150521051654,103
2024-09-19 09:40:37.037000,415.12991721264336,5
2024-09-19 09:40:37.475000,415.1182642746842,1003
2024-09-19 09:40:37.497000,415.1132930883239,12
2024-09-19 09:40:37.549000,415.1324905938211,997
2024-09-19 09:40:37.553000,415.0997625896232,104
2024-09-19 09:40:37.689000,415.1333755134882,1005
2024-09-19 09:40:37.923000,415.1129788735572,10
2024-09-19 09:40:38,415.15414992213545,14
2024-09-19 09:40:38.003000,415.142891907081,995
2024-09-19 09:40:38.010000,415.1978977354635,96
2024-09-19 09:40:38.119000,415.1537840772609,1004
2024-09-19 09:40:38.134000,415.1506265015983,11
2024-09-19 09:40:38.149000,415.1707151224692,14
2024-09-19 09:40:38.518000,415.1781752609129,6
2024-09-19 09:40:38.537000,415.1849107132712,15
2024-09-19 09:40:38.539000,415.1435018352796,101
2024-09-19 09:40:38.706000,415.1598917458668,1000
2024-09-19 09:40:38.740000,415.1706381078209,7
2024-09-19 09:40:38.809000,415.1687710860045,101
2024-09-19 09:40:38.942000,415.120474189722,10
2024-09-19 09:40:39.166000,415.15880905578,9
2024-09-19 09:40:39.466000,415.1609412511496,97
2024-09-19 09:40:39.537000,415.1927685833023,1002
2024-09-19 09:40:39.637000,415.1733485515362,96
2024-09-19 09:40:39.681000,415.1938171358448,999
2024-09-19 09:40:39.706000,415.188101126097,97
2024-09-19 09:40:39.770000,415.2012020509998,101
2024-09-19 09:40:40.050000,415.2459194239656,6
2024-09-19 09:40:40.075000,415.2330941101269,7
2024-09-19 09:40:40.149000,415.2245379470065,10
2024-09-19 09:40:40.153000,415.1730597873144,6
2024-09-19 09:40:40.171000,415.1712368119376,1003
2024-09-19 09:40:40.183000,415.2491738122056,996
2024-09-19 09:40:40.243000,415.2049470690917,1000
2024-09-19 09:40:40.301000,415.21737923867823,1005
2024-09-19 09:40:40.446000,415.23249486693976,10
2024-09-19 09:40:40.476000,415.207073205773,103
2024-09-19 09:40:40.501000,415.2337042514427,103
2024-09-19 09:40:40.531000,415.206592214623,10
2024-09-19 09:40:40.557000,415.20322289130536,9
2024-09-19 09:40:40.562000,415.2208828787201,97
2024-09-19 09:40:40.567000,415.2229825802101,1001
2024-09-19 09:40:40.577000,415.2399808636945,1005
2024-09-19 09:40:40.633000,415.2408351509532,995
2024-09-19 09:40:40.654000,415.2134457055708,1003
2024-09-19 09:40:40.662000,415.2168876430606,11
2024-09-19 09:40:40.668000,415.2189341688009,8
2024-09-19 09:40:40.675000,415.19499279262726,15
2024-09-19 09:40:40.709000,415.2100677918411,14
2024-09-19 09:40:40.738000,415.1666317145375,1001
2024-09-19 09:40:40.771000,415.2292720923719,8
2024-09-19 09:40:40.802000,415.2493527610183,7
2024-09-19 09:40:40.821000,415.2033290079461,10
2024-09-19 09:40:40.933000,415.1935085866396,998
2024-09-19 09:40:40.939000,415.207210527794,98
2024-09-19 09:40:40.993000,415.2056682501044,96
2024-09-19 09:40:41.065000,415.2226670425127,10
2024-09-19 09:40:41.230000,415.23945705055,101
2024-09-19 09:40:41.353000,415.2337041166496,6
2024-09-19 09:40:41.456000,415.2343415787254,100
2024-09-19 09:40:41.536000,415.2560605579444,8
2024-09-19 09:40:41.639000,415.2425304161072,11
2024-09-19 09:40:41.643000,415.25630386386416,101
2024-09-19 09:40:41.730000,415.22661033206606,11
2024-09-19 09:40:41.738000,415.255830870804,98
2024-09-19 09:40:41.790000,415.24753416862046,9
2024-09-19 09:40:41.804000,415.2473755063671,996
2024-09-19 09:40:41.932000,415.2244204061568,998
2024-09-19 09:40:41.971000,415.25847217110856,995
2024-09-19 09:40:42.193000,415.2343254234413,96
2024-09-19 09:40:42.234000,415.255835369154,9
2024-09-19 09:40:42.683000,415.2339865897643,13
2024-09-19 09:40:42.949000,415.244706988986,1001
2024-09-19 09:40:42.991000,415.25487714879256,1004
2024-09-19 09:40:43.036000,415.3377559380938,999
2024-09-19 09:40:43.104000,415.345358917226,102
2024-09-19 09:40:43.164000,415.33829589981775,101
2024-09-19 09:40:43.210000,415.3713786331765,103
2024-09-19 09:40:43.230000,415.3423556143857,1000
2024-09-19 09:40:43.243000,415.2730196446737,12
2024-09-19 09:40:43.318000,415.3479866840837,8
2024-09-19 09:40:43.386000,415.27686878133625,103
2024-09-19 09:40:43.414000,415.334503684232,999
2024-09-19 09:40:43.461000,415.3625835644866,11
2024-09-19 09:40:43.540000,415.3191881896308,11
2024-09-19 09:40:43.541000,415.2863683339876,998
2024-09-19 09:40:43.589000,415.2788236251973,99
2024-09-19 09:40:43.655000,415.3232181591404,104
2024-09-19 09:40:43.671000,415.2841494332442,1000
2024-09-19 09:40:43.740000,415.2408199100875,103
2024-09-19 09:40:43.764000,415.26042649567415,99
2024-09-19 09:40:43.770000,415.31331682757553,996
2024-09-19 09:40:43.854000,415.3394326177053,13
2024-09-19 09:40:43.894000,415.359499439034,98
2024-09-19 09:40:43.894000,415.2969551510118,99
2024-09-19 09:40:43.911000,415.2805023457351,102
2024-09-19 09:40:43.935000,415.304247848818,14
2024-09-19 09:40:44.007000,415.3438046971663,8
2024-09-19 09:40:44.014000,415.33189963260594,995
2024-09-19 09:40:44.024000,415.30495416985934,996
2024-09-19 09:40:44.028000,415.309101752125,101
2024-09-19 09:40:44.070000,415.3313390021673,1002
2024-09-19 09:40:44.179000,415.3246114390825,15
2024-09-19 09:40:44.193000,415.33200306763615,98
2024-09-19 09:40:44.226000,415.3295149407684,104
2024-09-19 09:40:44.248000,415.3220617185089,100
2024-09-19 09:40:44.250000,415.3387137011724,996
2024-09-19 09:40:44.386000,415.31457317923736,95
2024-09-19 09:40:44.400000,415.3269660459698,104
2024-09-19 09:40:44.423000,415.3253215189777,11
2024-09-19 09:40:44.494000,415.35791276770937,95
2024-09-19 09:40:44.538000,415.3395516746876,100
2024-09-19 09:40:44.544000,415.3400131495889,997
2024-09-19 09:40:44.596000,415.3489587809987,998
2024-09-19 09:40:44.632000,415.3398777217389,1000
2024-09-19 09:40:44.680000,415.3539488141764,97
2024-09-19 09:40:44.683000,415.32230564462526,100
2024-09-19 09:40:44.697000,415.3444521819087,999
2024-09-19 09:40:44.835000,415.348147204706,14
2024-09-19 09:40:44.863000,415.3607255766948,9
2024-09-19 09:40:44.877000,415.3186992053146,1003
2024-09-19 09:40:44.969000,415.3166512954077,104
2024-09-19 09:40:44.971000,415.3163272029077,999
2024-09-19 09:40:44.981000,415.3165981703245,101
2024-09-19 09:40:45.033000,415.3649824068045,9
2024-09-19 09:40:45.136000,415.36027064391146,11
2024-09-19 09:40:45.181000,415.34171098142633,13
2024-09-19 09:40:45.191000,415.3454465740805,105
2024-09-19 09:40:45.230000,415.31982710539774,100
2024-09-19 09:40:45.239000,415.31196338802704,997
2024-09-19 09:40:45.267000,415.3580569443943,997
2024-09-19 09:40:45.374000,415.33917143602537,1005
2024-09-19 09:40:45.394000,415.3430060046819,1005
2024-09-19 09:40:45.426000,415.3402269818607,1001
2024-09-19 09:40:45.475000,415.34260368693646,99
2024-09-19 09:40:45.494000,415.3422071096254,999
2024-09-19 09:40:45.563000,415.3649654015896,100
2024-09-19 09:40:45.625000,415.3659253427261,10
2024-09-19 09:40:45.676000,415.3463748571664,99
2024-09-19 09:40:45.835000,415.3519707849756,1000
2024-09-19 09:40:45.930000,415.3554939489925,100
2024-09-19 09:40:45.998000,415.36173911661416,99
2024-09-19 09:40:45.999000,415.3771245421089,97
2024-09-19 09:40:46.022000,415.3149388733819,1001
2024-09-19 09:40:46.060000,415.30309505821816,1002
2024-09-19 09:40:46.132000,415.3323749889135,995
2024-09-19 09:40:46.285000,415.3338192932774,998
2024-09-19 09:40:46.319000,415.3138598679755,995
2024-09-19 09:40:46.399000,415.3310190937532,15
2024-09-19 09:40:46.454000,415.3139705033042,8
2024-09-19 09:40:46.569000,415.32798987920415,998
2024-09-19 09:40:46.679000,415.3303691143937,105
2024-09-19 09:40:46.697000,415.2993607758476,104
2024-09-19 09:40:46.837000,415.3079896882445,998
2024-09-19 09:40:46.850000,415.30841595292287,99
2024-09-19 09:40:46.866000,415.2962936815505,14
2024-09-19 09:40:46.937000,415.2936021447213,8
2024-09-19 09:40:47.030000,415.3047260777274,14
2024-09-19 09:40:47.066000,415.32851428459634,104
2024-09-19 09:40:47.130000,415.3114004009664,101
2024-09-19 09:40:47.136000,415.3042504250829,104
2024-09-19 09:40:47.140000,415.29674612411736,10
2024-09-19 09:40:47.257000,415.2991161865881,105
2024-09-19 09:40:47.339000,415.3013228170619,995
2024-09-19 09:40:47.350000,415.3392170401062,105
2024-09-19 09:40:47.372000,415.289290878728,10
2024-09-19 09:40:47.427000,415.31109412217376,13
2024-09-19 09:40:47.522000,415.30050810620514,105
2024-09-19 09:40:47.588000,415.2934048726874,99
2024-09-19 09:40:47.594000,415.319045848385,100
2024-09-19 09:40:47.605000,415.3274280597126,103
2024-09-19 09:40:47.752000,415.2926323792791,102
2024-09-19 09:40:47.788000,415.3115904383381,101
2024-09-19 09:40:47.795000,415.3012297375249,1003
2024-09-19 09:40:47.930000,415.3035943925512,7
2024-09-19 09:40:47.990000,415.297070249676,1000
2024-09-19 09:40:48.002000,415.2585606459995,13
2024-09-19 09:40:48.068000,415.26098936164885,100
2024-09-19 09:40:48.115000,415.3186813077485,10
2024-09-19 09:40:48.145000,415.35514651717415,11
2024-09-19 09:40:48.185000,415.33549288798616,995
2024-09-19 09:40:48.378000,415.3328787375341,8
2024-09-19 09:40:48.466000,415.25598954843787,105
2024-09-19 09:40:48.564000,415.25818163226944,102
2024-09-19 09:40:48.565000,415.3556279716102,6
2024-09-19 09:40:48.577000,415.2639000264412,1002
2024-09-19 09:40:48.610000,415.30470105461,102
2024-09-19 09:40:48.652000,415.3487437307516,15
2024-09-19 09:40:48.671000,415.28292360903407,6
2024-09-19 09:40:48.678000,415.2683008086422,6
2024-09-19 09:40:48.721000,415.34254955031815,1001
2024-09-19 09:40:48.778000,415.2683829831692,1000
2024-09-19 09:40:48.798000,415.2535241612772,998
2024-09-19 09:40:48.828000,415.31741988297057,103
2024-09-19 09:40:48.857000,415.2545309142041,1000
2024-09-19 09:40:48.859000,415.3511347826028,10
2024-09-19 09:40:48.878000,415.2492142720579,14
2024-09-19 09:40:48.888000,415.26969503886966,995
2024-09-19 09:40:48.908000,415.2597288390707,5
2024-09-19 09:40:48.935000,415.2770075797735,10
2024-09-19 09:40:48.947000,415.33655080934943,996
2024-09-19 09:40:49.030000,415.2670222518561,6
2024-09-19 09:40:49.032000,415.2460626525014,102
2024-09-19 09:40:49.044000,415.236073779308,1001
2024-09-19 09:40:49.083000,415.2814224304872,100
2024-09-19 09:40:49.099000,415.2883628788021,6
2024-09-19 09:40:49.146000,415.23867450214806,15
2024-09-19 09:40:49.180000,415.2755312287388,12
2024-09-19 09:40:49.223000,415.2600261199572,14
2024-09-19 09:40:49.303000,415.2705399459694,97
2024-09-19 09:40:49.408000,415.2601761655185,101
2024-09-19 09:40:49.535000,415.2345892221034,9
2024-09-19 09:40:49.549000,415.2536982325023,100
2024-09-19 09:40:49.564000,415.26818062043634,995
2024-09-19 09:40:49.573000,415.2704448100311,11
2024-09-19 09:40:49.609000,415.2584228728924,105
2024-09-19 09:40:49.631000,415.2583922497174,102
2024-09-19 09:40:49.656000,415.2429703890281,105
2024-09-19 09:40:49.741000,415.2380482668977,98
2024-09-19 09:40:49.744000,415.2795290327116,95
2024-09-19 09:40:49.755000,415.2882878696927,11
2024-09-19 09:40:49.800000,415.24708978269416,9
2024-09-19 09:40:49.866000,415.27302433052654,15
2024-09-19 09:40:49.870000,415.29139169403226,1004
2024-09-19 09:40:49.889000,415.2908969183811,14
2024-09-19 09:40:49.892000,415.2766346143821,98
2024-09-19 09:40:49.934000,415.2705922941227,103
2024-09-19 09:40:50.019000,415.3450963429441,97
2024-09-19 09:40:50.147000,415.349812623992,999
2024-09-19 09:40:50.160000,415.341623423273,97
2024-09-19 09:40:50.213000,415.3383762010988,13
2024-09-19 09:40:50.348000,415.3252609703276,98
2024-09-19 09:40:50.516000,415.2968470507799,15
2024-09-19 09:40:50.557000,415.3670207177491,8
2024-09-19 09:40:50.563000,415.3233440464985,1003
2024-09-19 09:40:50.586000,415.28779201538686,999
2024-09-19 09:40:50.619000,415.27401419501695,1001
2024-09-19 09:40:50.693000,415.3264522361382,15
2024-09-19 09:40:50.715000,415.3525555819779,12
2024-09-19 09:40:50.725000,415.279889237851,11
2024-09-19 09:40:50.732000,415.354595451045,100
2024-09-19 09:40:50.779000,415.2903515142736,97
2024-09-19 09:40:50.805000,415.35255454814165,100
2024-09-19 09:40:50.809000,415.34639324639335,10
2024-09-19 09:40:50.853000,415.3514829567425,997
2024-09-19 09:40:50.874000,415.3350980386454,96
2024-09-19 09:40:50.992000,415.34867197736776,9
2024-09-19 09:40:51.003000,415.3304706849089,1004
2024-09-19 09:40:51.035000,415.3691839493069,14
2024-09-19 09:40:51.059000,415.3467378111554,102
2024-09-19 09:40:51.071000,415.349119438512,97
2024-09-19 09:40:51.098000,415.3398933700262,8
2024-09-19 09:40:51.111000,415.319836571366,95
2024-09-19 09:40:51.112000,415.372618589314,1005
2024-09-19 09:40:51.150000,415.32933863756153,14
2024-09-19 09:40:51.162000,415.3375644162163,14
2024-09-19 09:40:51.191000,415.3139113562681,999
2024-09-19 09:40:51.204000,415.3222377821109,96
2024-09-19 09:40:51.212000,415.3455630140567,104
2024-09-19 09:40:51.215000,415.34088825747074,10
2024-09-19 09:40:51.219000,415.334669990414,10
2024-09-19 09:40:51.238000,415.3314778656782,12
2024-09-19 09:40:51.250000,415.3517244357453,97
2024-09-19 09:40:51.286000,415.3366636974088,13
2024-09-19 09:40:51.429000,415.3399133934168,102
2024-09-19 09:40:51.462000,415.3323221822108,997
2024-09-19 09:40:51.477000,415.32168346690014,104
2024-09-19 09:40:51.494000,415.333368561412,11
2024-09-19 09:40:51.639000,415.3339966821613,10
2024-09-19 09:40:51.678000,415.3253460565187,100
2024-09-19 09:40:51.740000,415.3382862682713,8
2024-09-19 09:40:51.763000,415.3341556973565,12
2024-09-19 09:40:51.820000,415.3226610767039,995
2024-09-19 09:40:51.873000,415.3333136825271,995
2024-09-19 09:40:51.928000,415.3315224336644,104
2024-09-19 09:40:52.038000,415.328309787853,1003
2024-09-19 09:40:52.125000,415.3247423079309,6
2024-09-19 09:40:52.159000,415.3309158530555,15
2024-09-19 09:40:52.286000,415.32676336247386,15
2024-09-19 09:40:52.404000,415.32426429729577,7
2024-09-19 09:40:52.605000,415.3450974673866,97
2024-09-19 09:40:52.840000,415.3177634030713,999
2024-09-19 09:40:52.939000,415.32283053594335,14
2024-09-19 09:40:53.011000,415.3117740092069,10
2024-09-19 09:40:53.016000,415.3272144868998,1000
2024-09-19 09:40:53.069000,415.32740171929095,9
2024-09-19 09:40:53.273000,415.33205555554525,100
2024-09-19 09:40:53.282000,415.2845062163147,1000
2024-09-19 09:40:53.291000,415.308156564397,996
2024-09-19 09:40:53.306000,415.3073332340321,13
2024-09-19 09:40:53.358000,415.3037251343078,1001
2024-09-19 09:40:53.383000,415.2979400220249,98
2024-09-19 09:40:53.388000,415.3089129883029,1001
2024-09-19 09:40:53.454000,415.3060173505874,5
2024-09-19 09:40:53.459000,415.3412789492245,1004
2024-09-19 09:40:53.557000,415.30392556502034,100
2024-09-19 09:40:53.597000,415.33174439888,996
2024-09-19 09:40:53.613000,415.30986799182256,1003
2024-09-19 09:40:53.633000,415.3012291914797,6
2024-09-19 09:40:53.725000,415.302213681974,8
2024-09-19 09:40:53.857000,415.2960141355553,998
2024-09-19 09:40:53.881000,415.3239114130517,95
2024-09-19 09:40:53.928000,415.3190583864673,15
2024-09-19 09:40:53.929000,415.32996915428,995
2024-09-19 09:40:53.958000,415.3147736013957,1000
2024-09-19 09:40:54.011000,415.2869758197503,1005
2024-09-19 09:40:54.044000,415.31887405895327,104
2024-09-19 09:40:54.091000,415.2291500766724,5
2024-09-19 09:40:54.117000,415.23186945116726,95
2024-09-19 09:40:54.125000,415.3350435244457,1002
2024-09-19 09:40:54.134000,415.3243814605624,96
2024-09-19 09:40:54.138000,415.2730603906589,999
2024-09-19 09:40:54.138000,415.2938312106065,1002
2024-09-19 09:40:54.209000,415.23580428113553,14
2024-09-19 09:40:54.268000,415.327866194543,100
2024-09-19 09:40:54.302000,415.3416437496415,12
2024-09-19 09:40:54.313000,415.3098481789639,7
2024-09-19 09:40:54.410000,415.21247160254507,1003
2024-09-19 09:40:54.419000,415.25256569814695,99
2024-09-19 09:40:54.455000,415.2420236141536,996
2024-09-19 09:40:54.470000,415.2485759751955,1000
2024-09-19 09:40:54.473000,415.2986369264832,1000
2024-09-19 09:40:54.527000,415.3144117389295,998
2024-09-19 09:40:54.558000,415.331738923181,105
2024-09-19 09:40:54.559000,415.3341208888136,12
2024-09-19 09:40:54.647000,415.25721026468494,7
2024-09-19 09:40:54.786000,415.3146952381673,10
2024-09-19 09:40:54.800000,415.2681172021268,9
2024-09-19 09:40:54.833000,415.3339702270901,9
2024-09-19 09:40:54.887000,415.2463458268394,13
2024-09-19 09:40:54.891000,415.26785203177855,8
2024-09-19 09:40:54.917000,415.3319022149031,98
2024-09-19 09:40:54.968000,415.3438399252523,105
2024-09-19 09:40:54.994000,415.2217202227207,1001
2024-09-19 09:40:55.010000,415.2119842552928,105
2024-09-19 09:40:55.017000,415.2601293523835,103
2024-09-19 09:40:55.021000,415.2709693717754,95
2024-09-19 09:40:55.082000,415.2605400144757,95
2024-09-19 09:40:55.098000,415.2894960867231,996
2024-09-19 09:40:55.142000,415.24970864579245,1001
2024-09-19 09:40:55.151000,415.2440823658276,97
2024-09-19 09:40:55.248000,415.22325523052575,1001
2024-09-19 09:40:55.260000,415.2830446147366,995
2024-09-19 09:40:55.299000,415.2701397208028,1003
2024-09-19 09:40:55.447000,415.2336370605252,8
2024-09-19 09:40:55.494000,415.2911174980371,997
2024-09-19 09:40:55.521000,415.2460881990587,98
2024-09-19 09:40:55.579000,415.2498469670937,98
2024-09-19 09:40:55.602000,415.2584523221368,102
2024-09-19 09:40:55.607000,415.24393658020927,97
2024-09-19 09:40:55.618000,415.22704005255054,96
2024-09-19 09:40:55.657000,415.2467476171496,6
2024-09-19 09:40:55.659000,415.2520681990879,101
2024-09-19 09:40:55.679000,415.253382195072,997
2024-09-19 09:40:55.705000,415.240349986412,104
2024-09-19 09:40:55.752000,415.2725800059543,11
2024-09-19 09:40:55.761000,415.2560168048093,100
2024-09-19 09:40:55.776000,415.224596430005,14
2024-09-19 09:40:55.790000,415.23925586760174,999
2024-09-19 09:40:55.825000,415.2561312906529,12
2024-09-19 09:40:55.972000,415.2375294993519,103
2024-09-19 09:40:55.988000,415.2330955000717,105
2024-09-19 09:40:56.011000,415.252424164036,7
2024-09-19 09:40:56.092000,415.26278067454655,996
2024-09-19 09:40:56.101000,415.2715222907659,5
2024-09-19 09:40:56.124000,415.2620008027003,1003
2024-09-19 09:40:56.178000,415.2349577260721,102
2024-09-19 09:40:56.215000,415.2448030139004,14
2024-09-19 09:40:56.241000,415.2577207114865,998
2024-09-19 09:40:56.243000,415.26633292437424,95
2024-09-19 09:40:56.301000,415.2510334979452,101
2024-09-19 09:40:56.326000,415.282863328013,9
2024-09-19 09:40:56.363000,415.277904723672,6
2024-09-19 09:40:56.417000,415.2634560893567,100
2024-09-19 09:40:56.432000,415.2705224328942,7
2024-09-19 09:40:56.527000,415.2820890778655,12
2024-09-19 09:40:56.593000,415.2833455660569,104
2024-09-19 09:40:56.663000,415.25571037854615,95
2024-09-19 09:40:56.700000,415.278459694639,1004
2024-09-19 09:40:56.726000,415.2751618688145,1002
2024-09-19 09:40:56.726000,415.2749720781862,1005
2024-09-19 09:40:56.901000,415.2795902066725,997
2024-09-19 09:40:56.971000,415.23732015240745,9
2024-09-19 09:40:56.982000,415.2660452415536,97
2024-09-19 09:40:57.339000,415.2458402870336,13
2024-09-19 09:40:57.507000,415.26096084242187,11
2024-09-19 09:40:57.547000,415.27528277744057,996
2024-09-19 09:40:58.261000,415.2698104684779,1001
2024-09-19 09:40:58.294000,415.257843383324,103
2024-09-19 09:40:58.347000,415.26733573296286,14
2024-09-19 09:40:58.434000,415.2802459379283,7
2024-09-19 09:40:58.499000,415.273178431649,998
2024-09-19 09:40:58.566000,415.2560154171671,5
2024-09-19 09:40:58.626000,415.261818904559,98
2024-09-19 09:40:58.629000,415.2588468472274,9
2024-09-19 09:40:58.690000,415.2753236549616,998
2024-09-19 09:40:58.729000,415.251442622201,995
2024-09-19 09:40:58.858000,415.2603866300378,1001
2024-09-19 09:40:58.979000,415.2704813401396,1002
2024-09-19 09:40:59.572000,415.2699537496382,1000
2024-09-19 09:40:59.684000,415.2948542138934,7
2024-09-19 09:40:59.720000,415.23214894935336,97
2024-09-19 09:40:59.804000,415.251547775575,99
2024-09-19 09:40:59.804000,415.2564569831674,101
2024-09-19 09:40:59.939000,415.236431505532,12
