Timestamp,Price,Size
2024-09-16 15:10:00.006000,416.0681493535545,104
2024-09-16 15:10:00.105000,416.0857220455383,12
2024-09-16 15:10:00.181000,416.0965574844659,13
2024-09-16 15:10:00.210000,416.1013401563182,1003
2024-09-16 15:10:00.210000,416.08402699588896,1002
2024-09-16 15:10:00.224000,416.0932113742223,9
2024-09-16 15:10:00.230000,416.1266090195836,9
2024-09-16 15:10:00.244000,416.1057758274174,100
2024-09-16 15:10:00.250000,416.1387459866148,7
2024-09-16 15:10:00.443000,416.1048051381634,13
2024-09-16 15:10:00.500000,416.10136424769735,99
2024-09-16 15:10:00.571000,416.06727305437727,103
2024-09-16 15:10:00.627000,416.09939654534986,8
2024-09-16 15:10:00.687000,416.1092422907252,1001
2024-09-16 15:10:00.726000,416.0993573173283,6
2024-09-16 15:10:00.732000,416.0786830881356,97
2024-09-16 15:10:00.761000,416.1134969291587,7
2024-09-16 15:10:00.794000,416.1122235995777,14
2024-09-16 15:10:00.845000,416.1121655745536,1003
2024-09-16 15:10:00.846000,416.0869962037898,97
2024-09-16 15:10:00.848000,416.1201465849745,13
2024-09-16 15:10:00.856000,416.1065207099207,102
2024-09-16 15:10:00.859000,416.1248784925757,1000
2024-09-16 15:10:00.876000,416.10699246882416,99
2024-09-16 15:10:01.055000,416.0822615422119,96
2024-09-16 15:10:01.056000,416.06526480967926,99
2024-09-16 15:10:01.165000,416.0848611020973,7
2024-09-16 15:10:01.290000,416.0757792934075,9
2024-09-16 15:10:01.378000,416.0970486657631,98
2024-09-16 15:10:01.581000,416.08596182687967,8
2024-09-16 15:10:01.795000,416.0836229695141,97
2024-09-16 15:10:02,416.073804366824,5
2024-09-16 15:10:02.019000,416.0657631604154,95
2024-09-16 15:10:02.085000,416.083242558024,100
2024-09-16 15:10:02.101000,416.06058005311104,14
2024-09-16 15:10:02.166000,416.04859851134097,1002
2024-09-16 15:10:02.186000,416.0606105804905,103
2024-09-16 15:10:02.294000,416.0797344992102,105
2024-09-16 15:10:02.333000,416.0883134073542,14
2024-09-16 15:10:02.377000,416.0764591770807,100
2024-09-16 15:10:02.551000,416.0928903096651,96
2024-09-16 15:10:02.604000,416.0511989707619,10
2024-09-16 15:10:02.625000,416.0659045207287,12
2024-09-16 15:10:02.700000,416.0371916488591,9
2024-09-16 15:10:02.720000,416.0605024171068,995
2024-09-16 15:10:03.004000,416.03059385468873,1003
2024-09-16 15:10:03.519000,416.029489188501,1001
2024-09-16 15:10:03.732000,416.06762262152864,8
2024-09-16 15:10:03.911000,416.05213239824735,996
2024-09-16 15:10:03.923000,416.0292294764606,105
2024-09-16 15:10:04.028000,416.1057493346109,9
2024-09-16 15:10:04.055000,416.0948296530757,105
2024-09-16 15:10:04.186000,416.1084503546577,1001
2024-09-16 15:10:04.205000,416.0853676065015,995
2024-09-16 15:10:04.269000,416.1204707414596,105
2024-09-16 15:10:04.285000,416.0626087719344,7
2024-09-16 15:10:04.305000,416.0789591115487,104
2024-09-16 15:10:04.362000,416.0592755409733,103
2024-09-16 15:10:04.371000,416.0717059641281,100
2024-09-16 15:10:04.437000,416.11709696508433,11
2024-09-16 15:10:04.477000,416.1144064001811,105
2024-09-16 15:10:04.506000,416.0543779293166,5
2024-09-16 15:10:04.608000,416.1108671460626,998
2024-09-16 15:10:04.613000,416.1020853509731,1002
2024-09-16 15:10:04.665000,416.0769526371851,105
2024-09-16 15:10:04.671000,416.1070422294879,95
2024-09-16 15:10:04.683000,416.1106928979714,10
2024-09-16 15:10:04.691000,416.1047007950786,105
2024-09-16 15:10:04.706000,416.0484248347848,1002
2024-09-16 15:10:04.732000,416.0707805253864,11
2024-09-16 15:10:04.760000,419.2283024386597,998
2024-09-16 15:10:04.764000,416.12092289036445,1005
2024-09-16 15:10:04.800000,416.07645528171184,995
2024-09-16 15:10:04.853000,416.0571533312449,103
2024-09-16 15:10:04.930000,416.0793956867591,102
2024-09-16 15:10:04.944000,416.0951251252821,101
2024-09-16 15:10:04.981000,416.1227971814996,12
2024-09-16 15:10:05.090000,416.02206854666986,5
2024-09-16 15:10:05.104000,416.0253919599645,999
2024-09-16 15:10:05.115000,416.0143628510751,10
2024-09-16 15:10:05.332000,415.9920468101311,1000
2024-09-16 15:10:05.553000,416.0490723193121,105
2024-09-16 15:10:06.320000,416.0230007063324,95
2024-09-16 15:10:06.347000,416.0421850982401,15
2024-09-16 15:10:06.773000,416.0361674154479,1004
2024-09-16 15:10:07.002000,416.02220493054256,101
2024-09-16 15:10:07.050000,416.02547246859126,1002
2024-09-16 15:10:07.071000,415.997171916828,100
2024-09-16 15:10:07.118000,416.0138228109504,1003
2024-09-16 15:10:07.269000,416.03500915808553,105
2024-09-16 15:10:07.466000,416.0032244920756,11
2024-09-16 15:10:07.472000,416.0267474811156,99
2024-09-16 15:10:07.477000,416.0196802607237,103
2024-09-16 15:10:07.692000,416.0380308584049,104
2024-09-16 15:10:07.739000,416.02038767221165,102
2024-09-16 15:10:08.028000,415.9782783158951,15
2024-09-16 15:10:08.134000,415.9827113581612,8
2024-09-16 15:10:08.136000,415.9557884180438,1002
2024-09-16 15:10:08.191000,415.9337084552028,12
2024-09-16 15:10:08.308000,415.9395555575561,102
2024-09-16 15:10:08.326000,415.9613682684168,5
2024-09-16 15:10:08.365000,415.9367664847645,96
2024-09-16 15:10:08.415000,415.9977356569768,8
2024-09-16 15:10:08.439000,415.9703385278153,1004
2024-09-16 15:10:08.484000,415.93239798393785,999
2024-09-16 15:10:08.495000,415.91994924914906,7
2024-09-16 15:10:08.577000,415.9849650164608,1001
2024-09-16 15:10:08.680000,415.96546561600985,95
2024-09-16 15:10:08.745000,415.97271635736126,10
2024-09-16 15:10:08.855000,415.9326001284286,997
2024-09-16 15:10:08.913000,415.93485391166365,12
2024-09-16 15:10:08.953000,415.95160170020176,100
2024-09-16 15:10:08.978000,415.9534920493693,104
2024-09-16 15:10:08.994000,415.92751457487,1002
2024-09-16 15:10:09.024000,415.9915063059721,98
2024-09-16 15:10:09.033000,415.9823211712545,1002
2024-09-16 15:10:09.036000,415.9915073967564,12
2024-09-16 15:10:09.066000,415.9736330878743,98
2024-09-16 15:10:09.123000,415.976831774815,105
2024-09-16 15:10:09.153000,415.9784112828157,14
2024-09-16 15:10:09.230000,415.9982462309655,14
2024-09-16 15:10:09.250000,415.9802155475953,101
2024-09-16 15:10:09.344000,416.0045495463318,12
2024-09-16 15:10:09.367000,415.9565106375807,999
2024-09-16 15:10:09.386000,416.00017659584114,6
2024-09-16 15:10:09.403000,415.9855618993506,995
2024-09-16 15:10:09.410000,415.979876559812,1004
2024-09-16 15:10:09.411000,415.9843862058607,6
2024-09-16 15:10:09.500000,415.96739199549575,99
2024-09-16 15:10:09.530000,415.9866997395296,8
2024-09-16 15:10:09.564000,415.9812314509236,15
2024-09-16 15:10:09.575000,415.9710372401621,1003
2024-09-16 15:10:09.601000,415.9703614158504,10
2024-09-16 15:10:09.619000,415.9854859183577,99
2024-09-16 15:10:09.706000,415.9961491587159,97
2024-09-16 15:10:09.730000,415.9812505649384,14
2024-09-16 15:10:09.748000,415.9699350655088,101
2024-09-16 15:10:09.761000,415.9663742018726,101
2024-09-16 15:10:09.776000,415.976658160235,100
2024-09-16 15:10:09.826000,416.003497346302,13
2024-09-16 15:10:09.870000,415.99267571246105,6
2024-09-16 15:10:09.952000,416.0027419429673,1005
2024-09-16 15:10:09.977000,415.9790271412895,11
2024-09-16 15:10:10.128000,415.95298878623805,1001
2024-09-16 15:10:10.242000,415.91949746384864,8
2024-09-16 15:10:10.318000,415.952462064508,98
2024-09-16 15:10:10.437000,415.9340871504246,1003
2024-09-16 15:10:10.439000,415.9324248813027,6
2024-09-16 15:10:10.479000,415.9318712953017,995
2024-09-16 15:10:10.540000,415.9606754352844,997
2024-09-16 15:10:10.568000,415.95842209891407,1005
2024-09-16 15:10:10.591000,415.9573151251967,995
2024-09-16 15:10:10.688000,415.9530434846562,996
2024-09-16 15:10:10.735000,415.9585324080408,13
2024-09-16 15:10:10.790000,415.9637589790666,97
2024-09-16 15:10:10.792000,415.9130207757548,6
2024-09-16 15:10:10.796000,415.9452112004549,7
2024-09-16 15:10:10.856000,415.9353042914559,997
2024-09-16 15:10:10.923000,415.9539170857722,96
2024-09-16 15:10:11.415000,415.95743304901447,14
2024-09-16 15:10:11.675000,415.9638802863176,95
2024-09-16 15:10:12.126000,415.9844100497839,11
2024-09-16 15:10:12.242000,415.9712537628095,7
2024-09-16 15:10:13.045000,415.9645125375018,999
2024-09-16 15:10:13.097000,415.9372243784128,1005
2024-09-16 15:10:13.111000,415.9754985558279,1000
2024-09-16 15:10:13.124000,415.9683600888329,95
2024-09-16 15:10:13.132000,415.9266144312035,9
2024-09-16 15:10:13.137000,415.9725731180564,97
2024-09-16 15:10:13.174000,415.9433497221307,103
2024-09-16 15:10:13.188000,415.9653031077716,12
2024-09-16 15:10:13.289000,415.9331378705457,15
2024-09-16 15:10:13.333000,415.97699774428025,96
2024-09-16 15:10:13.347000,415.9316993615713,98
2024-09-16 15:10:13.393000,415.982519329309,7
2024-09-16 15:10:13.483000,415.9342780623014,998
2024-09-16 15:10:13.578000,415.9412100073438,99
2024-09-16 15:10:13.600000,415.9807280391597,996
2024-09-16 15:10:13.601000,415.9295828041052,15
2024-09-16 15:10:13.610000,415.95646365603824,996
2024-09-16 15:10:13.624000,415.9710323473211,100
2024-09-16 15:10:13.670000,415.95494504672376,5
2024-09-16 15:10:13.672000,415.93663524652686,1001
2024-09-16 15:10:13.698000,415.94207852672616,102
2024-09-16 15:10:13.703000,415.9629311509294,98
2024-09-16 15:10:13.706000,415.92945276518986,998
2024-09-16 15:10:13.725000,415.9305606405764,999
2024-09-16 15:10:13.736000,415.9454281916421,1003
2024-09-16 15:10:13.758000,415.97665017185057,1005
2024-09-16 15:10:13.765000,415.9952457452693,995
2024-09-16 15:10:13.978000,415.9300636638236,103
2024-09-16 15:10:13.988000,415.9249727889953,11
2024-09-16 15:10:14.025000,415.9298862454727,105
2024-09-16 15:10:14.042000,415.9474379279216,1005
2024-09-16 15:10:14.162000,415.9491418263267,10
2024-09-16 15:10:14.335000,415.94244291986575,13
2024-09-16 15:10:14.528000,415.954766000678,95
2024-09-16 15:10:14.554000,415.9382505974072,99
2024-09-16 15:10:14.578000,415.9525992025276,97
2024-09-16 15:10:14.714000,415.9322364955427,995
2024-09-16 15:10:14.804000,415.9400887288851,102
2024-09-16 15:10:14.821000,415.9389922421499,997
2024-09-16 15:10:14.998000,415.9484001538305,14
2024-09-16 15:10:15.180000,416.0433164130266,15
2024-09-16 15:10:15.223000,416.0158664780675,11
2024-09-16 15:10:15.230000,415.99055530941206,12
2024-09-16 15:10:15.287000,415.9961702887682,11
2024-09-16 15:10:15.316000,416.0241150022962,997
2024-09-16 15:10:15.316000,415.9976033266865,999
2024-09-16 15:10:15.457000,416.010245282026,11
2024-09-16 15:10:15.512000,415.976003059246,98
2024-09-16 15:10:15.530000,415.98913153452327,996
2024-09-16 15:10:15.571000,416.0015453184312,11
2024-09-16 15:10:15.590000,415.955520760484,998
2024-09-16 15:10:15.607000,415.9929693949785,999
2024-09-16 15:10:15.632000,416.0282281854831,99
2024-09-16 15:10:15.638000,415.9977983269184,100
2024-09-16 15:10:15.680000,416.00281006461387,1003
2024-09-16 15:10:15.680000,415.976912487927,998
2024-09-16 15:10:15.749000,415.9625312236612,15
2024-09-16 15:10:15.771000,415.97943772623984,1001
2024-09-16 15:10:15.773000,416.0348796483821,9
2024-09-16 15:10:15.813000,415.9804370390797,1005
2024-09-16 15:10:15.865000,416.0111912915845,95
2024-09-16 15:10:15.894000,415.97985220123473,1002
2024-09-16 15:10:15.924000,415.9667167217832,103
2024-09-16 15:10:15.976000,416.02039347576107,105
2024-09-16 15:10:15.995000,415.97072494191343,100
2024-09-16 15:10:16.005000,415.9827672261538,103
2024-09-16 15:10:16.024000,415.98877073742,13
2024-09-16 15:10:16.092000,416.02303751675095,100
2024-09-16 15:10:16.110000,415.99256818295424,101
2024-09-16 15:10:16.170000,415.98132861272416,1003
2024-09-16 15:10:16.212000,416.0109366481805,12
2024-09-16 15:10:16.217000,415.9888099127341,105
2024-09-16 15:10:16.282000,415.9843428126429,15
2024-09-16 15:10:16.318000,416.0011280351968,13
2024-09-16 15:10:16.365000,415.9964331500828,10
2024-09-16 15:10:16.436000,416.0063857658566,1003
2024-09-16 15:10:16.507000,416.00256633454177,995
2024-09-16 15:10:16.583000,416.01819178588494,97
2024-09-16 15:10:16.597000,415.9753507399188,1005
2024-09-16 15:10:16.757000,415.9786660817298,7
2024-09-16 15:10:16.787000,415.9886055650375,99
2024-09-16 15:10:16.803000,416.0048707716247,1001
2024-09-16 15:10:16.840000,415.97646390197406,5
2024-09-16 15:10:16.916000,415.99877203862616,11
2024-09-16 15:10:16.994000,416.0073233907991,998
2024-09-16 15:10:17.060000,415.96348225115656,12
2024-09-16 15:10:17.084000,416.0104196232757,96
2024-09-16 15:10:17.153000,415.9610976117181,97
2024-09-16 15:10:17.169000,415.9747773678166,1003
2024-09-16 15:10:17.218000,415.9767166694676,13
2024-09-16 15:10:17.268000,416.00851140836335,5
2024-09-16 15:10:17.284000,415.9768143523584,1005
2024-09-16 15:10:17.322000,415.998581096706,10
2024-09-16 15:10:17.346000,415.9595916071743,14
2024-09-16 15:10:17.406000,415.9837380424338,1003
2024-09-16 15:10:17.476000,415.98082834191433,103
2024-09-16 15:10:17.479000,416.0423123895265,7
2024-09-16 15:10:17.526000,416.0240456915092,99
2024-09-16 15:10:17.566000,416.0153642921617,996
2024-09-16 15:10:17.577000,416.03651036222607,8
2024-09-16 15:10:17.587000,415.985405047678,996
2024-09-16 15:10:17.653000,415.9941151964267,1005
2024-09-16 15:10:17.668000,416.0159824306821,1005
2024-09-16 15:10:17.711000,415.97949880510015,1003
2024-09-16 15:10:17.716000,416.0001772771113,7
2024-09-16 15:10:17.771000,415.9753800902774,997
2024-09-16 15:10:17.796000,416.0139653070553,995
2024-09-16 15:10:17.830000,416.0086958329134,97
2024-09-16 15:10:17.846000,415.9811039184966,998
2024-09-16 15:10:17.860000,415.9560089257323,6
2024-09-16 15:10:17.921000,416.014015817374,5
2024-09-16 15:10:17.935000,415.9946408901338,104
2024-09-16 15:10:17.938000,416.0119321470129,96
2024-09-16 15:10:18.032000,415.9680702799837,98
2024-09-16 15:10:18.062000,415.9668233846601,996
2024-09-16 15:10:18.136000,415.9942772275939,13
2024-09-16 15:10:18.160000,415.9708818402984,102
2024-09-16 15:10:18.238000,415.9828802353528,7
2024-09-16 15:10:18.454000,416.0417775150593,1001
2024-09-16 15:10:18.545000,416.0224122405004,996
2024-09-16 15:10:18.572000,416.0466912218381,998
2024-09-16 15:10:18.643000,416.0494825208324,6
2024-09-16 15:10:18.709000,416.03600659217136,100
2024-09-16 15:10:18.736000,416.0455884940668,1002
2024-09-16 15:10:18.871000,416.0457608819223,1000
2024-09-16 15:10:18.904000,416.04396758874697,105
2024-09-16 15:10:18.905000,415.96604922242943,100
2024-09-16 15:10:18.924000,415.9776768639031,999
2024-09-16 15:10:18.946000,416.0074682702831,1004
2024-09-16 15:10:18.965000,416.0425799293891,8
2024-09-16 15:10:18.970000,415.9658684037776,96
2024-09-16 15:10:18.978000,415.9770997720478,95
2024-09-16 15:10:19.082000,416.0978024806501,96
2024-09-16 15:10:19.370000,419.09741917245697,11
2024-09-16 15:10:19.465000,416.1126742933198,6
2024-09-16 15:10:19.557000,416.1011083020548,97
2024-09-16 15:10:19.635000,416.08291933487567,6
2024-09-16 15:10:19.797000,416.0544028711252,10
2024-09-16 15:10:20.023000,416.1137257261945,5
2024-09-16 15:10:20.039000,416.0743734316482,14
2024-09-16 15:10:20.118000,416.1140708967449,105
2024-09-16 15:10:20.167000,416.1164465841137,6
2024-09-16 15:10:20.170000,416.1258654482363,998
2024-09-16 15:10:20.170000,416.1104490779932,995
2024-09-16 15:10:20.222000,416.0545469547354,999
2024-09-16 15:10:20.224000,416.1064557184585,101
2024-09-16 15:10:20.380000,416.1168186846251,995
2024-09-16 15:10:20.385000,416.1109786965708,103
2024-09-16 15:10:20.426000,416.1042122448882,97
2024-09-16 15:10:20.438000,416.09054502197057,12
2024-09-16 15:10:20.580000,416.1182938806747,104
2024-09-16 15:10:20.663000,416.1026004529992,98
2024-09-16 15:10:20.755000,416.1242726356805,12
2024-09-16 15:10:20.757000,416.141952102199,104
2024-09-16 15:10:20.829000,416.1123941782267,98
2024-09-16 15:10:20.887000,416.10899953246513,15
2024-09-16 15:10:20.927000,416.0710416651146,11
2024-09-16 15:10:20.997000,416.11904911945055,1001
2024-09-16 15:10:21.003000,416.1096524294287,104
2024-09-16 15:10:21.017000,416.08621803367714,1002
2024-09-16 15:10:21.130000,416.044226709028,103
2024-09-16 15:10:21.140000,416.0976909420946,102
2024-09-16 15:10:21.171000,416.1562602819241,8
2024-09-16 15:10:21.186000,416.0599538441234,95
2024-09-16 15:10:21.199000,416.0655540248413,105
2024-09-16 15:10:21.211000,416.0817215143524,99
2024-09-16 15:10:21.248000,416.0431290506399,97
2024-09-16 15:10:21.284000,416.0743583702722,10
2024-09-16 15:10:21.303000,416.11699147313146,1003
2024-09-16 15:10:21.411000,416.1036281072306,997
2024-09-16 15:10:21.490000,416.0900637502658,95
2024-09-16 15:10:21.539000,416.0732090584861,13
2024-09-16 15:10:21.539000,416.1414954116208,996
2024-09-16 15:10:21.605000,416.074271812129,1005
2024-09-16 15:10:21.618000,416.0584048730378,1004
2024-09-16 15:10:21.644000,416.0943568241333,100
2024-09-16 15:10:21.705000,416.0361112503392,96
2024-09-16 15:10:21.705000,416.0780384640966,1004
2024-09-16 15:10:21.731000,416.0709322876974,103
2024-09-16 15:10:21.744000,416.09860618667904,104
2024-09-16 15:10:21.758000,416.1446838080314,100
2024-09-16 15:10:21.767000,416.0986267227348,15
2024-09-16 15:10:21.835000,416.1099230479349,1001
2024-09-16 15:10:21.857000,416.0510343441709,14
2024-09-16 15:10:21.893000,416.0949051040101,104
2024-09-16 15:10:22.131000,416.16219239046256,100
2024-09-16 15:10:22.159000,416.1591996485018,1005
2024-09-16 15:10:22.549000,416.1701079113526,97
2024-09-16 15:10:22.731000,416.1719114312762,11
2024-09-16 15:10:22.841000,416.1791068635947,1005
2024-09-16 15:10:23.031000,416.1210568413112,101
2024-09-16 15:10:23.183000,416.1270676475887,998
2024-09-16 15:10:23.322000,416.10447761115535,99
2024-09-16 15:10:23.425000,416.12895809542215,13
2024-09-16 15:10:23.457000,416.1291015737043,9
2024-09-16 15:10:23.514000,416.1400298947179,1002
2024-09-16 15:10:23.540000,416.1181674794808,97
2024-09-16 15:10:24.117000,416.1318531431254,999
2024-09-16 15:10:24.248000,416.1107703594773,105
2024-09-16 15:10:24.384000,416.1063102445165,1005
2024-09-16 15:10:24.451000,416.1205640016327,997
2024-09-16 15:10:24.495000,416.1100895522603,996
2024-09-16 15:10:24.551000,416.0978611003531,1005
2024-09-16 15:10:24.594000,416.1449691272378,105
2024-09-16 15:10:24.672000,416.1034509293896,104
2024-09-16 15:10:24.710000,416.13698736324994,9
2024-09-16 15:10:24.748000,416.1311057431252,999
2024-09-16 15:10:24.759000,416.10181428110064,10
2024-09-16 15:10:24.811000,416.1247532349415,104
2024-09-16 15:10:24.886000,416.128677094961,11
2024-09-16 15:10:25.002000,416.13495729510754,103
2024-09-16 15:10:25.020000,416.1166040650575,14
2024-09-16 15:10:25.145000,416.1581261861671,1004
2024-09-16 15:10:25.185000,419.104691698404,1002
2024-09-16 15:10:25.205000,416.10050016230434,1003
2024-09-16 15:10:25.242000,416.1191508150847,95
2024-09-16 15:10:25.335000,416.108460497269,11
2024-09-16 15:10:25.350000,416.1139460138276,8
2024-09-16 15:10:25.467000,416.11184471728353,104
2024-09-16 15:10:25.514000,416.1076291255328,998
2024-09-16 15:10:25.521000,416.114841074551,1003
2024-09-16 15:10:25.530000,416.0936996284275,13
2024-09-16 15:10:25.599000,416.13668991221846,999
2024-09-16 15:10:25.673000,416.1179826506199,10
2024-09-16 15:10:25.765000,416.1190179140893,996
2024-09-16 15:10:25.831000,416.1289524971361,7
2024-09-16 15:10:25.883000,416.1030705867618,11
2024-09-16 15:10:25.918000,419.114419077937,102
2024-09-16 15:10:25.974000,416.1492090932952,97
2024-09-16 15:10:26.025000,416.1441916254735,1004
2024-09-16 15:10:26.064000,416.10781315804473,95
2024-09-16 15:10:26.073000,416.099240653628,105
2024-09-16 15:10:26.148000,416.16856578589216,995
2024-09-16 15:10:26.235000,416.19657859739306,97
2024-09-16 15:10:26.406000,416.1806972135786,15
2024-09-16 15:10:26.431000,416.14593318132825,995
2024-09-16 15:10:26.445000,416.0841081696603,1005
2024-09-16 15:10:26.558000,416.16911573676265,999
2024-09-16 15:10:26.611000,416.18035814984506,100
2024-09-16 15:10:26.629000,416.0878513516128,5
2024-09-16 15:10:26.634000,416.0816877088245,1003
2024-09-16 15:10:26.757000,416.1481263932404,13
2024-09-16 15:10:26.760000,416.151943268422,999
2024-09-16 15:10:26.763000,416.1819493425136,998
2024-09-16 15:10:26.801000,416.15848588320654,6
2024-09-16 15:10:26.868000,416.1427849865514,1004
2024-09-16 15:10:26.883000,416.1608688093251,1005
2024-09-16 15:10:26.949000,416.1311782036559,12
2024-09-16 15:10:27.040000,416.1266168604408,996
2024-09-16 15:10:27.092000,416.1577516380016,102
2024-09-16 15:10:27.157000,416.136178178113,1001
2024-09-16 15:10:27.311000,416.1530924326257,997
2024-09-16 15:10:27.332000,416.1741323896676,9
2024-09-16 15:10:27.333000,416.1553305030906,998
2024-09-16 15:10:27.345000,416.11571919579086,15
2024-09-16 15:10:27.369000,416.1336118122684,6
2024-09-16 15:10:27.474000,416.19560632309503,1003
2024-09-16 15:10:27.478000,416.118230731797,99
2024-09-16 15:10:27.489000,416.1962714465157,1005
2024-09-16 15:10:27.534000,416.1432208613314,8
2024-09-16 15:10:27.585000,416.1217023587903,103
2024-09-16 15:10:27.594000,416.1610851478343,98
2024-09-16 15:10:27.598000,416.139442894609,11
2024-09-16 15:10:27.607000,416.1726817875344,105
2024-09-16 15:10:27.616000,416.1483897050868,1005
2024-09-16 15:10:27.657000,416.1796661114016,7
2024-09-16 15:10:27.665000,416.1788468605373,99
2024-09-16 15:10:27.674000,419.00635122952224,96
2024-09-16 15:10:27.710000,416.1396718659828,995
2024-09-16 15:10:27.736000,416.1272640024026,1001
2024-09-16 15:10:27.846000,416.2017160049444,105
2024-09-16 15:10:27.861000,416.1352390672246,103
2024-09-16 15:10:27.864000,416.1477247748948,8
2024-09-16 15:10:27.897000,416.1985581551206,102
2024-09-16 15:10:27.934000,416.1453634255623,9
2024-09-16 15:10:27.967000,416.1942136735232,101
2024-09-16 15:10:28.119000,416.18575034397793,11
2024-09-16 15:10:28.122000,416.2292095268807,5
2024-09-16 15:10:28.226000,416.2309445876811,103
2024-09-16 15:10:28.269000,416.1502059229243,9
2024-09-16 15:10:28.368000,416.15925657802194,995
2024-09-16 15:10:28.379000,416.1988482412916,97
2024-09-16 15:10:28.437000,416.1838180118223,1005
2024-09-16 15:10:28.512000,416.2143541558955,6
2024-09-16 15:10:28.600000,416.1586837467944,10
2024-09-16 15:10:28.669000,416.2226106344604,100
2024-09-16 15:10:28.771000,416.2164118271464,103
2024-09-16 15:10:28.774000,416.2120202176893,998
2024-09-16 15:10:28.793000,416.2168257433211,1003
2024-09-16 15:10:28.875000,416.2223567391542,996
2024-09-16 15:10:28.915000,416.13678266714,1002
2024-09-16 15:10:29.567000,416.2181096869132,1005
2024-09-16 15:10:29.593000,416.237935873015,1002
2024-09-16 15:10:29.605000,416.2197503840541,10
2024-09-16 15:10:29.787000,416.2187926869538,999
2024-09-16 15:10:30.054000,416.1844696821979,13
2024-09-16 15:10:30.090000,416.1975232774363,96
2024-09-16 15:10:30.119000,416.1966697652204,10
2024-09-16 15:10:30.128000,416.1627322205467,995
2024-09-16 15:10:30.153000,416.2247695118569,104
2024-09-16 15:10:30.217000,416.2147772293577,1001
2024-09-16 15:10:30.276000,416.1708819983263,11
2024-09-16 15:10:30.298000,416.1897679988459,5
2024-09-16 15:10:30.316000,416.22114403400064,99
2024-09-16 15:10:30.320000,416.18154365056967,101
2024-09-16 15:10:30.425000,416.18329358110174,97
2024-09-16 15:10:30.491000,416.17309374889015,95
2024-09-16 15:10:30.517000,416.19927222749936,8
2024-09-16 15:10:30.534000,416.1773958382091,15
2024-09-16 15:10:30.564000,416.16978827885305,97
2024-09-16 15:10:30.567000,416.2200307717244,104
2024-09-16 15:10:30.590000,416.1790030738648,1003
2024-09-16 15:10:30.607000,416.1632860775088,1005
2024-09-16 15:10:30.648000,416.2228895444667,1000
2024-09-16 15:10:30.693000,416.1738941853126,997
2024-09-16 15:10:30.714000,416.1915707678705,100
2024-09-16 15:10:30.735000,416.2135870958702,95
2024-09-16 15:10:30.848000,416.2199768395761,998
2024-09-16 15:10:30.896000,416.1737961371625,7
2024-09-16 15:10:30.979000,416.20569734947503,10
2024-09-16 15:10:30.995000,416.1802789889043,8
2024-09-16 15:10:31.052000,416.1716234926655,95
2024-09-16 15:10:31.140000,416.1762973319833,8
2024-09-16 15:10:31.224000,416.1794182493578,99
2024-09-16 15:10:31.237000,416.1669026893456,104
2024-09-16 15:10:31.266000,416.17578017953633,1004
2024-09-16 15:10:31.324000,416.1657178935986,102
2024-09-16 15:10:31.388000,416.1399232243053,997
2024-09-16 15:10:31.513000,416.17838268456296,5
2024-09-16 15:10:31.531000,416.1409756275693,15
2024-09-16 15:10:31.708000,416.1551206089677,11
2024-09-16 15:10:31.732000,416.18452431038907,5
2024-09-16 15:10:31.842000,416.1757203156119,101
2024-09-16 15:10:31.844000,416.2055825039517,999
2024-09-16 15:10:31.857000,416.1706118486323,996
2024-09-16 15:10:31.870000,416.1723062338181,98
2024-09-16 15:10:31.893000,416.1853217450338,998
2024-09-16 15:10:31.902000,416.134655458641,1000
2024-09-16 15:10:31.945000,416.1616092608042,100
2024-09-16 15:10:31.953000,416.1341809962824,11
2024-09-16 15:10:31.996000,416.1626065769444,1002
2024-09-16 15:10:32.055000,416.2100583123337,15
2024-09-16 15:10:32.108000,416.1961332699465,5
2024-09-16 15:10:32.155000,416.154973938218,97
2024-09-16 15:10:32.162000,416.2151158742061,99
2024-09-16 15:10:32.229000,416.1695883456681,9
2024-09-16 15:10:32.260000,416.1708315764574,14
2024-09-16 15:10:32.273000,416.1555303443655,995
2024-09-16 15:10:32.311000,416.17786968720736,13
2024-09-16 15:10:32.383000,416.16775865427246,5
2024-09-16 15:10:32.521000,416.1752774958699,99
2024-09-16 15:10:32.528000,416.1581039501267,1001
2024-09-16 15:10:32.599000,416.15556195625226,6
2024-09-16 15:10:32.860000,416.16646195817367,101
2024-09-16 15:10:32.921000,416.2073008941132,1004
2024-09-16 15:10:32.994000,416.1813727230745,7
2024-09-16 15:10:33.128000,416.1269312605679,11
2024-09-16 15:10:33.561000,416.11418921324224,13
2024-09-16 15:10:33.584000,416.1292076772803,7
2024-09-16 15:10:33.645000,416.12756994632514,14
2024-09-16 15:10:33.804000,416.1302833592992,1004
2024-09-16 15:10:33.959000,416.1317432561759,101
2024-09-16 15:10:33.965000,416.1170575164266,11
2024-09-16 15:10:33.993000,416.1174784204076,12
2024-09-16 15:10:34.020000,416.12298717898807,995
2024-09-16 15:10:34.090000,416.07910252222337,101
2024-09-16 15:10:34.119000,416.079066843268,104
2024-09-16 15:10:34.126000,416.0979689499087,997
2024-09-16 15:10:34.154000,418.9897563482292,14
2024-09-16 15:10:34.209000,416.0865160721133,998
2024-09-16 15:10:34.252000,416.09120985815656,102
2024-09-16 15:10:34.276000,416.0953399740663,99
2024-09-16 15:10:34.389000,416.1071544892213,100
2024-09-16 15:10:34.492000,416.0900274775869,98
2024-09-16 15:10:34.519000,416.1286360830167,97
2024-09-16 15:10:34.536000,416.1450977596689,102
2024-09-16 15:10:34.626000,416.1481558559883,1003
2024-09-16 15:10:34.766000,416.1288497195745,101
2024-09-16 15:10:34.817000,416.133129900405,102
2024-09-16 15:10:34.844000,416.1487899440937,8
2024-09-16 15:10:34.855000,416.1119043746944,1000
2024-09-16 15:10:34.889000,416.0952358172707,1004
2024-09-16 15:10:34.905000,416.1101342420529,1002
2024-09-16 15:10:35.076000,416.068083116998,1003
2024-09-16 15:10:35.180000,416.08865653896765,100
2024-09-16 15:10:35.206000,416.0677558654194,100
2024-09-16 15:10:35.239000,416.0949527767572,996
2024-09-16 15:10:35.285000,418.9574693995675,15
2024-09-16 15:10:35.297000,416.0643303624241,5
2024-09-16 15:10:35.297000,416.0737049926044,6
2024-09-16 15:10:35.431000,416.0934139874543,97
2024-09-16 15:10:35.448000,416.05978410766807,103
2024-09-16 15:10:35.507000,416.0481873957266,10
2024-09-16 15:10:35.549000,416.0496714774225,12
2024-09-16 15:10:35.614000,416.0571166613245,9
2024-09-16 15:10:35.641000,416.0702821993463,96
2024-09-16 15:10:35.756000,416.0773218581781,7
2024-09-16 15:10:35.758000,416.0685211428486,1005
2024-09-16 15:10:35.867000,416.0553375303352,1001
2024-09-16 15:10:35.913000,416.1117449391384,99
2024-09-16 15:10:35.975000,416.0616411197656,95
2024-09-16 15:10:36.063000,416.03086682469865,9
2024-09-16 15:10:36.149000,416.1133214849788,105
2024-09-16 15:10:36.209000,416.0486666511006,101
2024-09-16 15:10:36.239000,416.0387235027185,98
2024-09-16 15:10:36.240000,416.11945877644655,999
2024-09-16 15:10:36.348000,416.0970773650674,100
2024-09-16 15:10:36.399000,416.114041397973,997
2024-09-16 15:10:36.433000,416.039496241371,1003
2024-09-16 15:10:36.497000,416.03757074115697,997
2024-09-16 15:10:36.501000,416.0210175943946,9
2024-09-16 15:10:36.555000,416.0471248408583,997
2024-09-16 15:10:36.557000,416.02558240549024,103
2024-09-16 15:10:36.567000,416.009003397976,102
2024-09-16 15:10:36.577000,416.02389737249695,998
2024-09-16 15:10:36.628000,416.0804046799109,9
2024-09-16 15:10:36.654000,416.1041964926486,98
2024-09-16 15:10:36.670000,416.0756176581367,96
2024-09-16 15:10:36.698000,416.1167289953308,99
2024-09-16 15:10:36.729000,416.1152292332487,1003
2024-09-16 15:10:36.779000,416.067610690466,99
2024-09-16 15:10:36.915000,416.0390844531335,995
2024-09-16 15:10:36.927000,416.1058348327318,15
2024-09-16 15:10:36.965000,416.0120871080196,1004
2024-09-16 15:10:36.971000,416.095581017315,14
2024-09-16 15:10:37.016000,416.07529086762486,103
2024-09-16 15:10:37.125000,416.0166104406756,10
2024-09-16 15:10:37.146000,416.0287314914703,7
2024-09-16 15:10:37.187000,416.029198053778,97
2024-09-16 15:10:37.264000,415.9784908582678,98
2024-09-16 15:10:37.292000,415.9962668804363,1004
2024-09-16 15:10:37.313000,416.04335385714535,6
2024-09-16 15:10:37.444000,415.9955492736801,100
2024-09-16 15:10:37.512000,416.0047777161716,10
2024-09-16 15:10:37.534000,416.0652871965625,101
2024-09-16 15:10:37.578000,416.0639030659925,1002
2024-09-16 15:10:37.603000,416.0396324384656,95
2024-09-16 15:10:37.645000,416.0159042961912,10
2024-09-16 15:10:37.735000,415.9871345938698,103
2024-09-16 15:10:37.747000,416.0460629392989,995
2024-09-16 15:10:37.785000,415.9814128080456,1005
2024-09-16 15:10:37.824000,416.01201506182656,104
2024-09-16 15:10:37.898000,415.9917582470992,1000
2024-09-16 15:10:37.915000,416.0896477745912,104
2024-09-16 15:10:37.987000,416.04672803922,999
2024-09-16 15:10:38.314000,416.0693915990024,1002
2024-09-16 15:10:38.416000,416.0462733124576,1001
2024-09-16 15:10:38.504000,418.9635778955672,8
2024-09-16 15:10:38.509000,416.0474291298471,998
2024-09-16 15:10:38.513000,416.0329918681387,12
2024-09-16 15:10:39.014000,415.96841360454897,15
2024-09-16 15:10:39.030000,416.0826299656906,11
2024-09-16 15:10:39.078000,416.0655905961775,998
2024-09-16 15:10:39.090000,416.0233903857561,102
2024-09-16 15:10:39.118000,416.0142139929716,997
2024-09-16 15:10:39.230000,416.05737945886574,6
2024-09-16 15:10:39.245000,415.9902401844921,6
2024-09-16 15:10:39.329000,416.0683437163026,1005
2024-09-16 15:10:39.401000,416.0211458457304,1002
2024-09-16 15:10:39.439000,416.0711691755684,995
2024-09-16 15:10:39.479000,415.9760748071928,1004
2024-09-16 15:10:39.618000,416.0651789350828,996
2024-09-16 15:10:39.620000,416.0416997023151,1003
2024-09-16 15:10:39.653000,415.98302190928536,6
2024-09-16 15:10:39.661000,416.0430444334452,10
2024-09-16 15:10:39.713000,416.04917284762206,1004
2024-09-16 15:10:39.713000,416.0776669177492,12
2024-09-16 15:10:39.753000,416.0293514148228,95
2024-09-16 15:10:39.755000,416.0730430457271,995
2024-09-16 15:10:39.764000,416.0596224854186,98
2024-09-16 15:10:39.924000,416.0594972556439,95
2024-09-16 15:10:39.926000,415.9979562344485,101
2024-09-16 15:10:39.964000,416.0744008392232,1004
2024-09-16 15:10:39.978000,415.982102638344,11
2024-09-16 15:10:39.983000,416.0738981325283,7
2024-09-16 15:10:39.995000,416.0100588107812,98
2024-09-16 15:10:39.996000,415.9992443200648,996
2024-09-16 15:10:40.282000,415.9867205092675,97
2024-09-16 15:10:40.640000,416.0133775394486,9
2024-09-16 15:10:40.652000,415.9955045219521,14
2024-09-16 15:10:40.706000,415.9800054400778,996
2024-09-16 15:10:40.758000,415.9971303028705,100
2024-09-16 15:10:41.239000,416.00929630018106,1004
2024-09-16 15:10:41.369000,415.9936000639693,1003
2024-09-16 15:10:41.460000,415.9914184935272,101
2024-09-16 15:10:41.557000,416.0077187445421,98
2024-09-16 15:10:41.697000,416.0106576793629,996
2024-09-16 15:10:41.739000,415.9829465186679,15
2024-09-16 15:10:41.765000,415.9708016227347,105
2024-09-16 15:10:41.913000,415.9677021491712,100
2024-09-16 15:10:41.951000,416.0025042796546,102
2024-09-16 15:10:41.982000,415.9855370094015,1004
2024-09-16 15:10:42.060000,416.0141028941369,5
2024-09-16 15:10:42.188000,416.0030913197004,14
2024-09-16 15:10:42.492000,415.9971770223795,10
2024-09-16 15:10:42.505000,416.0239735027429,103
2024-09-16 15:10:42.521000,416.0079928996639,101
2024-09-16 15:10:42.539000,416.00967633859045,995
2024-09-16 15:10:42.635000,416.0014851849145,998
2024-09-16 15:10:42.714000,416.00816499749527,998
2024-09-16 15:10:42.789000,415.974682823155,997
2024-09-16 15:10:42.918000,416.0183139873335,1000
2024-09-16 15:10:43.118000,415.9800436245002,13
2024-09-16 15:10:43.152000,415.9925928188982,102
2024-09-16 15:10:43.188000,415.9894276109874,1000
2024-09-16 15:10:43.424000,415.9758096256452,7
2024-09-16 15:10:43.424000,415.9965326506097,7
2024-09-16 15:10:43.440000,416.0020624729559,1004
2024-09-16 15:10:43.573000,415.9489848528969,12
2024-09-16 15:10:43.640000,415.9757320792568,98
2024-09-16 15:10:43.785000,416.0068304577907,997
2024-09-16 15:10:43.848000,415.9603419892547,1000
2024-09-16 15:10:43.879000,415.9919577129681,15
2024-09-16 15:10:43.885000,416.0020065792853,102
2024-09-16 15:10:43.916000,415.9911606611154,15
2024-09-16 15:10:43.922000,415.992796111976,101
2024-09-16 15:10:43.938000,415.992863848356,996
2024-09-16 15:10:44.040000,415.95188538702257,105
2024-09-16 15:10:44.043000,415.9200049458867,13
2024-09-16 15:10:44.135000,415.9236926581671,8
2024-09-16 15:10:44.136000,415.97929908997406,9
2024-09-16 15:10:44.174000,415.9455616178956,100
2024-09-16 15:10:44.265000,415.9173207339251,7
2024-09-16 15:10:44.268000,415.9385001685096,98
2024-09-16 15:10:44.271000,415.9749708992318,105
2024-09-16 15:10:44.305000,415.9880790302398,998
2024-09-16 15:10:44.327000,415.9405954821471,10
2024-09-16 15:10:44.367000,415.9543915096121,1000
2024-09-16 15:10:44.546000,415.907678776626,6
2024-09-16 15:10:44.589000,415.95537606775446,999
2024-09-16 15:10:44.662000,415.96150005866326,11
2024-09-16 15:10:44.687000,415.965524964514,100
2024-09-16 15:10:44.762000,415.9790408318904,5
2024-09-16 15:10:44.772000,415.9560850178744,1001
2024-09-16 15:10:44.970000,415.9890688572624,1004
2024-09-16 15:10:44.996000,415.958763199797,13
2024-09-16 15:10:45.014000,415.9438047759476,996
2024-09-16 15:10:45.019000,415.9240161877625,95
2024-09-16 15:10:45.060000,415.9689661761234,101
2024-09-16 15:10:45.079000,415.9186457289501,9
2024-09-16 15:10:45.291000,415.9363999929546,996
2024-09-16 15:10:45.302000,415.9629136481761,15
2024-09-16 15:10:45.486000,415.95561357044886,15
2024-09-16 15:10:45.488000,415.9568540463181,101
2024-09-16 15:10:45.544000,415.9339562169415,15
2024-09-16 15:10:45.567000,415.9595286912723,105
2024-09-16 15:10:45.616000,415.94172214348873,998
2024-09-16 15:10:45.669000,415.9294699080352,102
2024-09-16 15:10:45.719000,415.9561590814004,997
2024-09-16 15:10:45.834000,415.9486730592668,13
2024-09-16 15:10:45.843000,415.9639346182557,14
2024-09-16 15:10:46.015000,415.9757237215192,1002
2024-09-16 15:10:46.049000,415.9957047685832,101
2024-09-16 15:10:46.155000,416.01924363556753,12
2024-09-16 15:10:46.228000,416.020869211603,15
2024-09-16 15:10:46.289000,415.9970896718104,98
2024-09-16 15:10:46.308000,416.0118897118719,97
2024-09-16 15:10:46.372000,416.0224465451856,1003
2024-09-16 15:10:46.390000,415.9859115197247,13
2024-09-16 15:10:46.472000,416.01501457878703,9
2024-09-16 15:10:46.513000,416.04751422248046,997
2024-09-16 15:10:46.556000,416.00092181498366,1003
2024-09-16 15:10:46.560000,416.0197479607002,999
2024-09-16 15:10:46.609000,416.0227737233766,104
2024-09-16 15:10:46.726000,416.0311826003505,1001
2024-09-16 15:10:46.752000,415.9955546614344,12
2024-09-16 15:10:46.772000,416.0213238545816,995
2024-09-16 15:10:46.772000,416.0511354501186,100
2024-09-16 15:10:46.876000,416.0185063401096,14
2024-09-16 15:10:46.924000,416.03092304258143,97
2024-09-16 15:10:47.117000,415.9851977119957,5
2024-09-16 15:10:47.356000,415.9888290799152,100
2024-09-16 15:10:47.378000,415.9862306554869,9
2024-09-16 15:10:47.613000,415.98676623038045,995
2024-09-16 15:10:47.636000,415.9976073105818,995
2024-09-16 15:10:47.682000,415.9855589153867,5
2024-09-16 15:10:47.948000,415.9904053107285,995
2024-09-16 15:10:47.982000,418.6899602790151,9
2024-09-16 15:10:49.053000,416.0126028793731,7
2024-09-16 15:10:49.089000,416.02296711806144,7
2024-09-16 15:10:49.094000,415.9992056811776,103
2024-09-16 15:10:49.095000,416.0922574046247,98
2024-09-16 15:10:49.146000,418.6964033133208,998
2024-09-16 15:10:49.158000,416.00344837820114,95
2024-09-16 15:10:49.169000,416.0371147629052,97
2024-09-16 15:10:49.395000,415.9935779520399,1000
2024-09-16 15:10:49.409000,415.9909238058639,103
2024-09-16 15:10:49.413000,416.01572249152383,10
2024-09-16 15:10:49.526000,416.0129835852965,96
2024-09-16 15:10:49.532000,416.0723180736491,1005
2024-09-16 15:10:49.609000,416.02024761598176,97
2024-09-16 15:10:49.661000,416.0117887479432,1004
2024-09-16 15:10:49.782000,416.0987789615547,105
2024-09-16 15:10:49.793000,416.0026774695938,11
2024-09-16 15:10:49.823000,415.9925641035711,14
2024-09-16 15:10:49.844000,416.0226699114981,105
2024-09-16 15:10:49.848000,415.9995188732502,1000
2024-09-16 15:10:49.852000,416.0018317844106,6
2024-09-16 15:10:49.856000,416.0057317202401,996
2024-09-16 15:10:49.883000,416.0056380743359,10
2024-09-16 15:10:49.890000,415.9974887203268,9
2024-09-16 15:10:49.912000,416.0142140499301,101
2024-09-16 15:10:49.951000,415.9994349626628,13
2024-09-16 15:10:49.969000,416.0833015312977,97
2024-09-16 15:10:50.302000,416.0807445241186,9
2024-09-16 15:10:50.540000,416.0793132330496,996
2024-09-16 15:10:51.004000,416.1285075306831,1002
2024-09-16 15:10:51.061000,416.13525036818766,12
2024-09-16 15:10:51.082000,416.1372288311015,8
2024-09-16 15:10:51.118000,416.1291779771213,5
2024-09-16 15:10:51.257000,416.1152587111864,98
2024-09-16 15:10:51.277000,416.11044564508745,12
2024-09-16 15:10:51.290000,416.1395007578598,101
2024-09-16 15:10:51.302000,416.1630852619062,99
2024-09-16 15:10:51.332000,416.12121601891465,13
2024-09-16 15:10:51.380000,416.1553594489112,13
2024-09-16 15:10:51.396000,416.15515885057033,102
2024-09-16 15:10:51.452000,416.14022330842033,995
2024-09-16 15:10:51.467000,416.1440189604948,100
2024-09-16 15:10:51.478000,416.15618929802406,996
2024-09-16 15:10:51.511000,416.1376777057867,102
2024-09-16 15:10:51.534000,416.1240989256037,13
2024-09-16 15:10:51.544000,416.1325062471443,12
2024-09-16 15:10:51.593000,416.1427419889978,103
2024-09-16 15:10:51.651000,416.1776687694888,8
2024-09-16 15:10:51.652000,416.1479263505693,1002
2024-09-16 15:10:51.673000,416.1601394221594,104
2024-09-16 15:10:51.698000,416.13682461484655,1002
2024-09-16 15:10:51.759000,416.1530680681399,104
2024-09-16 15:10:51.813000,416.1661759635398,997
2024-09-16 15:10:51.829000,416.1412709735197,103
2024-09-16 15:10:51.846000,416.1296166165485,98
2024-09-16 15:10:51.866000,416.14690868367495,100
2024-09-16 15:10:52.022000,416.0915946452206,1004
2024-09-16 15:10:52.024000,416.0863482249152,10
2024-09-16 15:10:52.062000,416.0692469248274,999
2024-09-16 15:10:52.115000,416.1062205720264,997
2024-09-16 15:10:52.131000,416.071455086225,996
2024-09-16 15:10:52.211000,416.087780746241,1000
2024-09-16 15:10:52.279000,416.0639333314361,997
2024-09-16 15:10:52.317000,416.127996858925,1004
2024-09-16 15:10:52.333000,416.0917005647541,995
2024-09-16 15:10:52.364000,416.0780116363924,1004
2024-09-16 15:10:52.404000,416.0863378864522,5
2024-09-16 15:10:52.417000,416.0914507026267,995
2024-09-16 15:10:52.448000,416.1326826834376,95
2024-09-16 15:10:52.460000,416.0728913314039,95
2024-09-16 15:10:52.468000,416.0616670491336,1004
2024-09-16 15:10:52.488000,416.079861994572,12
2024-09-16 15:10:52.523000,418.5925799766657,12
2024-09-16 15:10:52.557000,416.0859021602959,103
2024-09-16 15:10:52.628000,416.0717821751075,6
2024-09-16 15:10:52.674000,416.075536281542,10
2024-09-16 15:10:52.741000,416.1177971216924,14
2024-09-16 15:10:52.752000,416.0692483934882,998
2024-09-16 15:10:52.800000,416.0834433149316,1000
2024-09-16 15:10:52.821000,416.1474667361503,1004
2024-09-16 15:10:52.841000,416.1443575428386,997
2024-09-16 15:10:52.843000,416.0929686396451,997
2024-09-16 15:10:52.858000,416.15313987511377,14
2024-09-16 15:10:52.932000,416.1425183430772,1002
2024-09-16 15:10:52.941000,416.0923598252066,9
2024-09-16 15:10:52.954000,416.0608908518304,995
2024-09-16 15:10:52.997000,416.140144531973,999
2024-09-16 15:10:53.053000,416.10660971330327,100
2024-09-16 15:10:53.094000,416.0392389256836,10
2024-09-16 15:10:53.176000,416.0560134895214,998
2024-09-16 15:10:53.241000,416.06752786533696,996
2024-09-16 15:10:53.252000,416.0445388569343,1004
2024-09-16 15:10:53.271000,416.0980296122092,99
2024-09-16 15:10:53.291000,416.0600849134212,102
2024-09-16 15:10:53.312000,416.0843051759025,12
2024-09-16 15:10:53.330000,416.09349043445184,1002
2024-09-16 15:10:53.358000,416.0572263838021,997
2024-09-16 15:10:53.462000,416.0849298629833,9
2024-09-16 15:10:53.494000,416.0858939820808,8
2024-09-16 15:10:53.604000,416.07664140885794,12
2024-09-16 15:10:53.623000,416.09402819598745,101
2024-09-16 15:10:53.667000,416.09397288347895,1005
2024-09-16 15:10:53.692000,416.0652067254516,8
2024-09-16 15:10:53.872000,416.066591118545,1000
2024-09-16 15:10:53.905000,416.0716703885153,1004
2024-09-16 15:10:53.908000,416.07020357499937,103
2024-09-16 15:10:53.918000,416.055504942301,1005
2024-09-16 15:10:54.043000,416.2022906536886,9
2024-09-16 15:10:54.126000,416.08544856123245,8
2024-09-16 15:10:54.209000,416.1965169813497,99
2024-09-16 15:10:54.287000,416.1585739258993,1001
2024-09-16 15:10:54.361000,416.1801701727919,999
2024-09-16 15:10:54.365000,416.1299452441927,100
2024-09-16 15:10:54.383000,416.1979662617932,105
2024-09-16 15:10:54.396000,416.1618263801684,1001
2024-09-16 15:10:54.401000,416.137135568273,105
2024-09-16 15:10:54.412000,416.1270492237251,13
2024-09-16 15:10:54.569000,416.2128841269906,1002
2024-09-16 15:10:54.612000,416.1938275337918,15
2024-09-16 15:10:54.621000,416.20128642244055,9
2024-09-16 15:10:54.700000,416.0892854507012,96
2024-09-16 15:10:54.743000,416.2131772514805,104
2024-09-16 15:10:54.745000,416.2116343012668,104
2024-09-16 15:10:54.759000,416.1870482821999,13
2024-09-16 15:10:54.802000,416.20877249876014,102
2024-09-16 15:10:54.812000,418.6100591400567,97
2024-09-16 15:10:54.874000,416.1069099994346,998
2024-09-16 15:10:54.925000,416.193317871513,997
2024-09-16 15:10:54.952000,416.1610389880126,98
2024-09-16 15:10:55.222000,416.1734424764015,9
2024-09-16 15:10:55.364000,416.1825528296477,10
2024-09-16 15:10:55.390000,416.19986731837537,12
2024-09-16 15:10:55.435000,416.2039937007165,12
2024-09-16 15:10:55.535000,416.1882498034229,104
2024-09-16 15:10:55.668000,416.1824977759111,104
2024-09-16 15:10:55.693000,416.1853226770377,6
2024-09-16 15:10:55.867000,416.1921379328919,100
2024-09-16 15:10:56.021000,416.2324509087767,8
2024-09-16 15:10:56.059000,416.2252837161131,13
2024-09-16 15:10:56.066000,416.2056925388527,11
2024-09-16 15:10:56.081000,416.2338973179514,97
2024-09-16 15:10:56.137000,416.2525495266005,1000
2024-09-16 15:10:56.178000,416.2298009212018,998
2024-09-16 15:10:56.211000,416.2282029856674,99
2024-09-16 15:10:56.221000,416.2394570697893,10
2024-09-16 15:10:56.239000,416.2165493752477,15
2024-09-16 15:10:56.252000,416.2548583435956,7
2024-09-16 15:10:56.292000,416.23904412630577,100
2024-09-16 15:10:56.311000,416.2228964447558,8
2024-09-16 15:10:56.327000,416.1905176952524,6
2024-09-16 15:10:56.562000,416.25294144800046,999
2024-09-16 15:10:56.639000,416.2374770609279,12
2024-09-16 15:10:56.640000,416.2653004260196,101
2024-09-16 15:10:56.749000,416.2678415843004,995
2024-09-16 15:10:56.940000,416.2568751786827,12
2024-09-16 15:10:56.978000,416.2185705383796,997
2024-09-16 15:10:56.980000,416.2319498345326,1001
2024-09-16 15:10:56.986000,416.27867919014113,101
2024-09-16 15:10:57.075000,416.3927239821684,11
2024-09-16 15:10:57.094000,416.3545972892748,1004
2024-09-16 15:10:57.186000,416.3439096478118,9
2024-09-16 15:10:57.193000,416.3731617515577,97
2024-09-16 15:10:57.332000,416.3666033943909,99
2024-09-16 15:10:57.394000,416.2474056049072,997
2024-09-16 15:10:57.437000,416.3841274344812,95
2024-09-16 15:10:57.515000,416.2693247456906,95
2024-09-16 15:10:57.672000,416.3378215038976,9
2024-09-16 15:10:57.715000,416.37396709967135,1003
2024-09-16 15:10:57.728000,416.34105128984,10
2024-09-16 15:10:57.771000,416.3845720345139,998
2024-09-16 15:10:57.791000,416.2901498758297,99
2024-09-16 15:10:57.829000,416.26046555918646,1003
2024-09-16 15:10:57.836000,416.3602195583233,995
2024-09-16 15:10:57.937000,416.3689679297402,102
2024-09-16 15:10:57.962000,416.26188157646106,5
2024-09-16 15:10:57.970000,416.29858695070754,997
2024-09-16 15:10:58.041000,416.3427207192815,99
2024-09-16 15:10:58.048000,416.3502195400977,15
2024-09-16 15:10:58.214000,416.350433887195,97
2024-09-16 15:10:58.234000,416.3471713613576,105
2024-09-16 15:10:58.272000,416.3502483322562,995
2024-09-16 15:10:58.458000,416.3534596718535,996
2024-09-16 15:10:58.515000,416.3472660707641,98
2024-09-16 15:10:58.613000,416.343046831105,8
2024-09-16 15:10:58.668000,416.3397746356295,1002
2024-09-16 15:10:58.708000,416.3564582588354,13
2024-09-16 15:10:58.716000,416.3581462630505,11
2024-09-16 15:10:58.945000,416.350413828872,996
2024-09-16 15:10:59.096000,416.2868705971813,103
2024-09-16 15:10:59.097000,416.3258195788112,11
2024-09-16 15:10:59.171000,416.348766659875,7
2024-09-16 15:10:59.247000,416.3157892698128,1002
2024-09-16 15:10:59.368000,416.2990014370068,1000
2024-09-16 15:10:59.404000,416.3526612228724,104
2024-09-16 15:10:59.492000,416.35218513629343,15
2024-09-16 15:10:59.567000,416.29738869014216,105
2024-09-16 15:10:59.585000,416.3025231688536,6
2024-09-16 15:10:59.607000,416.2944040346611,100
2024-09-16 15:10:59.670000,416.36760351772745,1001
2024-09-16 15:10:59.672000,416.3228386929746,12
2024-09-16 15:10:59.682000,416.3196063031989,6
2024-09-16 15:10:59.713000,416.33080297673104,1001
2024-09-16 15:10:59.713000,416.3344023919466,11
2024-09-16 15:10:59.731000,416.34005211117295,97
2024-09-16 15:10:59.749000,416.29921585510897,7
2024-09-16 15:10:59.754000,416.3180227074556,95
2024-09-16 15:10:59.773000,416.32507097488303,103
2024-09-16 15:10:59.819000,416.30878005932857,995
2024-09-16 15:10:59.938000,416.3076359945363,100
2024-09-16 15:10:59.988000,416.3355700545046,9
