Timestamp,Price,Size
2024-09-19 10:24:00.068000,419.70990637703625,5
2024-09-19 10:24:00.069000,419.7481957757505,1005
2024-09-19 10:24:00.077000,419.72212460622814,100
2024-09-19 10:24:00.170000,419.75486710388185,11
2024-09-19 10:24:00.227000,419.7129408083707,15
2024-09-19 10:24:00.313000,419.7431749174065,105
2024-09-19 10:24:00.317000,419.7237984921539,102
2024-09-19 10:24:00.334000,419.71652365389934,7
2024-09-19 10:24:00.370000,419.7338468810972,1000
2024-09-19 10:24:00.371000,419.740238395977,101
2024-09-19 10:24:00.436000,419.7217346793648,1003
2024-09-19 10:24:00.441000,419.7370659335002,104
2024-09-19 10:24:00.468000,419.7221661407857,1000
2024-09-19 10:24:00.473000,419.723885239686,101
2024-09-19 10:24:00.479000,419.7055096916678,1004
2024-09-19 10:24:00.485000,419.77228350079633,1000
2024-09-19 10:24:00.499000,419.7458466648829,996
2024-09-19 10:24:00.547000,419.751414607803,95
2024-09-19 10:24:00.640000,419.7444401791933,13
2024-09-19 10:24:00.729000,419.7320455959673,15
2024-09-19 10:24:00.746000,419.7170264754955,103
2024-09-19 10:24:00.762000,419.7494705145936,9
2024-09-19 10:24:00.764000,419.7291634313859,102
2024-09-19 10:24:00.820000,419.7197838966849,101
2024-09-19 10:24:00.830000,419.72168212461696,99
2024-09-19 10:24:00.910000,419.7029295355769,15
2024-09-19 10:24:00.940000,419.7238110182275,1005
2024-09-19 10:24:00.941000,419.7468466343341,96
2024-09-19 10:24:00.959000,419.7310437382891,6
2024-09-19 10:24:01.016000,419.7259868309672,8
2024-09-19 10:24:01.109000,419.7574693013033,102
2024-09-19 10:24:01.187000,419.72369293541794,1004
2024-09-19 10:24:01.277000,419.7401889332012,11
2024-09-19 10:24:01.303000,419.7376443886593,15
2024-09-19 10:24:01.448000,419.713002166752,9
2024-09-19 10:24:01.636000,419.7326682678068,8
2024-09-19 10:24:01.656000,419.7137227591317,101
2024-09-19 10:24:01.716000,419.7159112654007,1003
2024-09-19 10:24:01.887000,419.7219605272708,6
2024-09-19 10:24:02.023000,419.7194157926493,1005
2024-09-19 10:24:02.025000,419.7276950312087,100
2024-09-19 10:24:02.078000,419.695838858385,99
2024-09-19 10:24:02.120000,419.6919073996947,6
2024-09-19 10:24:02.149000,419.7124437904712,997
2024-09-19 10:24:02.159000,419.7226123361113,97
2024-09-19 10:24:02.259000,419.6900571910434,103
2024-09-19 10:24:02.261000,419.7244378985985,997
2024-09-19 10:24:02.432000,419.728230718519,1002
2024-09-19 10:24:02.493000,419.6972404879573,1000
2024-09-19 10:24:02.511000,419.6940515814581,101
2024-09-19 10:24:02.514000,419.6710496177303,995
2024-09-19 10:24:02.577000,419.74788580217097,6
2024-09-19 10:24:02.604000,419.7239775233314,999
2024-09-19 10:24:02.619000,419.7168757842424,5
2024-09-19 10:24:02.623000,419.7268196578182,13
2024-09-19 10:24:02.669000,419.7227209164526,1004
2024-09-19 10:24:02.695000,419.6935385246674,1000
2024-09-19 10:24:02.713000,419.712801118008,11
2024-09-19 10:24:02.750000,419.7175888559669,9
2024-09-19 10:24:02.791000,419.7262170803469,100
2024-09-19 10:24:02.862000,419.6927950605858,95
2024-09-19 10:24:02.879000,419.69248680962033,12
2024-09-19 10:24:02.939000,419.7021566680617,97
2024-09-19 10:24:02.953000,419.6797558790242,996
2024-09-19 10:24:02.974000,419.69292675283975,12
2024-09-19 10:24:02.986000,419.7164746290958,101
2024-09-19 10:24:03.035000,419.73455328095713,99
2024-09-19 10:24:03.191000,419.7196691737303,98
2024-09-19 10:24:03.194000,419.698970485442,104
2024-09-19 10:24:03.259000,419.7252850983208,996
2024-09-19 10:24:03.536000,419.7065929730164,995
2024-09-19 10:24:03.638000,419.6952250197738,9
2024-09-19 10:24:03.751000,419.6985249382327,996
2024-09-19 10:24:03.911000,419.7203632546402,1004
2024-09-19 10:24:04.087000,419.76077796880384,1004
2024-09-19 10:24:04.942000,419.7627386986291,1005
2024-09-19 10:24:05.084000,419.70572114858,98
2024-09-19 10:24:05.125000,419.7277567383569,9
2024-09-19 10:24:05.205000,419.7235753158175,96
2024-09-19 10:24:05.220000,419.7187053074828,103
2024-09-19 10:24:05.380000,419.7664052886632,96
2024-09-19 10:24:05.401000,419.7243785782461,997
2024-09-19 10:24:05.437000,419.73488982228514,101
2024-09-19 10:24:05.444000,419.7304403311964,99
2024-09-19 10:24:05.724000,419.7303942222898,995
2024-09-19 10:24:05.800000,419.7974658787179,995
2024-09-19 10:24:05.895000,419.73638073133935,96
2024-09-19 10:24:05.936000,419.7516244925606,96
2024-09-19 10:24:06.172000,419.7886587620317,996
2024-09-19 10:24:06.214000,419.7860717454339,98
2024-09-19 10:24:06.303000,419.7935066720567,7
2024-09-19 10:24:06.380000,419.81742293712,999
2024-09-19 10:24:06.603000,419.8060434936333,995
2024-09-19 10:24:06.611000,419.8087330347154,95
2024-09-19 10:24:06.659000,419.7819759466015,104
2024-09-19 10:24:06.661000,419.799561730593,10
2024-09-19 10:24:06.794000,419.7917119914911,95
2024-09-19 10:24:06.850000,419.79861789560687,95
2024-09-19 10:24:06.897000,419.7810487690864,6
2024-09-19 10:24:07.008000,419.7317976743012,998
2024-09-19 10:24:07.010000,419.7358122201451,100
2024-09-19 10:24:07.025000,419.7303051888867,1003
2024-09-19 10:24:07.064000,419.7653417716546,95
2024-09-19 10:24:07.076000,419.7251848790286,1001
2024-09-19 10:24:07.097000,419.73911873179753,1005
2024-09-19 10:24:07.100000,419.7396150973166,15
2024-09-19 10:24:07.209000,419.7677737719949,997
2024-09-19 10:24:07.250000,419.72609167819314,105
2024-09-19 10:24:07.289000,419.7464003908281,1004
2024-09-19 10:24:07.332000,419.75472960626695,12
2024-09-19 10:24:07.408000,419.74007550312746,996
2024-09-19 10:24:07.419000,419.7544162064946,12
2024-09-19 10:24:07.523000,419.7342402971667,998
2024-09-19 10:24:07.543000,419.73462255975966,15
2024-09-19 10:24:07.680000,419.7519455935161,15
2024-09-19 10:24:07.684000,419.74845393711234,105
2024-09-19 10:24:07.757000,419.7537243856576,8
2024-09-19 10:24:07.761000,419.75177966681554,8
2024-09-19 10:24:07.820000,419.7727646349765,6
2024-09-19 10:24:07.887000,419.738075876748,103
2024-09-19 10:24:07.956000,419.7068429594143,102
2024-09-19 10:24:08.126000,419.69398024136274,10
2024-09-19 10:24:08.975000,419.7191255585013,103
2024-09-19 10:24:09.106000,419.6854528831354,1001
2024-09-19 10:24:09.168000,419.6717941577344,8
2024-09-19 10:24:09.344000,419.66957270938894,8
2024-09-19 10:24:09.694000,419.6741328674104,13
2024-09-19 10:24:09.780000,419.69129880515777,11
2024-09-19 10:24:09.870000,419.6767294716423,98
2024-09-19 10:24:09.904000,419.68885723034975,14
2024-09-19 10:24:09.904000,419.682109298496,996
2024-09-19 10:24:10.353000,419.6565015688039,1004
2024-09-19 10:24:10.637000,419.65304001454217,97
2024-09-19 10:24:10.703000,419.6468479176969,12
2024-09-19 10:24:11.102000,419.66742530609895,11
2024-09-19 10:24:11.159000,419.6707084366103,996
2024-09-19 10:24:11.262000,419.71873106730834,98
2024-09-19 10:24:11.283000,419.7229877087453,5
2024-09-19 10:24:11.355000,419.6949860517301,98
2024-09-19 10:24:11.421000,419.71751876888936,996
2024-09-19 10:24:11.529000,419.6678871836614,1005
2024-09-19 10:24:11.530000,419.7075213587961,98
2024-09-19 10:24:11.542000,419.6647513786223,1001
2024-09-19 10:24:11.687000,419.682714986183,999
2024-09-19 10:24:11.808000,419.6769896202411,1002
2024-09-19 10:24:11.811000,419.6668789709584,12
2024-09-19 10:24:12.086000,419.7559947220488,997
2024-09-19 10:24:12.157000,419.7270044468253,1000
2024-09-19 10:24:12.191000,419.71694769283016,11
2024-09-19 10:24:12.199000,419.74336759501534,996
2024-09-19 10:24:12.215000,419.74419474786697,1000
2024-09-19 10:24:12.224000,419.7459686888865,1001
2024-09-19 10:24:12.348000,419.7216948517084,103
2024-09-19 10:24:12.385000,419.7435011259142,96
2024-09-19 10:24:12.435000,419.7551876156264,1003
2024-09-19 10:24:12.441000,419.7645919341272,1004
2024-09-19 10:24:12.503000,419.7413221861719,101
2024-09-19 10:24:12.524000,419.7454990218567,97
2024-09-19 10:24:12.557000,419.7115807475277,11
2024-09-19 10:24:12.559000,419.72910270337263,995
2024-09-19 10:24:12.613000,419.7483536812993,15
2024-09-19 10:24:12.616000,419.7486668182372,7
2024-09-19 10:24:12.638000,419.712414971634,9
2024-09-19 10:24:12.711000,419.7357727094112,105
2024-09-19 10:24:12.765000,419.7189702214128,1000
2024-09-19 10:24:12.802000,419.7308743911093,13
2024-09-19 10:24:12.812000,419.73216340949085,103
2024-09-19 10:24:12.821000,419.7454218822482,99
2024-09-19 10:24:12.883000,419.7203388760913,995
2024-09-19 10:24:12.914000,419.7396798010402,102
2024-09-19 10:24:12.930000,419.70532754545184,101
2024-09-19 10:24:12.932000,419.71575564540416,997
2024-09-19 10:24:12.972000,419.72628073124304,999
2024-09-19 10:24:13.040000,419.7250472272547,1001
2024-09-19 10:24:13.070000,419.7247814938195,998
2024-09-19 10:24:13.144000,419.74878577536407,14
2024-09-19 10:24:13.151000,419.7825172975485,104
2024-09-19 10:24:13.202000,419.7611599753929,1001
2024-09-19 10:24:13.212000,419.7667628425432,1004
2024-09-19 10:24:13.237000,419.7605567841303,999
2024-09-19 10:24:13.321000,419.7313035133819,996
2024-09-19 10:24:13.380000,419.7626105460473,99
2024-09-19 10:24:13.391000,419.7748825420197,7
2024-09-19 10:24:13.448000,419.7428871228365,1003
2024-09-19 10:24:13.469000,419.7319668168682,998
2024-09-19 10:24:13.479000,419.7269530868716,1005
2024-09-19 10:24:13.489000,419.7517807218322,15
2024-09-19 10:24:13.641000,419.76289695526987,12
2024-09-19 10:24:13.682000,419.7315668092453,9
2024-09-19 10:24:13.733000,419.78165524602,105
2024-09-19 10:24:13.772000,419.74555936379454,104
2024-09-19 10:24:13.879000,419.7395001524928,97
2024-09-19 10:24:13.913000,419.7498556559759,105
2024-09-19 10:24:13.935000,419.7226731239452,996
2024-09-19 10:24:13.963000,419.753202063765,104
2024-09-19 10:24:14.076000,419.7819325661201,1002
2024-09-19 10:24:14.091000,419.73590143743854,999
2024-09-19 10:24:14.169000,419.78382438506856,998
2024-09-19 10:24:14.169000,419.7373122246377,13
2024-09-19 10:24:14.291000,419.7610055528371,100
2024-09-19 10:24:14.369000,419.77460950919766,12
2024-09-19 10:24:14.428000,419.7279293229084,95
2024-09-19 10:24:14.430000,419.76758447051344,997
2024-09-19 10:24:14.472000,419.7730513726276,1005
2024-09-19 10:24:14.612000,419.7724553342628,9
2024-09-19 10:24:14.632000,419.76937836893313,9
2024-09-19 10:24:14.646000,419.7647232451396,6
2024-09-19 10:24:14.706000,419.7781137347098,97
2024-09-19 10:24:14.716000,419.7820369204305,1004
2024-09-19 10:24:14.782000,419.745001320444,11
2024-09-19 10:24:14.964000,419.7722555837527,9
2024-09-19 10:24:16.001000,419.7909231436104,98
2024-09-19 10:24:16.030000,419.8079235641473,100
2024-09-19 10:24:16.150000,419.7610838858469,95
2024-09-19 10:24:16.194000,419.8148153791755,98
2024-09-19 10:24:16.202000,419.8026467813488,11
2024-09-19 10:24:16.213000,419.7975606177961,995
2024-09-19 10:24:16.228000,419.7779353166378,1002
2024-09-19 10:24:16.374000,419.79371095009793,995
2024-09-19 10:24:16.519000,419.8020135102015,104
2024-09-19 10:24:16.550000,419.8102885009024,1003
2024-09-19 10:24:16.619000,419.8066417213343,5
2024-09-19 10:24:16.661000,419.79805408646047,996
2024-09-19 10:24:16.689000,419.7995670749056,95
2024-09-19 10:24:16.749000,419.7718534657631,9
2024-09-19 10:24:16.750000,419.7534607064084,8
2024-09-19 10:24:16.777000,419.7958870892247,1000
2024-09-19 10:24:16.783000,419.8101472257789,6
2024-09-19 10:24:16.820000,419.726275687237,1003
2024-09-19 10:24:16.889000,419.75306897994375,1005
2024-09-19 10:24:16.970000,419.75837448119984,7
2024-09-19 10:24:16.975000,419.808077881348,98
2024-09-19 10:24:16.984000,419.8001237772901,98
2024-09-19 10:24:17.087000,419.810024380639,6
2024-09-19 10:24:17.089000,419.8084360122681,7
2024-09-19 10:24:17.138000,419.80254587438736,15
2024-09-19 10:24:17.151000,419.7618699920817,995
2024-09-19 10:24:17.234000,419.81263578234746,10
2024-09-19 10:24:17.337000,419.8049992673823,104
2024-09-19 10:24:17.365000,419.80262625589694,14
2024-09-19 10:24:17.489000,419.7985793399795,7
2024-09-19 10:24:17.559000,419.80392185709655,96
2024-09-19 10:24:17.593000,419.7916945143367,996
2024-09-19 10:24:17.593000,419.7867028637719,1003
2024-09-19 10:24:17.649000,419.7376461904056,997
2024-09-19 10:24:17.709000,419.74662555368695,101
2024-09-19 10:24:17.833000,419.76459617185895,1000
2024-09-19 10:24:18.117000,419.7916478966709,13
2024-09-19 10:24:18.123000,419.8535938513731,101
2024-09-19 10:24:18.159000,419.7870467781723,100
2024-09-19 10:24:18.230000,419.7441144648354,8
2024-09-19 10:24:18.261000,419.7906733883431,104
2024-09-19 10:24:18.268000,419.8027452007008,996
2024-09-19 10:24:18.337000,419.86313787545134,7
2024-09-19 10:24:18.390000,419.8105936546645,6
2024-09-19 10:24:18.395000,419.80575598621823,103
2024-09-19 10:24:18.400000,419.7972650242469,1003
2024-09-19 10:24:18.409000,419.8020259546637,101
2024-09-19 10:24:18.514000,419.7681743623888,9
2024-09-19 10:24:18.552000,419.8712732562914,995
2024-09-19 10:24:18.579000,419.8289582515586,996
2024-09-19 10:24:18.580000,419.8543498493889,8
2024-09-19 10:24:18.621000,419.7971132577435,95
2024-09-19 10:24:18.644000,419.79884896436016,1000
2024-09-19 10:24:18.652000,419.78369243461344,1001
2024-09-19 10:24:18.694000,419.81228310998495,12
2024-09-19 10:24:18.698000,419.7919684402205,99
2024-09-19 10:24:18.719000,419.8667049460333,9
2024-09-19 10:24:18.765000,419.8138823432104,999
2024-09-19 10:24:18.819000,419.8154139876667,104
2024-09-19 10:24:18.931000,419.837202340178,997
2024-09-19 10:24:18.933000,419.7705608325842,1004
2024-09-19 10:24:18.949000,419.79495099560177,1001
2024-09-19 10:24:18.960000,419.7667068600611,96
2024-09-19 10:24:19.018000,419.8241225701088,1004
2024-09-19 10:24:19.043000,419.8120234202162,1003
2024-09-19 10:24:19.055000,419.8579957841127,995
2024-09-19 10:24:19.107000,419.841980680476,8
2024-09-19 10:24:19.201000,419.8466238098625,995
2024-09-19 10:24:19.259000,419.8392683520621,103
2024-09-19 10:24:19.352000,419.8328488085775,104
2024-09-19 10:24:19.355000,419.85584653405016,96
2024-09-19 10:24:19.361000,419.8440351030357,1000
2024-09-19 10:24:19.410000,419.85939713217664,13
2024-09-19 10:24:19.422000,419.82866772479,6
2024-09-19 10:24:19.635000,419.8358834437413,105
2024-09-19 10:24:19.648000,419.8225433058288,101
2024-09-19 10:24:19.690000,419.85461479159966,7
2024-09-19 10:24:19.692000,419.8169735434535,12
2024-09-19 10:24:19.814000,419.823935472517,100
2024-09-19 10:24:19.837000,419.81719094879753,9
2024-09-19 10:24:19.896000,419.8501651479052,105
2024-09-19 10:24:19.916000,419.86722232863815,98
2024-09-19 10:24:19.934000,419.81417629205856,1003
2024-09-19 10:24:20.014000,419.883496072392,96
2024-09-19 10:24:20.019000,419.8580623494189,100
2024-09-19 10:24:20.083000,419.83707945760153,999
2024-09-19 10:24:20.147000,419.8435407961156,1004
2024-09-19 10:24:20.195000,419.87021644961226,104
2024-09-19 10:24:20.323000,419.87947143045295,5
2024-09-19 10:24:20.324000,419.8354050640871,103
2024-09-19 10:24:20.407000,419.8889555167612,13
2024-09-19 10:24:20.437000,419.8404273882724,1004
2024-09-19 10:24:20.462000,419.848348092928,1005
2024-09-19 10:24:20.533000,419.8404246567116,99
2024-09-19 10:24:20.577000,419.8395978090007,104
2024-09-19 10:24:20.596000,419.84954182763374,1004
2024-09-19 10:24:20.652000,419.8719625234604,96
2024-09-19 10:24:20.654000,419.8356668660584,13
2024-09-19 10:24:20.667000,419.8831116369873,1001
2024-09-19 10:24:20.741000,419.8402097808439,7
2024-09-19 10:24:20.970000,419.8579180036953,7
2024-09-19 10:24:20.973000,419.86042464966687,105
2024-09-19 10:24:21.284000,419.8692051663586,14
2024-09-19 10:24:22.179000,419.95757533865816,1003
2024-09-19 10:24:22.234000,419.908193533508,999
2024-09-19 10:24:22.241000,419.91679691121726,98
2024-09-19 10:24:22.349000,419.9527124078192,101
2024-09-19 10:24:22.502000,419.9533871217392,1001
2024-09-19 10:24:22.504000,419.9228375270321,102
2024-09-19 10:24:22.587000,419.9395676022912,1000
2024-09-19 10:24:22.606000,419.9294873459857,103
2024-09-19 10:24:22.722000,419.9142188937209,8
2024-09-19 10:24:22.789000,419.9033024533989,101
2024-09-19 10:24:22.796000,419.89062652624256,96
2024-09-19 10:24:22.851000,419.90633679163136,9
2024-09-19 10:24:22.881000,419.9151530651273,10
2024-09-19 10:24:22.935000,419.9239773726016,13
2024-09-19 10:24:22.960000,419.9471707856926,996
2024-09-19 10:24:22.960000,419.9786930964586,12
2024-09-19 10:24:23.053000,419.9486427246,103
2024-09-19 10:24:23.123000,419.9651486386512,9
2024-09-19 10:24:23.191000,419.92656149037606,102
2024-09-19 10:24:23.760000,419.9369435897385,6
2024-09-19 10:24:23.924000,419.9416927958779,12
2024-09-19 10:24:23.978000,419.9410176665065,995
2024-09-19 10:24:24.121000,419.91612300830906,100
2024-09-19 10:24:24.183000,419.9649071872244,6
2024-09-19 10:24:24.188000,419.9098369350612,97
2024-09-19 10:24:24.206000,419.9083910312351,999
2024-09-19 10:24:24.250000,419.9313383114624,1003
2024-09-19 10:24:24.288000,419.938020819842,14
2024-09-19 10:24:24.295000,419.91543339694,998
2024-09-19 10:24:24.398000,419.9044890218291,105
2024-09-19 10:24:24.419000,419.9072947522628,1004
2024-09-19 10:24:24.422000,419.9750334739027,5
2024-09-19 10:24:24.437000,419.92234425006416,1004
2024-09-19 10:24:24.489000,419.9506618665675,996
2024-09-19 10:24:24.491000,419.9530768439308,999
2024-09-19 10:24:24.493000,419.9525278915135,11
2024-09-19 10:24:24.624000,419.950977902984,1003
2024-09-19 10:24:24.638000,419.9150898187049,997
2024-09-19 10:24:24.663000,419.9114331430856,100
2024-09-19 10:24:24.713000,419.9223742264524,97
2024-09-19 10:24:24.749000,419.93424078638543,13
2024-09-19 10:24:24.798000,419.93664763715736,998
2024-09-19 10:24:24.924000,419.9181205624502,100
2024-09-19 10:24:25.088000,419.9200535623688,15
2024-09-19 10:24:25.116000,419.95511510414127,99
2024-09-19 10:24:25.135000,419.9060978819602,996
2024-09-19 10:24:25.164000,419.93083786515183,1004
2024-09-19 10:24:25.201000,420.00510237294753,6
2024-09-19 10:24:25.234000,419.9456336775071,13
2024-09-19 10:24:25.293000,419.9171781568515,103
2024-09-19 10:24:25.371000,419.9825079470737,995
2024-09-19 10:24:25.390000,420.0062217034756,997
2024-09-19 10:24:25.406000,419.8957779205953,998
2024-09-19 10:24:25.406000,419.91816348265417,996
2024-09-19 10:24:25.433000,419.93342776190696,15
2024-09-19 10:24:25.446000,419.8913663570694,99
2024-09-19 10:24:25.492000,419.8877362891205,95
2024-09-19 10:24:25.510000,419.94888708514463,97
2024-09-19 10:24:25.511000,419.8733098561436,999
2024-09-19 10:24:25.532000,419.9392374781663,8
2024-09-19 10:24:25.641000,419.9694186279037,96
2024-09-19 10:24:25.666000,419.9264710161802,98
2024-09-19 10:24:25.701000,419.9018315217971,999
2024-09-19 10:24:25.759000,419.9715409324144,1000
2024-09-19 10:24:25.901000,419.9464321884524,5
2024-09-19 10:24:25.902000,419.9802382836731,997
2024-09-19 10:24:25.908000,419.9285893553994,6
2024-09-19 10:24:25.916000,419.9407634137299,1004
2024-09-19 10:24:25.923000,419.8921089126849,14
2024-09-19 10:24:25.934000,419.99416057105634,997
2024-09-19 10:24:26.126000,420.0510885879039,97
2024-09-19 10:24:26.165000,420.039637350738,8
2024-09-19 10:24:26.210000,420.0856760790751,101
2024-09-19 10:24:26.214000,420.0224373162628,5
2024-09-19 10:24:26.232000,420.07902304031575,999
2024-09-19 10:24:26.237000,420.0747562255926,97
2024-09-19 10:24:26.254000,420.0655023839324,7
2024-09-19 10:24:26.269000,420.07917113704406,96
2024-09-19 10:24:26.272000,420.0621375674552,98
2024-09-19 10:24:26.313000,420.0869909493992,98
2024-09-19 10:24:26.414000,420.0614189156417,103
2024-09-19 10:24:26.443000,420.0825168046733,1004
2024-09-19 10:24:26.448000,420.0657121190082,11
2024-09-19 10:24:26.461000,420.06259036219785,101
2024-09-19 10:24:26.521000,420.09166038843546,8
2024-09-19 10:24:26.558000,420.0550978906921,997
2024-09-19 10:24:26.563000,420.0700314633868,9
2024-09-19 10:24:26.611000,420.06629974496207,10
2024-09-19 10:24:26.685000,420.09419154867305,10
2024-09-19 10:24:26.718000,420.0852325334883,999
2024-09-19 10:24:26.732000,420.05904306504095,104
2024-09-19 10:24:26.811000,420.0796831733659,105
2024-09-19 10:24:26.838000,420.0613102721362,10
2024-09-19 10:24:26.844000,420.0532268729303,7
2024-09-19 10:24:26.854000,420.0881007609853,6
2024-09-19 10:24:26.899000,420.1095296457832,995
2024-09-19 10:24:26.920000,420.10265274753095,13
2024-09-19 10:24:26.963000,420.07331176431865,99
2024-09-19 10:24:26.985000,420.0704097291275,15
2024-09-19 10:24:27.088000,420.035453160943,12
2024-09-19 10:24:27.244000,420.024454556394,996
2024-09-19 10:24:27.292000,420.069287275572,97
2024-09-19 10:24:27.314000,420.061245185868,98
2024-09-19 10:24:27.342000,420.05674678490544,1000
2024-09-19 10:24:27.638000,420.0451612493607,11
2024-09-19 10:24:27.692000,420.0379117413796,8
2024-09-19 10:24:27.722000,420.0855422586075,14
2024-09-19 10:24:27.789000,420.0634868786081,14
2024-09-19 10:24:27.802000,420.06106177251024,1005
2024-09-19 10:24:27.823000,420.1118243621887,12
2024-09-19 10:24:27.908000,420.0456428581476,999
2024-09-19 10:24:28.021000,420.0250210050186,12
2024-09-19 10:24:28.114000,420.01045665126406,9
2024-09-19 10:24:28.162000,420.009559561937,1005
2024-09-19 10:24:28.164000,420.0296016991601,999
2024-09-19 10:24:28.214000,420.0175233589432,10
2024-09-19 10:24:28.221000,420.0478542169705,15
2024-09-19 10:24:28.239000,420.0199295327945,1003
2024-09-19 10:24:28.315000,420.02052158564135,97
2024-09-19 10:24:28.324000,420.0320668384704,6
2024-09-19 10:24:28.346000,420.0133619852731,100
2024-09-19 10:24:28.395000,420.0334326837669,1003
2024-09-19 10:24:28.407000,420.0588757485092,105
2024-09-19 10:24:28.474000,420.0267409959149,8
2024-09-19 10:24:28.535000,420.0259009566822,11
2024-09-19 10:24:28.614000,420.0564890394525,1003
2024-09-19 10:24:28.619000,420.0441997505172,104
2024-09-19 10:24:28.632000,420.03147587738687,8
2024-09-19 10:24:28.655000,420.0545932132154,103
2024-09-19 10:24:28.662000,420.02696850521227,97
2024-09-19 10:24:28.694000,420.01635161595,102
2024-09-19 10:24:28.769000,420.0064244727941,999
2024-09-19 10:24:28.812000,420.03377159901663,105
2024-09-19 10:24:28.968000,420.0764238821831,995
2024-09-19 10:24:29.159000,420.0195426553435,95
2024-09-19 10:24:30.043000,420.0023477227671,96
2024-09-19 10:24:30.144000,420.0038127902457,14
2024-09-19 10:24:31.032000,420.0391115043766,999
2024-09-19 10:24:31.034000,420.01721048285947,1005
2024-09-19 10:24:31.061000,420.0121150144014,5
2024-09-19 10:24:31.079000,420.0095879245846,997
2024-09-19 10:24:31.287000,419.9923177570808,1003
2024-09-19 10:24:31.311000,420.0186418786462,11
2024-09-19 10:24:31.329000,419.9836705138773,11
2024-09-19 10:24:31.570000,420.0186544670796,99
2024-09-19 10:24:31.662000,419.97313805801855,11
2024-09-19 10:24:31.665000,420.00349349728384,8
2024-09-19 10:24:31.886000,419.99639844599744,1000
2024-09-19 10:24:31.906000,420.0116190603406,1001
2024-09-19 10:24:32.027000,419.9697387575085,8
2024-09-19 10:24:32.141000,420.053730505782,97
2024-09-19 10:24:32.153000,420.01398844884,100
2024-09-19 10:24:32.271000,420.0227732560484,996
2024-09-19 10:24:32.301000,419.9779700205958,1001
2024-09-19 10:24:32.384000,420.0061381710258,1001
2024-09-19 10:24:32.407000,419.9673342520539,10
2024-09-19 10:24:32.428000,420.0137046587838,101
2024-09-19 10:24:32.454000,420.0055447315494,13
2024-09-19 10:24:32.601000,420.0646918044854,5
2024-09-19 10:24:32.663000,419.990137796667,9
2024-09-19 10:24:32.670000,419.9882445723593,105
2024-09-19 10:24:32.706000,420.01177210390927,998
2024-09-19 10:24:32.749000,420.0117683863732,104
2024-09-19 10:24:32.775000,419.98306079109017,96
2024-09-19 10:24:32.800000,420.0161223383841,7
2024-09-19 10:24:32.941000,419.9685290330646,7
2024-09-19 10:24:32.953000,419.9752238274136,95
2024-09-19 10:24:32.984000,420.0347589656504,12
2024-09-19 10:24:32.988000,420.0199065435088,9
2024-09-19 10:24:33.011000,420.08192037200206,1005
2024-09-19 10:24:33.141000,420.0929601545519,998
2024-09-19 10:24:33.170000,420.069547975028,99
2024-09-19 10:24:33.187000,420.0816869014372,102
2024-09-19 10:24:33.194000,420.05813117862033,105
2024-09-19 10:24:33.230000,420.06626378711593,5
2024-09-19 10:24:33.306000,420.06422059106126,1003
2024-09-19 10:24:33.311000,420.0747957229119,1004
2024-09-19 10:24:33.339000,420.0937624116016,1002
2024-09-19 10:24:33.414000,420.0682502973448,10
2024-09-19 10:24:33.457000,420.0573438329458,101
2024-09-19 10:24:33.495000,420.0592361456562,996
2024-09-19 10:24:33.519000,420.05709741108143,14
2024-09-19 10:24:33.543000,420.0674570147567,998
2024-09-19 10:24:33.560000,420.0673196008837,8
2024-09-19 10:24:33.673000,420.078161029535,102
2024-09-19 10:24:33.683000,420.06545458525466,997
2024-09-19 10:24:33.750000,420.0717428351419,102
2024-09-19 10:24:33.808000,420.0747352663432,15
2024-09-19 10:24:33.843000,420.0558928572021,5
2024-09-19 10:24:33.854000,420.0609474237984,95
2024-09-19 10:24:33.864000,420.0670176669082,997
2024-09-19 10:24:33.894000,420.0774574299976,1002
2024-09-19 10:24:33.917000,420.0595234356129,1000
2024-09-19 10:24:33.964000,420.0702224340735,1004
2024-09-19 10:24:34.154000,420.0463923258234,999
2024-09-19 10:24:34.574000,420.0636419347709,95
2024-09-19 10:24:34.982000,420.04649488275487,995
2024-09-19 10:24:35.129000,420.07384224434816,99
2024-09-19 10:24:35.235000,420.0737694297234,103
2024-09-19 10:24:35.235000,420.0683437787404,999
2024-09-19 10:24:35.329000,420.0548811566263,7
2024-09-19 10:24:35.404000,420.08985380537024,101
2024-09-19 10:24:35.464000,420.0948138608241,8
2024-09-19 10:24:35.512000,420.0822420555763,5
2024-09-19 10:24:35.536000,420.06973152337406,10
2024-09-19 10:24:35.555000,420.0730708069385,1004
2024-09-19 10:24:35.687000,420.0537771199524,105
2024-09-19 10:24:35.818000,420.068792358723,103
2024-09-19 10:24:35.875000,420.0737407749888,998
2024-09-19 10:24:35.889000,420.0860748334704,101
2024-09-19 10:24:35.921000,420.0902470431869,1001
2024-09-19 10:24:35.954000,420.0693087875078,1001
2024-09-19 10:24:36.043000,420.090498665858,15
2024-09-19 10:24:36.060000,420.0991695574658,97
2024-09-19 10:24:36.074000,420.0800762359411,1005
2024-09-19 10:24:36.190000,420.088123846412,8
2024-09-19 10:24:36.243000,420.08824641966095,7
2024-09-19 10:24:36.244000,420.1106244715783,7
2024-09-19 10:24:36.257000,420.119112040021,1001
2024-09-19 10:24:36.272000,420.0913451336729,99
2024-09-19 10:24:36.286000,420.118907007714,10
2024-09-19 10:24:36.370000,420.0925779258456,999
2024-09-19 10:24:36.380000,420.0968251668449,13
2024-09-19 10:24:36.423000,420.0950468964775,14
2024-09-19 10:24:36.426000,420.072087240537,10
2024-09-19 10:24:36.441000,420.1158724831118,995
2024-09-19 10:24:36.451000,420.0683865883238,6
2024-09-19 10:24:36.566000,420.101936681172,1004
2024-09-19 10:24:36.628000,420.0860881988496,1000
2024-09-19 10:24:36.679000,420.11757114864,998
2024-09-19 10:24:36.707000,420.1049827025323,103
2024-09-19 10:24:36.760000,420.08384201083766,104
2024-09-19 10:24:36.771000,420.10747774497537,96
2024-09-19 10:24:36.776000,420.1289655486864,998
2024-09-19 10:24:36.804000,420.09495119551127,15
2024-09-19 10:24:36.812000,420.1258581868914,6
2024-09-19 10:24:36.832000,420.0933760523004,102
2024-09-19 10:24:36.950000,420.0935340114965,12
2024-09-19 10:24:36.994000,420.1085477536081,8
2024-09-19 10:24:37.156000,420.1232690250745,98
2024-09-19 10:24:37.295000,420.1280478879328,997
2024-09-19 10:24:37.335000,420.1102649147599,11
2024-09-19 10:24:37.442000,420.0996313327829,1004
2024-09-19 10:24:37.502000,420.1283339465453,15
2024-09-19 10:24:37.618000,420.09143942844304,1002
2024-09-19 10:24:37.909000,420.1212284294853,1003
2024-09-19 10:24:38.011000,420.166497481599,5
2024-09-19 10:24:38.121000,420.119310467299,103
2024-09-19 10:24:38.129000,420.1195017908014,102
2024-09-19 10:24:38.222000,420.1371215993877,1002
2024-09-19 10:24:38.365000,420.1347887862561,5
2024-09-19 10:24:38.386000,420.1379344806989,95
2024-09-19 10:24:38.390000,420.13978699924286,103
2024-09-19 10:24:38.402000,420.1361025745967,99
2024-09-19 10:24:38.407000,420.1182423397155,95
2024-09-19 10:24:38.569000,420.1502025587961,15
2024-09-19 10:24:38.576000,420.1333343028205,7
2024-09-19 10:24:38.609000,420.14768713556464,1004
2024-09-19 10:24:38.657000,420.1316395916037,100
2024-09-19 10:24:38.679000,420.13101686909033,103
2024-09-19 10:24:38.693000,420.1244688385129,1002
2024-09-19 10:24:38.737000,420.1648488398756,98
2024-09-19 10:24:38.797000,420.1443861474687,11
2024-09-19 10:24:38.848000,420.1278127043207,1003
2024-09-19 10:24:38.863000,420.1079813678832,101
2024-09-19 10:24:38.915000,420.1297406544389,96
2024-09-19 10:24:38.994000,420.1285298774538,1001
2024-09-19 10:24:39.084000,420.09635317658376,14
2024-09-19 10:24:39.534000,420.0933498807684,98
2024-09-19 10:24:39.680000,420.0931101977707,105
2024-09-19 10:24:39.701000,420.0852319612401,8
2024-09-19 10:24:39.774000,420.11421357522033,996
2024-09-19 10:24:39.862000,420.0699887980058,995
2024-09-19 10:24:39.864000,420.0998112024815,1001
2024-09-19 10:24:40.018000,419.9862160271078,1005
2024-09-19 10:24:40.059000,419.9825974601547,12
2024-09-19 10:24:40.228000,420.05915871912646,102
2024-09-19 10:24:40.299000,420.0358219333113,99
2024-09-19 10:24:40.326000,419.9938195047676,8
2024-09-19 10:24:40.501000,420.0067036145357,10
2024-09-19 10:24:40.512000,420.0120423527043,103
2024-09-19 10:24:40.549000,420.0206173580235,5
2024-09-19 10:24:40.567000,420.01373598623326,11
2024-09-19 10:24:40.595000,419.99308786587983,1005
2024-09-19 10:24:40.779000,420.00039490547607,1002
2024-09-19 10:24:40.924000,420.0513158870037,8
2024-09-19 10:24:40.937000,420.01468602765135,6
2024-09-19 10:24:40.965000,420.017559807906,995
2024-09-19 10:24:41.002000,419.952749727743,1003
2024-09-19 10:24:41.020000,419.93616345908833,101
2024-09-19 10:24:41.044000,419.9688614665174,999
2024-09-19 10:24:41.083000,419.95174944663046,1004
2024-09-19 10:24:41.084000,419.9935969932771,100
2024-09-19 10:24:41.128000,419.9666712166871,98
2024-09-19 10:24:41.167000,419.96596812751767,8
2024-09-19 10:24:41.215000,419.9532540939773,98
2024-09-19 10:24:41.223000,419.9501853073992,10
2024-09-19 10:24:41.238000,419.9517484739226,102
2024-09-19 10:24:41.266000,420.01076733142287,12
2024-09-19 10:24:41.325000,419.9292810855071,12
2024-09-19 10:24:41.339000,419.9997067682577,998
2024-09-19 10:24:41.391000,419.9642631479399,8
2024-09-19 10:24:41.424000,419.9596632885144,96
2024-09-19 10:24:41.426000,419.9955536019336,5
2024-09-19 10:24:41.431000,419.99737962083947,13
2024-09-19 10:24:41.457000,419.95535339755935,99
2024-09-19 10:24:41.541000,419.9335161186024,1002
2024-09-19 10:24:41.553000,420.01024125418985,998
2024-09-19 10:24:41.575000,420.0166401292796,999
2024-09-19 10:24:41.638000,419.988384144908,102
2024-09-19 10:24:41.642000,419.9982212053927,6
2024-09-19 10:24:41.661000,420.0029714119876,14
2024-09-19 10:24:41.672000,419.9731776795912,99
2024-09-19 10:24:41.745000,420.0024333327689,98
2024-09-19 10:24:41.792000,419.95211595300447,7
2024-09-19 10:24:41.831000,419.981341937998,6
2024-09-19 10:24:41.983000,420.0002397629993,995
2024-09-19 10:24:41.986000,419.99263497916405,13
2024-09-19 10:24:42.037000,420.0476562752129,1001
2024-09-19 10:24:42.075000,420.0486004852365,1001
2024-09-19 10:24:42.159000,420.0306374620708,12
2024-09-19 10:24:42.166000,420.04930209132925,995
2024-09-19 10:24:42.182000,419.9897943292946,1005
2024-09-19 10:24:42.184000,420.039634622111,101
2024-09-19 10:24:42.264000,419.9971110760921,998
2024-09-19 10:24:42.391000,420.0328129709685,98
2024-09-19 10:24:42.406000,420.0702740530271,95
2024-09-19 10:24:42.406000,420.0498238181095,103
2024-09-19 10:24:42.407000,420.0671415061007,7
2024-09-19 10:24:42.439000,420.0580192211911,104
2024-09-19 10:24:42.459000,420.0556182495176,995
2024-09-19 10:24:42.519000,420.0273170106266,997
2024-09-19 10:24:42.533000,420.0707126248962,97
2024-09-19 10:24:42.583000,420.0352944978488,995
2024-09-19 10:24:42.595000,420.034584693618,1005
2024-09-19 10:24:42.634000,419.9949954509115,105
2024-09-19 10:24:42.739000,420.0437750926332,1000
2024-09-19 10:24:42.749000,420.0562483496015,97
2024-09-19 10:24:42.829000,419.99815146895287,996
2024-09-19 10:24:42.836000,420.06845612860985,1005
2024-09-19 10:24:43.252000,420.03130707325926,103
2024-09-19 10:24:44.083000,420.076919883448,13
2024-09-19 10:24:44.138000,420.0369847231266,13
2024-09-19 10:24:44.139000,420.0486021128234,14
2024-09-19 10:24:44.178000,420.0618593739966,999
2024-09-19 10:24:44.263000,420.0488564746988,102
2024-09-19 10:24:44.323000,420.0773310436901,999
2024-09-19 10:24:44.433000,420.05698288635375,97
2024-09-19 10:24:44.993000,420.0870007426191,11
2024-09-19 10:24:45.012000,420.10514403488406,100
2024-09-19 10:24:45.036000,420.09508430059816,97
2024-09-19 10:24:45.155000,420.0706749282203,997
2024-09-19 10:24:45.392000,420.106894921907,104
2024-09-19 10:24:45.418000,420.071521324448,12
2024-09-19 10:24:45.419000,420.09317732803487,1003
2024-09-19 10:24:45.450000,420.0909614202565,103
2024-09-19 10:24:45.479000,420.09151014593806,105
2024-09-19 10:24:45.484000,420.1010748926968,11
2024-09-19 10:24:45.491000,420.074404124832,101
2024-09-19 10:24:45.496000,420.07203589869295,1000
2024-09-19 10:24:45.567000,420.08032897807686,96
2024-09-19 10:24:45.574000,420.0902969011405,105
2024-09-19 10:24:45.738000,420.1012976315564,15
2024-09-19 10:24:45.777000,420.0745936962421,5
2024-09-19 10:24:45.784000,420.05895829112734,1005
2024-09-19 10:24:45.793000,420.0864113106968,1001
2024-09-19 10:24:45.796000,420.0766335577356,104
2024-09-19 10:24:45.803000,420.0751578186859,1005
2024-09-19 10:24:45.833000,420.0776228293968,13
2024-09-19 10:24:45.865000,420.0959135752757,11
2024-09-19 10:24:45.872000,420.0556119739839,1003
2024-09-19 10:24:45.902000,420.0757581846212,997
2024-09-19 10:24:45.948000,420.08133470867296,101
2024-09-19 10:24:46.030000,420.0666301282228,99
2024-09-19 10:24:46.039000,420.0593172361599,1001
2024-09-19 10:24:46.042000,420.0629516377284,1001
2024-09-19 10:24:46.164000,420.067207102253,12
2024-09-19 10:24:46.181000,420.0340482545048,97
2024-09-19 10:24:46.181000,420.0080505693567,97
2024-09-19 10:24:46.286000,420.04462953379857,100
2024-09-19 10:24:46.297000,420.0700562642958,98
2024-09-19 10:24:46.330000,420.0281055134584,11
2024-09-19 10:24:46.331000,420.0123957429959,1004
2024-09-19 10:24:46.650000,420.1025632105005,101
2024-09-19 10:24:46.992000,420.0573627227726,12
2024-09-19 10:24:47.083000,420.0367790734237,10
2024-09-19 10:24:47.106000,420.0533151533161,10
2024-09-19 10:24:47.182000,420.0397104776281,96
2024-09-19 10:24:47.221000,420.08220142742886,95
2024-09-19 10:24:47.262000,420.06896516171537,6
2024-09-19 10:24:47.299000,420.0201964703539,1004
2024-09-19 10:24:47.360000,420.0036455172613,1005
2024-09-19 10:24:47.361000,420.0526231222918,995
2024-09-19 10:24:47.368000,420.0958091806338,97
2024-09-19 10:24:47.405000,420.0869101805882,995
2024-09-19 10:24:47.440000,420.0508072988093,1002
2024-09-19 10:24:47.491000,420.0866662720436,97
2024-09-19 10:24:47.505000,420.0167407039098,1002
2024-09-19 10:24:47.540000,420.08572784447233,1003
2024-09-19 10:24:47.603000,420.0605822516264,104
2024-09-19 10:24:47.668000,420.0203391190976,9
2024-09-19 10:24:47.709000,420.0698627553506,1003
2024-09-19 10:24:47.901000,420.0946527844832,997
2024-09-19 10:24:47.916000,420.0457371073812,999
2024-09-19 10:24:47.937000,420.0635818568418,104
2024-09-19 10:24:48.033000,420.1248557471546,100
2024-09-19 10:24:48.064000,420.1192439230555,1004
2024-09-19 10:24:48.083000,420.1018547747979,10
2024-09-19 10:24:48.100000,420.0985733551725,6
2024-09-19 10:24:48.122000,420.1093823795351,98
2024-09-19 10:24:48.147000,420.1682145622577,105
2024-09-19 10:24:48.193000,420.1785993799453,7
2024-09-19 10:24:48.212000,420.0955967148514,95
2024-09-19 10:24:48.244000,420.1028171768184,995
2024-09-19 10:24:48.301000,420.1769011964844,13
2024-09-19 10:24:48.452000,420.1108258583561,11
2024-09-19 10:24:48.489000,420.10765982341553,1005
2024-09-19 10:24:48.521000,420.1028005632923,995
2024-09-19 10:24:48.638000,420.163044329563,15
2024-09-19 10:24:48.810000,420.09848216967873,8
2024-09-19 10:24:48.818000,420.1676374806087,995
2024-09-19 10:24:48.828000,420.168905722404,9
2024-09-19 10:24:48.848000,420.11672042985896,995
2024-09-19 10:24:48.869000,420.1145677006944,6
2024-09-19 10:24:48.871000,420.1227404271661,101
2024-09-19 10:24:48.925000,420.12249164358,103
2024-09-19 10:24:48.959000,420.1467034023034,8
2024-09-19 10:24:48.965000,420.19030419092985,1003
2024-09-19 10:24:48.983000,420.10713008713657,100
2024-09-19 10:24:49.031000,420.1758847817137,1001
2024-09-19 10:24:49.069000,420.1742742913448,96
2024-09-19 10:24:49.070000,420.1704676886432,1003
2024-09-19 10:24:49.125000,420.18124474185777,96
2024-09-19 10:24:49.253000,420.17233292360976,11
2024-09-19 10:24:49.360000,420.1704943831985,6
2024-09-19 10:24:49.381000,420.1896652700526,103
2024-09-19 10:24:49.411000,420.1789591832133,104
2024-09-19 10:24:49.534000,420.1868667640152,996
2024-09-19 10:24:49.633000,420.18700646604975,101
2024-09-19 10:24:49.649000,420.1799735762733,9
2024-09-19 10:24:49.664000,420.1818352310752,101
2024-09-19 10:24:49.672000,420.1773249017536,105
2024-09-19 10:24:49.769000,420.19353253072296,999
2024-09-19 10:24:49.830000,420.1787466925161,998
2024-09-19 10:24:49.840000,420.1800891297643,1005
2024-09-19 10:24:49.844000,420.1673328413895,1000
2024-09-19 10:24:49.891000,420.15362357707,104
2024-09-19 10:24:49.930000,420.1793083748873,998
2024-09-19 10:24:49.937000,420.1700130117428,15
2024-09-19 10:24:49.949000,420.1574116627229,996
2024-09-19 10:24:49.951000,420.1886334857132,8
2024-09-19 10:24:49.973000,420.1696329940954,998
2024-09-19 10:24:49.995000,420.2131954705868,997
2024-09-19 10:24:50.205000,420.1929191381832,7
2024-09-19 10:24:50.233000,420.217389360017,102
2024-09-19 10:24:50.237000,420.2277076118136,96
2024-09-19 10:24:50.255000,420.2164756975847,102
2024-09-19 10:24:50.255000,420.16789111630015,11
2024-09-19 10:24:50.282000,420.2127518332016,104
2024-09-19 10:24:50.446000,420.1983802072008,102
2024-09-19 10:24:50.480000,420.2017081449996,996
2024-09-19 10:24:50.489000,420.19184618081295,1005
2024-09-19 10:24:50.645000,420.1794400477094,14
2024-09-19 10:24:50.651000,420.1957835277087,9
2024-09-19 10:24:50.779000,420.1790291347723,997
2024-09-19 10:24:50.803000,420.19838403841607,1000
2024-09-19 10:24:50.835000,420.2178831225707,101
2024-09-19 10:24:50.863000,420.195714839801,14
2024-09-19 10:24:50.920000,420.18512035561184,998
2024-09-19 10:24:50.921000,420.1879441455852,105
2024-09-19 10:24:50.980000,420.2000168643797,98
2024-09-19 10:24:50.981000,420.20952868398194,13
2024-09-19 10:24:50.987000,420.2183205051824,98
2024-09-19 10:24:51,420.1843449920933,10
2024-09-19 10:24:51.029000,420.14630734932064,998
2024-09-19 10:24:51.235000,420.1511526824292,998
2024-09-19 10:24:51.296000,420.1540944855333,104
2024-09-19 10:24:51.511000,420.142817187464,999
2024-09-19 10:24:51.558000,420.1595704480621,100
2024-09-19 10:24:51.625000,420.1742390752659,7
2024-09-19 10:24:51.863000,420.1528807096314,1005
2024-09-19 10:24:51.864000,420.1587568654202,105
2024-09-19 10:24:51.941000,420.1520000287889,996
2024-09-19 10:24:52.119000,420.1726493535783,99
2024-09-19 10:24:53.162000,420.07109646410026,103
2024-09-19 10:24:53.489000,420.1519699512866,6
2024-09-19 10:24:53.539000,420.0884804349091,105
2024-09-19 10:24:53.635000,420.12027628014187,7
2024-09-19 10:24:53.665000,420.1541872139961,12
2024-09-19 10:24:53.693000,420.1479633575687,98
2024-09-19 10:24:53.724000,420.1592582442805,999
2024-09-19 10:24:53.785000,420.1271799707913,995
2024-09-19 10:24:55.121000,420.04649580829454,100
2024-09-19 10:24:55.170000,420.0640887907594,12
2024-09-19 10:24:55.418000,420.0496999505317,6
2024-09-19 10:24:55.607000,420.0635178457599,10
2024-09-19 10:24:55.849000,420.0705062786788,97
2024-09-19 10:24:56.118000,419.9258433276797,998
2024-09-19 10:24:56.120000,420.0200769500377,998
2024-09-19 10:24:56.135000,419.9338223621487,8
2024-09-19 10:24:56.229000,419.95999502371166,997
2024-09-19 10:24:56.231000,419.9931329068536,95
2024-09-19 10:24:56.259000,419.9221626956124,1002
2024-09-19 10:24:56.264000,419.99750604812834,100
2024-09-19 10:24:56.366000,419.9321394970125,995
2024-09-19 10:24:56.381000,419.9310841112396,996
2024-09-19 10:24:56.407000,420.0471850962033,99
2024-09-19 10:24:56.441000,419.9192942937152,997
2024-09-19 10:24:56.493000,420.0021159135055,1003
2024-09-19 10:24:56.546000,419.9345034552471,1005
2024-09-19 10:24:56.569000,419.9530926045724,15
2024-09-19 10:24:56.601000,419.9253940498981,996
2024-09-19 10:24:56.678000,419.9791884903275,15
2024-09-19 10:24:56.721000,419.9301224239091,96
2024-09-19 10:24:56.737000,419.9207062402852,7
2024-09-19 10:24:56.739000,419.9772312951061,104
2024-09-19 10:24:56.748000,419.9319424438974,101
2024-09-19 10:24:56.749000,419.90851794598206,8
2024-09-19 10:24:56.777000,420.0002051395651,1005
2024-09-19 10:24:56.781000,420.0161119624793,5
2024-09-19 10:24:56.832000,419.90463658392383,995
2024-09-19 10:24:56.838000,419.9449432431699,1000
2024-09-19 10:24:56.884000,420.0022504951961,15
2024-09-19 10:24:56.892000,419.9137854714008,102
2024-09-19 10:24:56.918000,419.9188631627548,996
2024-09-19 10:24:56.977000,419.9442732200836,1001
2024-09-19 10:24:57.098000,419.9160843621516,9
2024-09-19 10:24:57.115000,419.8243898584252,100
2024-09-19 10:24:57.260000,419.8437850836117,6
2024-09-19 10:24:57.260000,419.8392452795322,11
2024-09-19 10:24:57.276000,419.8510002098138,99
2024-09-19 10:24:57.334000,419.8405236984456,6
2024-09-19 10:24:57.347000,419.8457479637525,95
2024-09-19 10:24:57.349000,419.8872606536658,101
2024-09-19 10:24:57.436000,419.88053026148975,8
2024-09-19 10:24:57.494000,419.8603525215032,101
2024-09-19 10:24:57.509000,419.859979933257,999
2024-09-19 10:24:57.527000,419.8302992442249,102
2024-09-19 10:24:57.628000,419.8830449595976,12
2024-09-19 10:24:57.687000,419.8471116578113,999
2024-09-19 10:24:57.697000,419.8575481720808,1004
2024-09-19 10:24:57.760000,419.84273658141694,13
2024-09-19 10:24:57.821000,419.8339500800285,1003
2024-09-19 10:24:57.847000,419.8519763685385,10
2024-09-19 10:24:57.857000,419.8964109268907,95
2024-09-19 10:24:57.873000,419.9114220500664,103
2024-09-19 10:24:57.900000,419.8736514108069,102
2024-09-19 10:24:57.901000,419.8770271100552,8
2024-09-19 10:24:58.458000,419.8760604530096,12
2024-09-19 10:24:59.097000,419.8621573274766,999
2024-09-19 10:24:59.261000,419.8634915472368,1002
