Timestamp,Price,Size
2024-09-16 12:23:00.510000,416.6273528266301,95
2024-09-16 12:23:00.657000,416.6234777969336,103
2024-09-16 12:23:01.063000,416.5670640763855,104
2024-09-16 12:23:01.071000,416.6488099952105,13
2024-09-16 12:23:01.140000,416.5849940158899,997
2024-09-16 12:23:01.274000,416.6332447482123,997
2024-09-16 12:23:01.299000,416.63879842345546,1001
2024-09-16 12:23:01.302000,416.6295300027391,7
2024-09-16 12:23:01.315000,416.6346611549001,97
2024-09-16 12:23:01.343000,416.62172104824367,95
2024-09-16 12:23:01.405000,416.644854210861,8
2024-09-16 12:23:01.425000,416.6093872828084,1005
2024-09-16 12:23:01.460000,416.61210635230606,997
2024-09-16 12:23:01.466000,416.6324552106962,99
2024-09-16 12:23:01.608000,416.6287205086112,10
2024-09-16 12:23:01.733000,416.6369083899227,999
2024-09-16 12:23:01.871000,416.5708333118751,98
2024-09-16 12:23:01.888000,416.6254882455326,102
2024-09-16 12:23:01.902000,416.6626068588924,7
2024-09-16 12:23:01.905000,416.6354502503367,1003
2024-09-16 12:23:01.915000,416.6518104804816,1001
2024-09-16 12:23:01.973000,416.5587179738544,998
2024-09-16 12:23:01.998000,416.6310696244531,1002
2024-09-16 12:23:02.054000,416.5646034995201,998
2024-09-16 12:23:02.072000,416.6219443802688,1004
2024-09-16 12:23:02.122000,416.6173810486756,95
2024-09-16 12:23:02.155000,416.6219420197576,95
2024-09-16 12:23:02.191000,416.6333471501411,996
2024-09-16 12:23:02.208000,416.611224207978,103
2024-09-16 12:23:02.222000,416.6134156025978,996
2024-09-16 12:23:02.241000,416.607171915969,11
2024-09-16 12:23:02.254000,416.61867598471946,104
2024-09-16 12:23:02.280000,416.6274343463441,103
2024-09-16 12:23:02.307000,416.57866547896265,13
2024-09-16 12:23:02.320000,416.6068160269942,105
2024-09-16 12:23:02.381000,416.64399047264703,15
2024-09-16 12:23:02.416000,416.5965051635022,1005
2024-09-16 12:23:02.442000,416.58361064084215,8
2024-09-16 12:23:02.468000,416.610977582493,96
2024-09-16 12:23:02.535000,416.5827631962169,1003
2024-09-16 12:23:02.614000,416.5755799305917,9
2024-09-16 12:23:02.642000,416.631301738618,15
2024-09-16 12:23:02.750000,416.5753734460862,97
2024-09-16 12:23:02.755000,416.5986820042895,98
2024-09-16 12:23:02.765000,416.6161797754367,98
2024-09-16 12:23:02.768000,416.61093177063634,1002
2024-09-16 12:23:02.784000,416.5825024906088,100
2024-09-16 12:23:02.874000,416.6281377905171,103
2024-09-16 12:23:02.972000,416.60328138476143,1001
2024-09-16 12:23:02.975000,416.6455281146426,100
2024-09-16 12:23:03.081000,416.6119796528412,13
2024-09-16 12:23:03.133000,416.59496810453663,8
2024-09-16 12:23:03.216000,416.6118394932513,999
2024-09-16 12:23:03.319000,416.6141352508984,101
2024-09-16 12:23:03.345000,416.6006053665562,6
2024-09-16 12:23:03.697000,416.6122586388023,9
2024-09-16 12:23:03.929000,416.6023340138172,995
2024-09-16 12:23:04.213000,416.65942107949536,996
2024-09-16 12:23:04.474000,416.6416914502532,101
2024-09-16 12:23:04.475000,416.6187019193807,99
2024-09-16 12:23:05.019000,416.6306389631945,1004
2024-09-16 12:23:05.023000,416.63892468940605,1002
2024-09-16 12:23:05.042000,416.6403897087687,97
2024-09-16 12:23:05.104000,416.6538241410154,12
2024-09-16 12:23:05.108000,416.6082362370391,15
2024-09-16 12:23:05.144000,416.6241461253224,1005
2024-09-16 12:23:05.167000,416.64666265624027,15
2024-09-16 12:23:05.235000,416.6430640249127,1000
2024-09-16 12:23:05.295000,416.6304085967983,104
2024-09-16 12:23:05.369000,416.6438643123664,1004
2024-09-16 12:23:05.387000,416.6290471442959,1005
2024-09-16 12:23:05.408000,416.63790285690686,5
2024-09-16 12:23:05.728000,416.60913005977966,1002
2024-09-16 12:23:05.734000,416.65564416493646,14
2024-09-16 12:23:05.774000,416.6443784023695,105
2024-09-16 12:23:05.778000,416.6415008240716,996
2024-09-16 12:23:05.858000,416.6417792642834,1000
2024-09-16 12:23:05.876000,416.6385240624329,103
2024-09-16 12:23:06.004000,416.5874997095566,97
2024-09-16 12:23:06.033000,416.6236873031374,1001
2024-09-16 12:23:06.042000,416.6070932665653,996
2024-09-16 12:23:06.140000,416.6215444992121,1005
2024-09-16 12:23:06.275000,416.5801170992239,11
2024-09-16 12:23:06.362000,416.6014523519392,14
2024-09-16 12:23:06.430000,416.6078348855832,995
2024-09-16 12:23:06.490000,416.64215729213447,1002
2024-09-16 12:23:06.518000,416.6123410426145,14
2024-09-16 12:23:06.529000,416.6458936822172,15
2024-09-16 12:23:06.551000,416.6146186520604,97
2024-09-16 12:23:06.589000,416.618472030353,996
2024-09-16 12:23:06.661000,416.634808843484,1003
2024-09-16 12:23:06.673000,416.5855301755596,97
2024-09-16 12:23:06.677000,416.61333410513816,15
2024-09-16 12:23:06.764000,416.6309176186375,999
2024-09-16 12:23:06.771000,416.6288959272736,12
2024-09-16 12:23:06.839000,416.6112272789871,102
2024-09-16 12:23:06.870000,416.6159037686099,995
2024-09-16 12:23:06.885000,416.61711706443737,102
2024-09-16 12:23:06.964000,416.63425755722506,996
2024-09-16 12:23:06.978000,416.6304048929857,997
2024-09-16 12:23:07.056000,416.5491623154063,11
2024-09-16 12:23:07.058000,416.5869138285004,999
2024-09-16 12:23:07.101000,416.5141934797206,98
2024-09-16 12:23:07.123000,416.4991018596967,10
2024-09-16 12:23:07.340000,416.4792150716461,14
2024-09-16 12:23:07.540000,416.4767880151625,10
2024-09-16 12:23:07.581000,416.5760358425489,99
2024-09-16 12:23:07.729000,416.50249835902895,105
2024-09-16 12:23:07.751000,416.5119673486844,105
2024-09-16 12:23:07.781000,416.5255258239599,8
2024-09-16 12:23:07.881000,416.5356157201695,7
2024-09-16 12:23:07.925000,416.5620332671197,6
2024-09-16 12:23:07.958000,416.549428892461,101
2024-09-16 12:23:08.093000,416.4368596648021,15
2024-09-16 12:23:08.178000,416.4578980956037,95
2024-09-16 12:23:08.612000,416.4535916447456,104
2024-09-16 12:23:08.998000,416.44835135532776,8
2024-09-16 12:23:09.133000,416.4474462169025,99
2024-09-16 12:23:09.161000,416.4285648853122,1005
2024-09-16 12:23:09.466000,416.4235986031724,11
2024-09-16 12:23:09.478000,416.448443558295,101
2024-09-16 12:23:09.505000,416.44133918725055,99
2024-09-16 12:23:09.584000,416.42592966477,1001
2024-09-16 12:23:09.593000,416.39404409486826,1004
2024-09-16 12:23:09.602000,416.4605890132275,102
2024-09-16 12:23:09.632000,416.4288698666432,1003
2024-09-16 12:23:09.658000,416.4641185277322,1002
2024-09-16 12:23:09.857000,416.4120756384412,999
2024-09-16 12:23:09.889000,416.4343371783947,96
2024-09-16 12:23:09.925000,416.4496687776685,101
2024-09-16 12:23:09.933000,416.40269750844914,998
2024-09-16 12:23:09.944000,416.4777547449115,101
2024-09-16 12:23:09.988000,416.4723466971713,997
2024-09-16 12:23:10.039000,416.4706586518852,8
2024-09-16 12:23:10.199000,416.4491165867518,995
2024-09-16 12:23:10.262000,416.4425737187646,8
2024-09-16 12:23:10.383000,416.46798716670486,95
2024-09-16 12:23:10.496000,416.4506323274063,97
2024-09-16 12:23:10.516000,416.44591996659307,996
2024-09-16 12:23:10.789000,416.4438302530966,5
2024-09-16 12:23:10.922000,416.42965573623934,103
2024-09-16 12:23:10.981000,416.454748274057,95
2024-09-16 12:23:11.091000,416.4627386194754,995
2024-09-16 12:23:11.155000,416.46907422939455,5
2024-09-16 12:23:11.188000,416.4616879800197,15
2024-09-16 12:23:11.197000,416.4753381572791,11
2024-09-16 12:23:11.256000,416.4738282656967,996
2024-09-16 12:23:11.346000,416.4944273720293,12
2024-09-16 12:23:11.373000,416.48248475472,95
2024-09-16 12:23:11.395000,416.46134688147305,15
2024-09-16 12:23:11.400000,416.46752620217126,1003
2024-09-16 12:23:11.479000,416.4692055136466,1001
2024-09-16 12:23:11.524000,416.48335215376926,1000
2024-09-16 12:23:11.624000,416.46768691558265,13
2024-09-16 12:23:11.663000,416.4635406999045,12
2024-09-16 12:23:11.695000,416.4791927940142,1005
2024-09-16 12:23:11.711000,416.4622128377282,1001
2024-09-16 12:23:11.791000,416.4480522967,6
2024-09-16 12:23:11.800000,416.47332939010784,105
2024-09-16 12:23:11.904000,416.4833683542549,997
2024-09-16 12:23:11.925000,416.4608403112545,10
2024-09-16 12:23:11.939000,416.4835864701309,999
2024-09-16 12:23:11.946000,416.45500229988215,103
2024-09-16 12:23:11.985000,416.45922565482414,5
2024-09-16 12:23:12.010000,416.4495921902325,101
2024-09-16 12:23:12.041000,416.4335715399645,996
2024-09-16 12:23:12.079000,416.4426592894399,13
2024-09-16 12:23:12.109000,416.4596496092795,5
2024-09-16 12:23:12.190000,416.4396624206138,100
2024-09-16 12:23:12.307000,416.3910218744019,14
2024-09-16 12:23:12.321000,416.4675974455924,1005
2024-09-16 12:23:12.340000,416.3993744250697,10
2024-09-16 12:23:12.379000,416.3972111408245,997
2024-09-16 12:23:12.390000,416.38374246701807,103
2024-09-16 12:23:12.444000,416.4165305844708,997
2024-09-16 12:23:12.539000,416.4376933585503,13
2024-09-16 12:23:12.571000,416.4590403755167,996
2024-09-16 12:23:12.667000,416.3851153394809,101
2024-09-16 12:23:12.758000,416.39263143199264,99
2024-09-16 12:23:12.798000,416.42917780558247,12
2024-09-16 12:23:12.840000,416.4499614425911,8
2024-09-16 12:23:12.861000,416.45126365914416,96
2024-09-16 12:23:13.123000,416.4022995561462,999
2024-09-16 12:23:13.177000,416.3877305835403,103
2024-09-16 12:23:13.208000,416.3995876256756,103
2024-09-16 12:23:13.422000,416.41499066817175,104
2024-09-16 12:23:13.519000,416.3973790974247,999
2024-09-16 12:23:13.557000,416.3894754556503,996
2024-09-16 12:23:13.680000,416.3831017177308,98
2024-09-16 12:23:13.703000,416.3782666484362,100
2024-09-16 12:23:13.709000,416.4098395688705,9
2024-09-16 12:23:13.805000,416.38673388555264,12
2024-09-16 12:23:13.995000,416.3700523954191,101
2024-09-16 12:23:14.024000,416.4743788837488,9
2024-09-16 12:23:14.030000,416.4396009108661,6
2024-09-16 12:23:14.163000,416.4652050867063,5
2024-09-16 12:23:14.231000,416.4532628357738,15
2024-09-16 12:23:14.259000,416.4698283139751,101
2024-09-16 12:23:14.367000,416.4345032576599,104
2024-09-16 12:23:14.415000,416.4726690776503,99
2024-09-16 12:23:14.523000,416.47029269536586,105
2024-09-16 12:23:14.552000,416.4569020237311,15
2024-09-16 12:23:14.594000,416.4415116344456,1002
2024-09-16 12:23:14.639000,416.4602343846573,10
2024-09-16 12:23:14.642000,416.4823170869486,7
2024-09-16 12:23:14.645000,416.4527588137872,7
2024-09-16 12:23:14.816000,416.4492044021936,104
2024-09-16 12:23:14.854000,416.421915144436,1004
2024-09-16 12:23:14.912000,416.46032683629113,105
2024-09-16 12:23:14.994000,416.429540792356,998
2024-09-16 12:23:15.135000,416.5443858619016,96
2024-09-16 12:23:15.151000,416.4733376358154,6
2024-09-16 12:23:15.160000,416.5473999658264,103
2024-09-16 12:23:15.246000,416.5315930130838,997
2024-09-16 12:23:15.323000,416.5107200934664,99
2024-09-16 12:23:15.345000,416.4521480754005,103
2024-09-16 12:23:15.369000,416.5377252498415,997
2024-09-16 12:23:15.423000,416.5518268419587,995
2024-09-16 12:23:15.441000,416.53824816342666,999
2024-09-16 12:23:15.504000,416.4141524065983,9
2024-09-16 12:23:15.682000,416.4229885940909,96
2024-09-16 12:23:15.813000,416.5393599551352,12
2024-09-16 12:23:15.845000,416.4545286300444,13
2024-09-16 12:23:15.914000,416.53520436777615,6
2024-09-16 12:23:15.946000,416.4848846061088,1002
2024-09-16 12:23:15.968000,416.4740712928507,12
2024-09-16 12:23:16.012000,416.5362897345306,11
2024-09-16 12:23:16.028000,416.5001099800406,999
2024-09-16 12:23:16.171000,416.5239568185045,8
2024-09-16 12:23:16.215000,416.523482629951,6
2024-09-16 12:23:16.253000,416.5250188085645,7
2024-09-16 12:23:16.256000,416.5153355957162,98
2024-09-16 12:23:16.257000,416.5137934159199,6
2024-09-16 12:23:16.276000,416.5460645836058,1002
2024-09-16 12:23:16.321000,416.5571430966004,101
2024-09-16 12:23:16.332000,416.5176477279925,15
2024-09-16 12:23:16.363000,416.5288277880378,996
2024-09-16 12:23:16.394000,416.5402045819615,15
2024-09-16 12:23:16.400000,416.5394640747704,6
2024-09-16 12:23:16.419000,416.5012711921753,11
2024-09-16 12:23:16.455000,416.5014205639728,99
2024-09-16 12:23:16.457000,416.508635243092,997
2024-09-16 12:23:16.470000,416.5317450407892,7
2024-09-16 12:23:16.495000,416.4970939565053,96
2024-09-16 12:23:16.687000,416.49923527497606,6
2024-09-16 12:23:16.689000,416.5033477175498,97
2024-09-16 12:23:16.701000,416.5428527388864,100
2024-09-16 12:23:16.702000,416.5012003643748,98
2024-09-16 12:23:16.706000,416.54069216217874,14
2024-09-16 12:23:16.839000,416.53090079686,5
2024-09-16 12:23:16.859000,416.4936104024706,104
2024-09-16 12:23:16.863000,416.524653661861,7
2024-09-16 12:23:16.865000,416.5282671451455,1003
2024-09-16 12:23:16.901000,416.5212032348792,101
2024-09-16 12:23:17.084000,416.5054383876363,998
2024-09-16 12:23:17.137000,416.4958334359527,104
2024-09-16 12:23:17.154000,416.4932162090831,102
2024-09-16 12:23:17.174000,416.47190275242826,11
2024-09-16 12:23:17.175000,416.4819110717972,15
2024-09-16 12:23:17.199000,416.4792299976331,996
2024-09-16 12:23:17.201000,416.5097451394722,101
2024-09-16 12:23:17.292000,416.5001682550503,998
2024-09-16 12:23:17.380000,416.5056008973604,7
2024-09-16 12:23:17.419000,416.4837058764627,10
2024-09-16 12:23:17.538000,416.4651742307324,95
2024-09-16 12:23:17.554000,416.4988235153249,15
2024-09-16 12:23:17.594000,416.4905987168912,995
2024-09-16 12:23:17.687000,416.46742408165335,14
2024-09-16 12:23:17.745000,416.49338761205127,1005
2024-09-16 12:23:17.837000,416.4892099412831,5
2024-09-16 12:23:17.841000,416.4914899768156,14
2024-09-16 12:23:17.864000,416.4986790092614,995
2024-09-16 12:23:17.900000,416.48987939558606,12
2024-09-16 12:23:17.905000,416.4716437234473,5
2024-09-16 12:23:17.948000,416.4940198757496,14
2024-09-16 12:23:17.993000,416.49317311401273,1002
2024-09-16 12:23:18.269000,416.5561302289546,12
2024-09-16 12:23:18.272000,416.5209725955069,104
2024-09-16 12:23:18.309000,416.5392103003711,1003
2024-09-16 12:23:18.313000,416.544229881371,102
2024-09-16 12:23:18.445000,416.5071201280956,10
2024-09-16 12:23:18.451000,416.5075230008605,13
2024-09-16 12:23:18.540000,416.5602388067396,104
2024-09-16 12:23:18.555000,416.4963444036696,98
2024-09-16 12:23:18.966000,416.5236341983307,9
2024-09-16 12:23:18.991000,416.5558948571952,7
2024-09-16 12:23:20.060000,416.53264148295534,1004
2024-09-16 12:23:20.077000,416.5373214307882,9
2024-09-16 12:23:20.103000,416.5295229772374,995
2024-09-16 12:23:20.124000,416.5425969300322,102
2024-09-16 12:23:20.176000,416.5243639905869,1003
2024-09-16 12:23:20.182000,416.55710305345,995
2024-09-16 12:23:20.281000,416.53283759726594,7
2024-09-16 12:23:20.331000,416.5235768960045,995
2024-09-16 12:23:20.351000,416.52841004412113,101
2024-09-16 12:23:20.472000,416.5445240068152,98
2024-09-16 12:23:20.643000,416.5274035600576,15
2024-09-16 12:23:20.650000,416.5272655541001,99
2024-09-16 12:23:20.734000,416.533546436053,8
2024-09-16 12:23:20.755000,416.55443334595776,6
2024-09-16 12:23:20.759000,416.5548207666004,96
2024-09-16 12:23:20.792000,416.5456734476284,9
2024-09-16 12:23:20.825000,416.5440621008492,1004
2024-09-16 12:23:20.862000,416.5339423798542,95
2024-09-16 12:23:20.866000,416.5755994722064,996
2024-09-16 12:23:20.897000,416.5346529962064,1001
2024-09-16 12:23:20.968000,416.5490222706696,11
2024-09-16 12:23:20.996000,416.5507712433056,97
2024-09-16 12:23:21.053000,416.55231644146215,1004
2024-09-16 12:23:21.199000,416.54645292037054,100
2024-09-16 12:23:21.242000,416.5695615109779,100
2024-09-16 12:23:21.243000,416.5547362427573,13
2024-09-16 12:23:21.336000,416.548473969504,11
2024-09-16 12:23:21.355000,416.5811727486863,99
2024-09-16 12:23:21.392000,416.561169112622,1004
2024-09-16 12:23:21.439000,416.5485768854825,1001
2024-09-16 12:23:21.476000,416.5432430967789,99
2024-09-16 12:23:21.512000,416.5837029606502,8
2024-09-16 12:23:21.584000,416.5304198986236,100
2024-09-16 12:23:21.722000,416.5600710388427,10
2024-09-16 12:23:21.782000,416.56964632478895,95
2024-09-16 12:23:21.817000,416.54938854653625,7
2024-09-16 12:23:21.894000,416.5721565794719,995
2024-09-16 12:23:21.907000,416.5467288364554,8
2024-09-16 12:23:23.043000,416.583965577737,5
2024-09-16 12:23:23.054000,416.6119057863101,996
2024-09-16 12:23:23.353000,416.5935209201949,999
2024-09-16 12:23:23.354000,416.5847461931798,996
2024-09-16 12:23:23.369000,416.6452882183573,13
2024-09-16 12:23:23.395000,416.5991260287749,999
2024-09-16 12:23:23.578000,416.59443208287513,102
2024-09-16 12:23:23.639000,416.60969870442256,5
2024-09-16 12:23:23.860000,416.6080880342459,9
2024-09-16 12:23:23.881000,416.6499433742465,103
2024-09-16 12:23:23.907000,416.62554013728,995
2024-09-16 12:23:23.923000,416.600289046938,103
2024-09-16 12:23:23.932000,416.6085021158676,15
2024-09-16 12:23:23.992000,416.62864268323744,996
2024-09-16 12:23:24.001000,416.5945090194343,9
2024-09-16 12:23:24.022000,416.5925912378152,13
2024-09-16 12:23:24.039000,416.6174473507658,8
2024-09-16 12:23:24.051000,416.574214635146,11
2024-09-16 12:23:24.099000,416.63358873778407,1000
2024-09-16 12:23:24.114000,416.6388634915476,96
2024-09-16 12:23:24.222000,416.65886622928167,1004
2024-09-16 12:23:24.231000,416.6587864830364,1002
2024-09-16 12:23:24.269000,416.6352461469989,1000
2024-09-16 12:23:24.282000,416.6110816724415,996
2024-09-16 12:23:24.316000,416.6439206784399,6
2024-09-16 12:23:24.365000,416.64137174528105,102
2024-09-16 12:23:24.403000,416.609922936676,1005
2024-09-16 12:23:24.425000,416.6307787176141,995
2024-09-16 12:23:24.491000,416.6546426264281,1003
2024-09-16 12:23:24.579000,416.6464747711358,1005
2024-09-16 12:23:24.610000,416.60064647206354,14
2024-09-16 12:23:24.650000,416.63730226295394,12
2024-09-16 12:23:24.683000,416.62000787572606,10
2024-09-16 12:23:24.693000,416.6510933252914,1002
2024-09-16 12:23:24.766000,416.6292639524879,7
2024-09-16 12:23:24.784000,416.6008361979718,103
2024-09-16 12:23:24.809000,416.60655817870617,10
2024-09-16 12:23:24.844000,416.6602219884103,8
2024-09-16 12:23:24.907000,416.62069651829086,998
2024-09-16 12:23:24.915000,416.6328530715632,995
2024-09-16 12:23:24.945000,416.6244231470162,999
2024-09-16 12:23:25.004000,416.5728692470208,97
2024-09-16 12:23:25.298000,416.5551021325406,102
2024-09-16 12:23:25.362000,416.56080260826,1001
2024-09-16 12:23:25.511000,416.5735085480303,98
2024-09-16 12:23:25.815000,416.5816020941487,105
2024-09-16 12:23:25.835000,416.57964458138,96
2024-09-16 12:23:25.885000,416.5639026740657,998
2024-09-16 12:23:25.903000,416.5628561362886,1004
2024-09-16 12:23:26.064000,416.618269069366,14
2024-09-16 12:23:26.242000,416.60376556839134,1002
2024-09-16 12:23:26.271000,416.5754660882115,999
2024-09-16 12:23:26.295000,416.5729157786358,999
2024-09-16 12:23:26.336000,416.60529312254266,997
2024-09-16 12:23:26.347000,416.6006051688061,998
2024-09-16 12:23:26.430000,416.5934082775552,1001
2024-09-16 12:23:26.573000,416.5911347464455,96
2024-09-16 12:23:26.638000,416.5768289122171,1003
2024-09-16 12:23:26.753000,416.62755520755593,997
2024-09-16 12:23:26.785000,416.5858975518303,5
2024-09-16 12:23:26.939000,416.597773942208,97
2024-09-16 12:23:27.008000,416.5952088393694,1002
2024-09-16 12:23:27.154000,416.5712414450466,1002
2024-09-16 12:23:27.175000,416.5745642529517,997
2024-09-16 12:23:27.176000,416.5644372198823,10
2024-09-16 12:23:27.197000,416.58539942238906,98
2024-09-16 12:23:27.273000,416.5949517583011,8
2024-09-16 12:23:27.300000,416.60365897998247,99
2024-09-16 12:23:27.329000,416.5812015248391,8
2024-09-16 12:23:27.358000,416.5961393835783,97
2024-09-16 12:23:27.409000,416.5916204171842,1004
2024-09-16 12:23:27.467000,416.5710602150234,14
2024-09-16 12:23:27.474000,416.5965415791322,99
2024-09-16 12:23:27.514000,416.55796044427217,997
2024-09-16 12:23:27.517000,416.5526831218995,98
2024-09-16 12:23:27.596000,416.59734038677857,997
2024-09-16 12:23:27.603000,416.58224606288667,5
2024-09-16 12:23:27.671000,416.5576671919043,999
2024-09-16 12:23:27.674000,416.5887155349947,7
2024-09-16 12:23:27.720000,416.5903344799018,6
2024-09-16 12:23:27.750000,416.5910770046381,1003
2024-09-16 12:23:27.758000,416.5602674289141,98
2024-09-16 12:23:27.771000,416.56302036749474,998
2024-09-16 12:23:27.800000,416.5979428587426,6
2024-09-16 12:23:27.843000,416.5688209018231,998
2024-09-16 12:23:27.853000,416.5500388117957,13
2024-09-16 12:23:27.951000,416.5533323165284,102
2024-09-16 12:23:28.002000,416.5542657857089,11
2024-09-16 12:23:28.005000,416.54377699531193,13
2024-09-16 12:23:28.112000,416.5272359285995,997
2024-09-16 12:23:28.145000,416.51460687647335,1003
2024-09-16 12:23:28.154000,416.5399434756822,10
2024-09-16 12:23:28.160000,416.5301552620723,7
2024-09-16 12:23:28.271000,416.5387238728153,101
2024-09-16 12:23:28.273000,416.5393380031323,7
2024-09-16 12:23:28.394000,416.5414012341639,97
2024-09-16 12:23:28.468000,416.5250103795199,8
2024-09-16 12:23:28.499000,416.5480722966013,1000
2024-09-16 12:23:28.548000,416.5292653029944,5
2024-09-16 12:23:28.622000,416.5215558224862,1001
2024-09-16 12:23:28.726000,416.561852602499,8
2024-09-16 12:23:28.750000,416.54561487558055,9
2024-09-16 12:23:28.754000,416.5281845415191,996
2024-09-16 12:23:28.786000,416.5266747361022,12
2024-09-16 12:23:28.804000,416.5584369751489,100
2024-09-16 12:23:28.821000,416.5424162685093,15
2024-09-16 12:23:28.834000,416.52732955824746,103
2024-09-16 12:23:28.933000,416.5150625113938,9
2024-09-16 12:23:29.014000,416.4845428435042,13
2024-09-16 12:23:29.035000,416.51257259542416,101
2024-09-16 12:23:29.100000,416.4903990788401,1003
2024-09-16 12:23:29.102000,416.5096115768199,996
2024-09-16 12:23:29.112000,416.49025601872336,1005
2024-09-16 12:23:29.179000,416.4935652451595,103
2024-09-16 12:23:29.187000,416.456610665347,998
2024-09-16 12:23:29.209000,416.5488596307136,15
2024-09-16 12:23:29.259000,416.4574553974504,1000
2024-09-16 12:23:29.323000,416.49335865397023,100
2024-09-16 12:23:29.378000,416.5087815008261,6
2024-09-16 12:23:29.538000,416.50356581985,7
2024-09-16 12:23:29.539000,416.53561312799127,95
2024-09-16 12:23:29.553000,416.4875082103495,103
2024-09-16 12:23:29.592000,416.4893293075814,998
2024-09-16 12:23:29.596000,416.4960405478587,100
2024-09-16 12:23:29.618000,416.5623988709312,95
2024-09-16 12:23:29.691000,416.55442679088446,1001
2024-09-16 12:23:29.692000,416.4829653684728,6
2024-09-16 12:23:29.714000,416.5043424647974,1000
2024-09-16 12:23:29.726000,416.51122250074894,104
2024-09-16 12:23:29.808000,416.53838534829856,12
2024-09-16 12:23:29.913000,416.5009692214554,8
2024-09-16 12:23:29.917000,416.48321136844953,103
2024-09-16 12:23:29.933000,416.5009146958029,995
2024-09-16 12:23:29.937000,416.480293067933,100
2024-09-16 12:23:30.123000,416.5098696073681,97
2024-09-16 12:23:30.182000,416.4967305527358,997
2024-09-16 12:23:30.217000,416.5098744403115,105
2024-09-16 12:23:30.246000,416.4953205532039,100
2024-09-16 12:23:30.254000,416.4928111734322,998
2024-09-16 12:23:30.284000,416.484399650898,101
2024-09-16 12:23:30.315000,416.4985483099269,5
2024-09-16 12:23:30.320000,416.4769579040681,100
2024-09-16 12:23:30.323000,416.4558095812448,96
2024-09-16 12:23:30.323000,416.5055244918749,103
2024-09-16 12:23:30.387000,416.4843985612868,97
2024-09-16 12:23:30.426000,416.46866971764615,100
2024-09-16 12:23:30.445000,416.5027614111192,98
2024-09-16 12:23:30.450000,416.48726007929713,1002
2024-09-16 12:23:30.478000,416.48856379766073,15
2024-09-16 12:23:30.505000,416.51897086281525,95
2024-09-16 12:23:30.516000,416.4920907472196,7
2024-09-16 12:23:30.558000,416.4748945296306,1001
2024-09-16 12:23:30.561000,416.4996230406352,1001
2024-09-16 12:23:30.654000,416.4911466399272,95
2024-09-16 12:23:30.724000,416.4589090988961,5
2024-09-16 12:23:30.792000,416.4797751687934,998
2024-09-16 12:23:30.813000,416.48791205072206,105
2024-09-16 12:23:30.833000,416.5027579575245,998
2024-09-16 12:23:30.884000,416.4881771780139,105
2024-09-16 12:23:30.938000,416.5118644870871,104
2024-09-16 12:23:30.992000,416.4899638813097,1002
2024-09-16 12:23:31.593000,416.4230433203289,105
2024-09-16 12:23:31.913000,416.4356035872372,102
2024-09-16 12:23:32.039000,416.38750027695727,5
2024-09-16 12:23:32.043000,416.4443522861094,96
2024-09-16 12:23:32.137000,416.3997114367058,7
2024-09-16 12:23:32.154000,416.4330224467574,1004
2024-09-16 12:23:32.248000,416.37139929647,13
2024-09-16 12:23:32.317000,416.42499426370415,101
2024-09-16 12:23:32.317000,416.3844922115066,1001
2024-09-16 12:23:32.368000,416.4359564082647,8
2024-09-16 12:23:32.512000,416.42047955339257,101
2024-09-16 12:23:32.561000,416.4244905709231,9
2024-09-16 12:23:32.613000,416.4020301753975,1000
2024-09-16 12:23:32.647000,416.4400450803261,1001
2024-09-16 12:23:32.670000,416.4067872886369,8
2024-09-16 12:23:32.704000,416.3756714158265,999
2024-09-16 12:23:32.711000,416.3740423592069,15
2024-09-16 12:23:32.842000,416.3771573262662,1001
2024-09-16 12:23:32.900000,416.3908252956505,999
2024-09-16 12:23:32.907000,416.3920441034926,1005
2024-09-16 12:23:32.915000,416.466159804652,1002
2024-09-16 12:23:32.992000,416.4359457380822,15
2024-09-16 12:23:33.046000,416.44020899178014,104
2024-09-16 12:23:33.133000,416.4725148983908,8
2024-09-16 12:23:33.192000,416.5466209552191,100
2024-09-16 12:23:33.192000,416.451644895356,100
2024-09-16 12:23:33.213000,416.55813385463,12
2024-09-16 12:23:33.311000,416.52890182578767,995
2024-09-16 12:23:33.362000,416.4594936994852,12
2024-09-16 12:23:33.375000,416.5310871849672,104
2024-09-16 12:23:33.433000,416.50615693725234,999
2024-09-16 12:23:33.476000,416.4555661040651,105
2024-09-16 12:23:33.490000,416.4619180089172,997
2024-09-16 12:23:33.583000,416.447218330714,1003
2024-09-16 12:23:33.652000,416.5406772881509,14
2024-09-16 12:23:33.733000,416.5137759409925,995
2024-09-16 12:23:33.742000,416.54463911786473,1001
2024-09-16 12:23:33.774000,416.4613805154691,1000
2024-09-16 12:23:33.781000,416.4772840196167,5
2024-09-16 12:23:33.782000,416.5478092392133,100
2024-09-16 12:23:33.803000,416.4790493508713,96
2024-09-16 12:23:33.846000,416.4495268690685,97
2024-09-16 12:23:33.879000,416.5268770522907,99
2024-09-16 12:23:33.941000,416.4581465790412,995
2024-09-16 12:23:33.967000,416.4800214064,9
2024-09-16 12:23:33.980000,416.4758819089408,1005
2024-09-16 12:23:33.989000,416.4664193082048,104
2024-09-16 12:23:33.997000,416.4904635774408,15
2024-09-16 12:23:34.077000,416.4923268491163,1003
2024-09-16 12:23:34.222000,416.50688147135367,5
2024-09-16 12:23:34.387000,416.453785853707,8
2024-09-16 12:23:34.393000,416.4843738687088,996
2024-09-16 12:23:34.428000,416.56935717167954,102
2024-09-16 12:23:34.490000,416.5015143327786,1001
2024-09-16 12:23:34.560000,416.5663641997253,1002
2024-09-16 12:23:34.575000,416.5492397340667,6
2024-09-16 12:23:34.596000,416.4926325775337,98
2024-09-16 12:23:34.600000,416.4827453029944,7
2024-09-16 12:23:34.640000,416.5648808192472,101
2024-09-16 12:23:34.648000,416.4977911115451,15
2024-09-16 12:23:34.695000,416.4868576231268,6
2024-09-16 12:23:34.759000,416.5455110868941,5
2024-09-16 12:23:34.827000,416.50284031400713,104
2024-09-16 12:23:34.879000,416.5308473257289,1002
2024-09-16 12:23:34.991000,416.50241926944,10
2024-09-16 12:23:35.103000,416.4341294967502,100
2024-09-16 12:23:35.180000,416.43804894068336,10
2024-09-16 12:23:35.264000,416.4430934154953,999
2024-09-16 12:23:35.298000,416.4587176628625,12
2024-09-16 12:23:35.347000,416.4494479063167,13
2024-09-16 12:23:35.351000,416.4416542032819,104
2024-09-16 12:23:35.369000,416.4487282055785,98
2024-09-16 12:23:35.374000,416.49327718475433,999
2024-09-16 12:23:35.678000,416.4240780485873,1002
2024-09-16 12:23:35.781000,416.4326987878121,8
2024-09-16 12:23:35.831000,416.45223209176186,1001
2024-09-16 12:23:35.971000,416.46897778668347,1005
2024-09-16 12:23:36.128000,416.4758900786142,1003
2024-09-16 12:23:36.145000,416.4339586540372,7
2024-09-16 12:23:36.236000,416.4506780332165,12
2024-09-16 12:23:36.290000,416.49980940721616,10
2024-09-16 12:23:36.339000,416.4435401166149,10
2024-09-16 12:23:36.459000,416.5017946746039,9
2024-09-16 12:23:36.552000,416.4670225278945,15
2024-09-16 12:23:36.583000,416.5004756590504,13
2024-09-16 12:23:36.585000,416.4645808901343,12
2024-09-16 12:23:36.828000,416.4954168867653,995
2024-09-16 12:23:36.969000,416.47009700806194,98
2024-09-16 12:23:37.109000,416.5007407363538,6
2024-09-16 12:23:37.116000,416.5181031253224,9
2024-09-16 12:23:37.288000,416.494731444101,12
2024-09-16 12:23:37.289000,416.5129395788332,97
2024-09-16 12:23:37.409000,416.526014235558,5
2024-09-16 12:23:37.433000,416.523450776444,105
2024-09-16 12:23:37.452000,416.505844695679,1001
2024-09-16 12:23:37.511000,416.4903753591468,5
2024-09-16 12:23:37.525000,416.5172319757911,101
2024-09-16 12:23:37.573000,416.5024103006379,97
2024-09-16 12:23:37.663000,416.5075580201836,14
2024-09-16 12:23:37.753000,416.52715775418886,95
2024-09-16 12:23:37.754000,416.4966697272749,1003
2024-09-16 12:23:37.789000,416.5163422240628,1003
2024-09-16 12:23:37.817000,416.5070683511478,1002
2024-09-16 12:23:37.829000,416.5089580314023,10
2024-09-16 12:23:37.865000,416.5045391066129,996
2024-09-16 12:23:37.916000,416.5069530048176,103
2024-09-16 12:23:37.918000,416.51305792463165,11
2024-09-16 12:23:39.036000,416.5127072064364,102
2024-09-16 12:23:39.062000,416.5374663686271,997
2024-09-16 12:23:39.087000,416.509673872941,13
2024-09-16 12:23:39.100000,416.493218489676,103
2024-09-16 12:23:39.284000,416.51876005416216,1002
2024-09-16 12:23:39.394000,416.5454946875408,1005
2024-09-16 12:23:39.505000,416.5585396095849,15
2024-09-16 12:23:39.626000,416.49971592309606,105
2024-09-16 12:23:39.644000,416.5091717827013,98
2024-09-16 12:23:39.686000,416.51354555237776,6
2024-09-16 12:23:39.753000,416.5482170623096,1002
2024-09-16 12:23:39.792000,416.5099910154054,1000
2024-09-16 12:23:39.799000,416.4933084460168,999
2024-09-16 12:23:39.810000,416.5560955204946,104
2024-09-16 12:23:39.839000,416.5217631561566,9
2024-09-16 12:23:39.912000,416.4982429253336,14
2024-09-16 12:23:39.954000,416.4853233615308,999
2024-09-16 12:23:39.985000,416.4893587653513,5
2024-09-16 12:23:39.996000,416.47567335195055,1000
2024-09-16 12:23:40.136000,416.4533313537871,14
2024-09-16 12:23:40.172000,416.4672213688345,1004
2024-09-16 12:23:40.193000,416.4976365219364,998
2024-09-16 12:23:40.197000,416.46266102955127,99
2024-09-16 12:23:40.299000,416.50181145710815,105
2024-09-16 12:23:40.300000,416.494375120196,6
2024-09-16 12:23:40.318000,416.4614394245315,15
2024-09-16 12:23:40.431000,416.4987688006223,95
2024-09-16 12:23:40.576000,416.5129804167447,1002
2024-09-16 12:23:40.582000,416.4786218833325,13
2024-09-16 12:23:40.691000,416.4766422366429,104
2024-09-16 12:23:40.761000,416.4552915205691,1004
2024-09-16 12:23:40.870000,416.4500519958325,98
2024-09-16 12:23:40.918000,416.4843345828232,1002
2024-09-16 12:23:41.296000,416.5069777905808,7
2024-09-16 12:23:41.361000,416.51257058968224,7
2024-09-16 12:23:41.378000,416.5132645242777,103
2024-09-16 12:23:41.387000,416.496421757272,15
2024-09-16 12:23:41.395000,416.4594016462338,100
2024-09-16 12:23:41.398000,416.477819744052,1001
2024-09-16 12:23:41.423000,416.4692632718986,995
2024-09-16 12:23:41.537000,416.5122846867652,10
2024-09-16 12:23:41.762000,416.5188536089861,105
2024-09-16 12:23:41.838000,416.5085858509669,15
2024-09-16 12:23:41.860000,416.4756368617864,9
2024-09-16 12:23:41.917000,416.5075221914318,1003
2024-09-16 12:23:43.222000,416.50092594470254,101
2024-09-16 12:23:43.260000,416.5208870077973,102
2024-09-16 12:23:43.411000,416.5392515849657,995
2024-09-16 12:23:43.428000,416.54014194441606,15
2024-09-16 12:23:43.593000,416.5095726914455,997
2024-09-16 12:23:43.685000,416.5261387376568,995
2024-09-16 12:23:43.791000,416.5099291459507,101
2024-09-16 12:23:43.947000,416.5359200301708,9
2024-09-16 12:23:43.998000,416.51243726913657,1003
2024-09-16 12:23:44.003000,416.5430667479488,99
2024-09-16 12:23:44.024000,416.5473522696045,100
2024-09-16 12:23:44.108000,416.54749127713166,13
2024-09-16 12:23:44.161000,416.5103523207419,102
2024-09-16 12:23:44.487000,416.54378898400046,8
2024-09-16 12:23:44.530000,416.53582215274577,96
2024-09-16 12:23:44.544000,416.534774654089,997
2024-09-16 12:23:44.592000,416.5262451562761,101
2024-09-16 12:23:44.686000,416.50568872528544,95
2024-09-16 12:23:44.798000,416.5047712939965,104
2024-09-16 12:23:44.810000,416.54166913295336,14
2024-09-16 12:23:44.940000,416.4978445570271,14
2024-09-16 12:23:44.956000,416.5418482734463,10
2024-09-16 12:23:44.994000,416.49018860572943,8
2024-09-16 12:23:45.002000,416.49962114895294,101
2024-09-16 12:23:45.004000,416.4704061281742,15
2024-09-16 12:23:45.068000,416.456208233265,12
2024-09-16 12:23:45.096000,416.48965203552416,1002
2024-09-16 12:23:45.106000,416.4932573221113,96
2024-09-16 12:23:45.130000,416.493405333686,1002
2024-09-16 12:23:45.138000,416.5001472696248,6
2024-09-16 12:23:45.287000,416.45303931459847,9
2024-09-16 12:23:45.310000,416.4787259021844,14
2024-09-16 12:23:45.322000,416.4727712777333,1002
2024-09-16 12:23:45.344000,416.49931833973744,102
2024-09-16 12:23:45.470000,416.50306590195066,1002
2024-09-16 12:23:45.484000,416.4630573589501,13
2024-09-16 12:23:45.484000,416.47238203051575,102
2024-09-16 12:23:45.524000,416.46659751235336,100
2024-09-16 12:23:45.549000,416.45638846098194,10
2024-09-16 12:23:45.762000,416.5149939176356,995
2024-09-16 12:23:45.790000,416.4629099674094,1001
2024-09-16 12:23:45.814000,416.4917556961737,12
2024-09-16 12:23:45.835000,416.5081910257202,995
2024-09-16 12:23:45.856000,416.4755725035316,13
2024-09-16 12:23:45.858000,416.49626635556257,11
2024-09-16 12:23:45.862000,416.476945757709,1004
2024-09-16 12:23:45.904000,416.4589655589516,103
2024-09-16 12:23:45.915000,416.4780477502717,10
2024-09-16 12:23:45.957000,416.5072644510088,1000
2024-09-16 12:23:46.020000,416.47065945575787,999
2024-09-16 12:23:46.035000,416.4605258043792,8
2024-09-16 12:23:46.047000,416.4834604430649,9
2024-09-16 12:23:46.104000,416.40962931018464,998
2024-09-16 12:23:46.114000,416.37897673057074,1002
2024-09-16 12:23:46.116000,416.3410458115908,10
2024-09-16 12:23:46.119000,416.4221912350776,104
2024-09-16 12:23:46.123000,416.4751451049908,103
2024-09-16 12:23:46.126000,416.4474163188684,11
2024-09-16 12:23:46.137000,416.3247629506352,105
2024-09-16 12:23:46.176000,416.31377617995633,1002
2024-09-16 12:23:46.183000,416.3306351102276,95
2024-09-16 12:23:46.190000,416.4783697138689,997
2024-09-16 12:23:46.204000,416.3157674718521,12
2024-09-16 12:23:46.211000,416.4396631525117,997
2024-09-16 12:23:46.223000,416.4596489864516,5
2024-09-16 12:23:46.270000,416.3296239637125,1003
2024-09-16 12:23:46.282000,416.4384357757539,15
2024-09-16 12:23:46.303000,416.4364192276304,11
2024-09-16 12:23:46.407000,416.4389625110314,5
2024-09-16 12:23:46.438000,416.3362557139686,11
2024-09-16 12:23:46.523000,416.489719846724,96
2024-09-16 12:23:46.534000,416.48700021937526,7
2024-09-16 12:23:46.607000,416.47253721851774,13
2024-09-16 12:23:46.653000,416.3427865235748,999
2024-09-16 12:23:46.755000,416.4706217440637,997
2024-09-16 12:23:47.009000,416.3585707576244,1004
2024-09-16 12:23:47.087000,416.3095758622266,998
2024-09-16 12:23:47.189000,416.2823236923075,104
2024-09-16 12:23:47.193000,416.3031646234639,1002
2024-09-16 12:23:47.240000,416.34525510414807,9
2024-09-16 12:23:47.256000,416.33033564892366,14
2024-09-16 12:23:47.262000,416.2904477705275,996
2024-09-16 12:23:47.331000,416.3235342053737,100
2024-09-16 12:23:47.394000,416.3405116067769,95
2024-09-16 12:23:47.436000,416.3057421436113,1001
2024-09-16 12:23:47.482000,416.3372410990919,96
2024-09-16 12:23:47.526000,416.3379440587519,1004
2024-09-16 12:23:47.530000,416.3223345046464,998
2024-09-16 12:23:47.589000,416.3371566850448,7
2024-09-16 12:23:47.625000,416.318004860157,15
2024-09-16 12:23:47.674000,416.2867056109055,995
2024-09-16 12:23:47.679000,416.3515703328271,15
2024-09-16 12:23:47.681000,416.30003898259656,15
2024-09-16 12:23:47.719000,416.34281075219496,13
2024-09-16 12:23:47.731000,416.3136304866866,997
2024-09-16 12:23:47.752000,416.3067885422429,998
2024-09-16 12:23:47.773000,416.3445975612509,1002
2024-09-16 12:23:47.779000,416.2978044031715,97
2024-09-16 12:23:47.780000,416.3268880630048,98
2024-09-16 12:23:47.802000,416.3431154683879,105
2024-09-16 12:23:47.927000,416.28852419791457,997
2024-09-16 12:23:47.940000,416.3434641588956,101
2024-09-16 12:23:47.966000,416.3402171335924,11
2024-09-16 12:23:48.293000,416.4082107782464,6
2024-09-16 12:23:48.352000,416.4017293647347,999
2024-09-16 12:23:48.589000,416.3491968575402,996
2024-09-16 12:23:48.924000,416.40822960205344,14
2024-09-16 12:23:48.946000,416.4182901601632,1002
2024-09-16 12:23:48.958000,416.3672519890856,1002
2024-09-16 12:23:49.054000,416.44343213418654,6
2024-09-16 12:23:49.097000,416.4280916383796,98
2024-09-16 12:23:49.130000,416.4544119118994,100
2024-09-16 12:23:49.163000,416.4399826918627,9
2024-09-16 12:23:49.196000,416.4659202187552,15
2024-09-16 12:23:49.224000,416.4462447752023,10
2024-09-16 12:23:49.268000,416.457720021162,15
2024-09-16 12:23:49.270000,416.4456433059903,997
2024-09-16 12:23:49.286000,416.4543789625625,97
2024-09-16 12:23:49.312000,416.4030827502421,102
2024-09-16 12:23:49.367000,416.4048733412016,14
2024-09-16 12:23:49.480000,416.44090348850784,8
2024-09-16 12:23:49.501000,416.43828063984864,999
2024-09-16 12:23:49.517000,416.4530266512141,8
2024-09-16 12:23:49.547000,416.4779371869224,1001
2024-09-16 12:23:49.575000,416.42513684602267,1005
2024-09-16 12:23:49.633000,416.465404657622,105
2024-09-16 12:23:49.645000,416.4539375152764,97
2024-09-16 12:23:49.646000,416.4511199814245,14
2024-09-16 12:23:49.648000,416.4509228106707,95
2024-09-16 12:23:49.658000,416.4211869834816,98
2024-09-16 12:23:49.741000,416.4564507089058,104
2024-09-16 12:23:49.762000,416.4655404435946,99
2024-09-16 12:23:49.775000,416.4266803240341,997
2024-09-16 12:23:49.828000,416.4510465175203,15
2024-09-16 12:23:49.956000,416.4187973246639,14
2024-09-16 12:23:50.004000,416.4264032835536,998
2024-09-16 12:23:50.006000,416.3930143169737,996
2024-09-16 12:23:50.035000,416.4398695665259,14
2024-09-16 12:23:50.240000,416.4107046274054,1000
2024-09-16 12:23:50.292000,416.4253291573282,999
2024-09-16 12:23:50.308000,416.4257689508371,996
2024-09-16 12:23:50.345000,416.4301941130505,95
2024-09-16 12:23:50.404000,416.4204885281332,1002
2024-09-16 12:23:50.418000,416.4241677301462,5
2024-09-16 12:23:50.493000,416.4080947945482,11
2024-09-16 12:23:50.500000,416.4186982339958,1005
2024-09-16 12:23:50.519000,416.38510087599934,8
2024-09-16 12:23:50.562000,416.4304439587159,997
2024-09-16 12:23:50.675000,416.4250909442915,9
2024-09-16 12:23:50.797000,416.39115190420335,14
2024-09-16 12:23:50.805000,416.4059795899447,15
2024-09-16 12:23:50.812000,416.4214940446335,10
2024-09-16 12:23:50.856000,416.4040358016823,6
2024-09-16 12:23:50.965000,416.41463826273554,8
2024-09-16 12:23:50.971000,416.39656761906,101
2024-09-16 12:23:51.080000,416.4201072253514,101
2024-09-16 12:23:51.099000,416.39910636128826,98
2024-09-16 12:23:51.104000,416.4068672259297,100
2024-09-16 12:23:51.119000,416.40986727863896,1005
2024-09-16 12:23:51.207000,416.425983078925,1002
2024-09-16 12:23:51.331000,416.4039037562717,96
2024-09-16 12:23:51.407000,416.4285164319009,6
2024-09-16 12:23:51.421000,416.3748338886055,998
2024-09-16 12:23:51.588000,416.3979994339619,99
2024-09-16 12:23:51.596000,416.4054754748915,14
2024-09-16 12:23:51.716000,416.40998323477777,95
2024-09-16 12:23:51.753000,416.4082112048882,99
2024-09-16 12:23:51.762000,416.4079417724909,12
2024-09-16 12:23:51.804000,416.3997844943567,1004
2024-09-16 12:23:51.851000,416.3978511707349,98
2024-09-16 12:23:51.916000,416.38328842159854,103
2024-09-16 12:23:52.020000,416.4084530107365,5
2024-09-16 12:23:52.046000,416.4255418709476,14
2024-09-16 12:23:52.112000,416.4191651069582,5
2024-09-16 12:23:52.123000,416.4247065198745,9
2024-09-16 12:23:52.189000,416.42505037929936,8
2024-09-16 12:23:52.255000,416.4208059113717,9
2024-09-16 12:23:52.450000,416.426668822155,95
2024-09-16 12:23:52.480000,416.4038168355756,1000
2024-09-16 12:23:52.635000,416.4313315006541,5
2024-09-16 12:23:52.660000,416.4331347571846,15
2024-09-16 12:23:52.668000,416.41855892010847,100
2024-09-16 12:23:52.715000,416.4366345130064,999
2024-09-16 12:23:52.738000,416.411281946098,9
2024-09-16 12:23:52.837000,416.4163381473144,8
2024-09-16 12:23:52.900000,416.4201108175943,7
2024-09-16 12:23:53.012000,416.4540998232833,1002
2024-09-16 12:23:53.109000,416.4413125912838,1000
2024-09-16 12:23:53.141000,416.4745347279347,102
2024-09-16 12:23:53.206000,416.4779247564188,12
2024-09-16 12:23:53.247000,416.4493668060536,102
2024-09-16 12:23:53.551000,416.4432028005711,1004
2024-09-16 12:23:53.553000,416.4621253942099,999
2024-09-16 12:23:53.650000,416.4518209587964,10
2024-09-16 12:23:53.661000,416.46541106422814,96
2024-09-16 12:23:53.694000,416.462313047717,1001
2024-09-16 12:23:53.780000,416.4580381573368,96
2024-09-16 12:23:53.920000,416.4591141097364,99
2024-09-16 12:23:53.957000,416.466009430556,12
2024-09-16 12:23:54.018000,416.4465349768724,996
2024-09-16 12:23:54.128000,416.4655912736528,1000
2024-09-16 12:23:54.137000,416.4580195074829,1005
2024-09-16 12:23:54.268000,416.4631947282095,1000
2024-09-16 12:23:54.271000,416.46596828429534,999
2024-09-16 12:23:54.305000,416.5242507540352,95
2024-09-16 12:23:54.311000,416.5165446433503,1000
2024-09-16 12:23:54.379000,416.44850681240746,998
2024-09-16 12:23:54.466000,416.4665305431461,96
2024-09-16 12:23:54.502000,416.5099436849959,1004
2024-09-16 12:23:54.560000,416.5486390676948,995
2024-09-16 12:23:54.577000,416.4916901322655,10
2024-09-16 12:23:54.643000,416.469518099525,12
2024-09-16 12:23:54.684000,416.52527530775,1005
2024-09-16 12:23:54.700000,416.5405632524952,996
2024-09-16 12:23:54.712000,416.4640512156365,98
2024-09-16 12:23:54.715000,416.4365337464046,15
2024-09-16 12:23:54.726000,416.5460578289472,1003
2024-09-16 12:23:54.829000,416.4833043716434,6
2024-09-16 12:23:54.840000,416.4525681703114,101
2024-09-16 12:23:54.846000,416.476169291132,95
2024-09-16 12:23:54.924000,416.53480857165965,97
2024-09-16 12:23:54.934000,416.5658682364786,1003
2024-09-16 12:23:54.960000,416.5008873539282,105
2024-09-16 12:23:54.967000,416.4946169939387,6
2024-09-16 12:23:54.972000,416.4562829556618,95
2024-09-16 12:23:55.076000,416.5333159242387,100
2024-09-16 12:23:55.080000,416.6486383047792,997
2024-09-16 12:23:55.173000,416.660031136634,999
2024-09-16 12:23:55.175000,416.5804257024425,104
2024-09-16 12:23:55.262000,416.5793943292044,1000
2024-09-16 12:23:55.296000,416.5406420362211,1001
2024-09-16 12:23:55.387000,416.6748434401479,995
2024-09-16 12:23:55.426000,416.63685201737087,997
2024-09-16 12:23:55.447000,416.6632907125871,14
2024-09-16 12:23:55.506000,416.6193633509665,103
2024-09-16 12:23:55.528000,416.5304964590096,6
2024-09-16 12:23:55.556000,416.6611841954365,7
2024-09-16 12:23:55.558000,416.564476313775,14
2024-09-16 12:23:55.590000,416.5685188662675,1002
2024-09-16 12:23:55.590000,416.62693134740016,997
2024-09-16 12:23:55.628000,416.5767709866217,1005
2024-09-16 12:23:55.671000,416.5885316503951,9
2024-09-16 12:23:55.692000,416.58002608360135,12
2024-09-16 12:23:55.699000,416.6575289489952,1005
2024-09-16 12:23:55.748000,416.6123108431566,102
2024-09-16 12:23:55.814000,416.63757594290354,12
2024-09-16 12:23:55.830000,416.5519164393913,95
2024-09-16 12:23:55.848000,416.6425581390074,95
2024-09-16 12:23:55.903000,416.600321864243,997
2024-09-16 12:23:55.972000,416.59408456139386,101
2024-09-16 12:23:56.029000,416.692500734403,12
2024-09-16 12:23:56.062000,416.6737499169896,99
2024-09-16 12:23:56.062000,416.69778394236266,13
2024-09-16 12:23:56.116000,416.6634624066829,98
2024-09-16 12:23:56.191000,416.6578530947209,1002
2024-09-16 12:23:56.235000,416.6440795101217,98
2024-09-16 12:23:56.424000,416.6321296980264,100
2024-09-16 12:23:56.435000,416.6526168021895,15
2024-09-16 12:23:56.475000,416.692120469562,7
2024-09-16 12:23:56.590000,416.6383513301448,103
2024-09-16 12:23:56.597000,416.6593703276632,5
2024-09-16 12:23:56.653000,416.6754409511104,1000
2024-09-16 12:23:56.696000,416.7049540898078,5
2024-09-16 12:23:56.701000,416.65384556677975,14
2024-09-16 12:23:56.766000,416.6813930933278,102
2024-09-16 12:23:56.870000,416.652887945698,999
2024-09-16 12:23:57.027000,416.692453465773,1002
2024-09-16 12:23:57.050000,416.6885254296872,6
2024-09-16 12:23:57.091000,416.74210229012976,98
2024-09-16 12:23:57.108000,416.7320209106088,995
2024-09-16 12:23:57.123000,416.7513910945437,1002
2024-09-16 12:23:57.162000,416.735676634469,97
2024-09-16 12:23:57.201000,416.7597810288729,995
2024-09-16 12:23:57.207000,416.73671515348224,96
2024-09-16 12:23:57.220000,416.7075915219383,98
2024-09-16 12:23:57.227000,416.7403697711391,1001
2024-09-16 12:23:57.238000,416.7054960837093,103
2024-09-16 12:23:57.257000,416.6975349099607,1002
2024-09-16 12:23:57.260000,416.74663304169104,100
2024-09-16 12:23:57.414000,416.6873362578661,101
2024-09-16 12:23:57.493000,416.74060731129936,99
2024-09-16 12:23:57.584000,416.7052507234404,1001
2024-09-16 12:23:57.606000,416.74142678270647,5
2024-09-16 12:23:57.658000,416.7298100619165,6
2024-09-16 12:23:57.731000,416.7517426587979,10
2024-09-16 12:23:57.756000,416.688912679077,11
2024-09-16 12:23:57.841000,416.7391327330859,1002
2024-09-16 12:23:57.861000,416.7598461746129,11
2024-09-16 12:23:57.919000,416.7494469673608,9
2024-09-16 12:23:57.927000,416.7236622630363,996
2024-09-16 12:23:57.953000,416.69486494178113,995
2024-09-16 12:23:57.983000,416.7248016096525,995
2024-09-16 12:23:58.015000,416.7461769105826,8
2024-09-16 12:23:58.172000,416.7792035946804,100
2024-09-16 12:23:58.262000,416.76430530603454,5
2024-09-16 12:23:58.279000,416.7389596517249,98
2024-09-16 12:23:58.287000,416.7654308021969,1001
2024-09-16 12:23:58.448000,416.7368342420326,999
2024-09-16 12:23:59.020000,416.7778109573844,105
2024-09-16 12:23:59.098000,416.7529926062211,103
2024-09-16 12:23:59.158000,416.7341498987397,103
2024-09-16 12:23:59.205000,416.7901364545216,95
2024-09-16 12:23:59.236000,416.7809836466754,1004
2024-09-16 12:23:59.448000,416.7512986806756,999
2024-09-16 12:23:59.520000,416.77491909570057,10
2024-09-16 12:23:59.554000,416.74988944835087,6
2024-09-16 12:23:59.686000,416.7539284621029,97
2024-09-16 12:23:59.692000,416.7791400212869,15
2024-09-16 12:23:59.756000,416.7766717987532,11
2024-09-16 12:23:59.806000,416.7674913575258,1005
2024-09-16 12:23:59.834000,416.73019316732,103
2024-09-16 12:23:59.836000,416.7423064925417,104
2024-09-16 12:23:59.897000,416.783783598231,10
2024-09-16 12:23:59.976000,416.7354868291847,96
