Timestamp,Price,Size
2024-09-20 10:14:00.063000,424.1834767583161,1003
2024-09-20 10:14:00.076000,424.2015835951011,98
2024-09-20 10:14:00.079000,424.1987967660725,6
2024-09-20 10:14:00.100000,424.09431181593646,13
2024-09-20 10:14:00.149000,424.1003067091928,97
2024-09-20 10:14:00.150000,424.1185703041554,10
2024-09-20 10:14:00.190000,424.09371415243487,999
2024-09-20 10:14:00.222000,424.1568141905409,95
2024-09-20 10:14:00.242000,424.1883468799068,1000
2024-09-20 10:14:00.308000,424.0980745820256,97
2024-09-20 10:14:00.339000,424.18218238882577,995
2024-09-20 10:14:00.352000,424.1807758569688,99
2024-09-20 10:14:00.360000,424.185787653547,1000
2024-09-20 10:14:00.459000,424.2125371135916,998
2024-09-20 10:14:00.506000,424.0870741146627,1002
2024-09-20 10:14:00.522000,424.10470593014776,98
2024-09-20 10:14:00.591000,424.10152523926746,1002
2024-09-20 10:14:00.616000,424.09737534697945,1000
2024-09-20 10:14:00.658000,424.11248405522247,1001
2024-09-20 10:14:00.664000,424.1042289939418,998
2024-09-20 10:14:00.675000,424.1993182075778,100
2024-09-20 10:14:00.775000,424.1437095786466,1003
2024-09-20 10:14:00.830000,424.0971367603826,5
2024-09-20 10:14:00.866000,424.1007012710173,13
2024-09-20 10:14:00.892000,424.1078205993438,99
2024-09-20 10:14:00.966000,424.0914741468128,14
2024-09-20 10:14:01.028000,424.1876552516312,100
2024-09-20 10:14:01.040000,424.188089798444,998
2024-09-20 10:14:01.102000,424.1782119177651,95
2024-09-20 10:14:01.124000,424.1417702125341,10
2024-09-20 10:14:01.135000,424.1612567114954,100
2024-09-20 10:14:01.261000,424.18641519087134,100
2024-09-20 10:14:01.332000,424.20047698484507,102
2024-09-20 10:14:01.348000,424.1511405103837,99
2024-09-20 10:14:01.580000,424.1636131311293,7
2024-09-20 10:14:01.588000,424.1711596761272,12
2024-09-20 10:14:01.652000,424.1357170782311,97
2024-09-20 10:14:01.695000,424.1767507059032,15
2024-09-20 10:14:01.762000,424.1633231358077,1000
2024-09-20 10:14:01.881000,424.1819163675699,12
2024-09-20 10:14:01.974000,424.1871626363136,995
2024-09-20 10:14:02.007000,424.1418196811962,102
2024-09-20 10:14:02.061000,424.17883561615525,12
2024-09-20 10:14:02.062000,424.15371948441503,97
2024-09-20 10:14:02.125000,424.136961901411,104
2024-09-20 10:14:02.129000,424.18814065427046,15
2024-09-20 10:14:02.138000,424.1819916529513,997
2024-09-20 10:14:02.138000,424.1657145935961,97
2024-09-20 10:14:02.176000,424.1985308597609,12
2024-09-20 10:14:02.206000,424.1733064396297,5
2024-09-20 10:14:02.239000,424.1578227735637,95
2024-09-20 10:14:02.328000,424.1351319632123,105
2024-09-20 10:14:02.330000,424.19445460871407,1005
2024-09-20 10:14:02.420000,424.169536251138,995
2024-09-20 10:14:02.475000,424.19697124831777,996
2024-09-20 10:14:02.476000,424.1917640366439,995
2024-09-20 10:14:02.561000,424.137712342686,12
2024-09-20 10:14:02.564000,424.19213831380426,1002
2024-09-20 10:14:02.627000,424.1442187426981,6
2024-09-20 10:14:02.648000,424.16212852264766,96
2024-09-20 10:14:02.655000,424.17504201963993,15
2024-09-20 10:14:02.690000,424.174926910984,105
2024-09-20 10:14:02.734000,424.1543714320659,1004
2024-09-20 10:14:02.826000,424.1628250678053,97
2024-09-20 10:14:02.840000,424.14091987700834,103
2024-09-20 10:14:03.189000,424.1908973789456,1005
2024-09-20 10:14:03.237000,424.198107928279,102
2024-09-20 10:14:03.643000,424.195344883045,6
2024-09-20 10:14:03.739000,424.1839481357788,8
2024-09-20 10:14:03.871000,424.1752560641484,8
2024-09-20 10:14:05.190000,424.2179606401392,9
2024-09-20 10:14:05.255000,424.1950001951865,9
2024-09-20 10:14:05.263000,424.1868528494773,101
2024-09-20 10:14:05.288000,424.1976911718998,998
2024-09-20 10:14:05.372000,424.1974657377672,9
2024-09-20 10:14:05.443000,424.217940199669,8
2024-09-20 10:14:05.526000,424.1908810012511,995
2024-09-20 10:14:05.543000,424.1881376677301,14
2024-09-20 10:14:05.543000,424.2056350235122,101
2024-09-20 10:14:05.647000,424.1968888841686,96
2024-09-20 10:14:05.698000,424.1943054161483,9
2024-09-20 10:14:05.961000,424.18906354179217,11
2024-09-20 10:14:06.085000,424.2534024325366,998
2024-09-20 10:14:06.498000,424.2289945905063,13
2024-09-20 10:14:06.653000,424.24665143656034,1004
2024-09-20 10:14:06.707000,424.2639615761874,99
2024-09-20 10:14:06.811000,424.2605627947163,6
2024-09-20 10:14:07.288000,424.23969224467874,98
2024-09-20 10:14:07.462000,424.2422982139343,1002
2024-09-20 10:14:07.739000,424.23839068098806,10
2024-09-20 10:14:07.960000,424.23623113664473,999
2024-09-20 10:14:07.966000,424.2503565967056,102
2024-09-20 10:14:08.069000,424.20528780491065,996
2024-09-20 10:14:08.168000,424.18382201679145,5
2024-09-20 10:14:08.381000,424.1746770886639,99
2024-09-20 10:14:08.814000,424.1901555617626,1001
2024-09-20 10:14:08.919000,424.1809354558104,100
2024-09-20 10:14:09.017000,424.1430456674903,8
2024-09-20 10:14:09.109000,424.19755062574905,104
2024-09-20 10:14:09.337000,424.2227728457133,14
2024-09-20 10:14:09.432000,424.1702163873884,103
2024-09-20 10:14:09.579000,424.188632501314,101
2024-09-20 10:14:09.630000,424.2210907000357,1003
2024-09-20 10:14:09.766000,424.1911121435645,12
2024-09-20 10:14:09.819000,424.144990754231,1001
2024-09-20 10:14:09.919000,424.1384931859813,95
2024-09-20 10:14:09.955000,424.1700452465293,1001
2024-09-20 10:14:10.207000,424.2129931377663,103
2024-09-20 10:14:10.262000,424.1957538405353,11
2024-09-20 10:14:10.270000,424.20341365796895,8
2024-09-20 10:14:10.309000,424.2179122558609,998
2024-09-20 10:14:10.410000,424.23688505441686,1005
2024-09-20 10:14:10.798000,424.19285932040896,104
2024-09-20 10:14:10.800000,424.221914513726,1003
2024-09-20 10:14:10.920000,424.2013674935901,10
2024-09-20 10:14:11.121000,424.2245979014226,15
2024-09-20 10:14:11.128000,424.2379087859294,1005
2024-09-20 10:14:11.140000,424.1129013288737,99
2024-09-20 10:14:11.187000,424.15989459255456,11
2024-09-20 10:14:11.252000,424.2415338982843,1004
2024-09-20 10:14:11.427000,424.1782978738855,1002
2024-09-20 10:14:11.543000,424.15901792619513,1001
2024-09-20 10:14:11.585000,424.1045550994626,15
2024-09-20 10:14:11.603000,424.1303447742919,7
2024-09-20 10:14:11.614000,424.2395881961541,9
2024-09-20 10:14:11.655000,424.0808649370708,99
2024-09-20 10:14:11.697000,424.1779512646422,6
2024-09-20 10:14:11.767000,424.083647792704,7
2024-09-20 10:14:11.860000,424.1667517232849,97
2024-09-20 10:14:11.874000,424.0882046799923,100
2024-09-20 10:14:11.893000,424.2374103965055,6
2024-09-20 10:14:11.930000,424.1482926534586,9
2024-09-20 10:14:11.958000,424.1958441549729,103
2024-09-20 10:14:12.049000,424.1623554352668,14
2024-09-20 10:14:12.057000,424.1632511867096,98
2024-09-20 10:14:12.080000,424.1073821037094,104
2024-09-20 10:14:12.134000,424.17105244210296,105
2024-09-20 10:14:12.224000,424.1731008921366,995
2024-09-20 10:14:12.240000,424.1326356481776,97
2024-09-20 10:14:12.247000,424.1844001356906,14
2024-09-20 10:14:12.287000,424.156618197683,99
2024-09-20 10:14:12.293000,424.1272918504246,104
2024-09-20 10:14:12.328000,424.140039069291,104
2024-09-20 10:14:12.349000,424.1564192932027,14
2024-09-20 10:14:12.358000,424.1802675323886,15
2024-09-20 10:14:12.360000,424.1694392131594,996
2024-09-20 10:14:12.403000,424.1024043539575,1003
2024-09-20 10:14:12.493000,424.1438205293057,97
2024-09-20 10:14:12.579000,424.1841686038911,102
2024-09-20 10:14:12.580000,424.172368300308,7
2024-09-20 10:14:12.595000,424.1690462578927,1005
2024-09-20 10:14:12.597000,424.1652944777732,995
2024-09-20 10:14:12.681000,424.1781711139735,6
2024-09-20 10:14:12.717000,424.18095765437766,1005
2024-09-20 10:14:12.788000,424.1083983826053,7
2024-09-20 10:14:12.791000,424.1721845301215,100
2024-09-20 10:14:12.793000,424.1193879303927,12
2024-09-20 10:14:12.903000,424.1686519535836,5
2024-09-20 10:14:12.906000,424.1671759409327,96
2024-09-20 10:14:13.063000,424.1003027983164,7
2024-09-20 10:14:13.106000,424.1054505929115,104
2024-09-20 10:14:13.363000,424.10754499971375,7
2024-09-20 10:14:13.816000,424.1118380731495,101
2024-09-20 10:14:13.845000,424.119249474038,12
2024-09-20 10:14:13.943000,424.0972614383006,997
2024-09-20 10:14:14.015000,424.0551829972099,104
2024-09-20 10:14:14.096000,424.0742759305092,1002
2024-09-20 10:14:14.127000,424.0577542193346,998
2024-09-20 10:14:14.133000,424.03728259105833,98
2024-09-20 10:14:14.169000,424.0510227714046,100
2024-09-20 10:14:14.216000,424.1462704990517,1005
2024-09-20 10:14:14.235000,424.07085915077255,96
2024-09-20 10:14:14.283000,424.0629783687204,6
2024-09-20 10:14:14.393000,424.0549808538447,98
2024-09-20 10:14:14.404000,424.0672089761393,9
2024-09-20 10:14:14.527000,424.03759246556206,995
2024-09-20 10:14:14.590000,424.0687877934688,101
2024-09-20 10:14:14.649000,424.0750476394284,104
2024-09-20 10:14:14.671000,424.1468047096381,7
2024-09-20 10:14:14.726000,424.06593364432297,999
2024-09-20 10:14:14.779000,424.13947666290585,1001
2024-09-20 10:14:14.795000,424.0922477646125,999
2024-09-20 10:14:14.811000,424.13384765163374,1003
2024-09-20 10:14:14.812000,424.0653641938129,11
2024-09-20 10:14:14.816000,424.0691574424536,1002
2024-09-20 10:14:14.822000,424.0724486214543,13
2024-09-20 10:14:14.832000,424.1277223181596,15
2024-09-20 10:14:14.877000,424.1071657529568,104
2024-09-20 10:14:14.909000,424.082297755231,105
2024-09-20 10:14:15.038000,424.0267401326126,1002
2024-09-20 10:14:15.063000,424.0406195002098,14
2024-09-20 10:14:16.082000,424.066464262738,997
2024-09-20 10:14:16.097000,424.0051668558272,6
2024-09-20 10:14:16.130000,423.9977995059797,998
2024-09-20 10:14:16.197000,424.0544741458186,1005
2024-09-20 10:14:16.245000,424.0003915145716,99
2024-09-20 10:14:16.275000,424.0028660298048,14
2024-09-20 10:14:16.326000,423.96646434004094,5
2024-09-20 10:14:16.351000,423.9950834675433,1003
2024-09-20 10:14:16.361000,424.0527880813295,104
2024-09-20 10:14:16.378000,424.0552600025413,100
2024-09-20 10:14:16.420000,424.0070473579655,1005
2024-09-20 10:14:16.482000,424.00381158654193,14
2024-09-20 10:14:16.533000,424.0098590412785,6
2024-09-20 10:14:16.559000,423.9416688398876,997
2024-09-20 10:14:16.585000,423.9469689063893,103
2024-09-20 10:14:16.604000,424.0390864547685,996
2024-09-20 10:14:16.739000,423.9854082969133,1002
2024-09-20 10:14:16.796000,423.9760565806517,97
2024-09-20 10:14:16.856000,423.9871114308505,97
2024-09-20 10:14:16.950000,424.0396160133288,99
2024-09-20 10:14:16.958000,423.9540637578883,14
2024-09-20 10:14:16.980000,423.976724478656,96
2024-09-20 10:14:17.108000,423.9255496275802,7
2024-09-20 10:14:17.162000,423.9273460403094,998
2024-09-20 10:14:17.165000,423.9042688979093,1002
2024-09-20 10:14:17.189000,423.9555011348178,996
2024-09-20 10:14:17.275000,423.9699668155196,101
2024-09-20 10:14:17.385000,423.9667047220882,102
2024-09-20 10:14:17.573000,423.90534226681024,104
2024-09-20 10:14:17.604000,423.9398500689864,998
2024-09-20 10:14:17.607000,423.9375532896857,15
2024-09-20 10:14:17.711000,423.929917027157,14
2024-09-20 10:14:17.786000,423.8930870428152,1000
2024-09-20 10:14:17.881000,423.93240571173567,995
2024-09-20 10:14:17.894000,423.91507862837966,1003
2024-09-20 10:14:17.905000,423.9134160508132,97
2024-09-20 10:14:18.107000,423.8917365112294,15
2024-09-20 10:14:19.047000,423.7840964701493,104
2024-09-20 10:14:19.063000,423.85353924516426,1001
2024-09-20 10:14:19.100000,423.884662081383,999
2024-09-20 10:14:19.130000,423.8463316681536,9
2024-09-20 10:14:19.219000,423.8023829895578,11
2024-09-20 10:14:19.266000,423.8726657682801,14
2024-09-20 10:14:19.341000,423.8549199605326,14
2024-09-20 10:14:19.364000,423.8817421976089,996
2024-09-20 10:14:19.398000,423.8720787865242,14
2024-09-20 10:14:19.425000,423.8421478775322,95
2024-09-20 10:14:19.499000,423.8010216165085,9
2024-09-20 10:14:19.503000,423.8859608550707,10
2024-09-20 10:14:19.509000,423.7356733491128,95
2024-09-20 10:14:19.558000,423.8351270461377,1003
2024-09-20 10:14:19.572000,423.84033953797706,11
2024-09-20 10:14:19.599000,423.8756737021501,7
2024-09-20 10:14:19.606000,423.8483773157186,100
2024-09-20 10:14:19.612000,423.8661985509373,996
2024-09-20 10:14:19.657000,423.88084259888666,997
2024-09-20 10:14:19.677000,423.8814552801398,1002
2024-09-20 10:14:19.700000,423.8621381413436,15
2024-09-20 10:14:19.705000,423.8800829739607,1004
2024-09-20 10:14:19.715000,423.8144831463252,998
2024-09-20 10:14:19.731000,423.8392332306802,97
2024-09-20 10:14:19.754000,423.8300515332977,103
2024-09-20 10:14:19.757000,423.8785508684175,97
2024-09-20 10:14:19.888000,423.86299096410704,1000
2024-09-20 10:14:19.890000,423.8197748382782,1000
2024-09-20 10:14:19.897000,423.86436733677846,10
2024-09-20 10:14:19.931000,423.8333180446845,96
2024-09-20 10:14:20.031000,423.7605098065659,98
2024-09-20 10:14:20.161000,423.71481440138297,12
2024-09-20 10:14:20.230000,423.73776178201086,105
2024-09-20 10:14:20.251000,423.7611261579683,996
2024-09-20 10:14:20.276000,423.7768749416502,101
2024-09-20 10:14:20.356000,423.7514008447001,11
2024-09-20 10:14:20.364000,423.72173624668994,998
2024-09-20 10:14:20.479000,423.7915597250744,1003
2024-09-20 10:14:20.497000,423.7518144801318,999
2024-09-20 10:14:20.518000,423.8059599860154,98
2024-09-20 10:14:20.643000,423.7247418522407,1002
2024-09-20 10:14:20.689000,423.79143292941103,6
2024-09-20 10:14:20.814000,423.7902669874607,11
2024-09-20 10:14:20.817000,423.8107403616589,996
2024-09-20 10:14:20.825000,423.8057770086296,11
2024-09-20 10:14:20.885000,423.7687390488304,105
2024-09-20 10:14:20.888000,423.7224487606283,15
2024-09-20 10:14:21.009000,423.7987207224633,1003
2024-09-20 10:14:21.060000,423.7865610159112,13
2024-09-20 10:14:21.074000,423.7618265669509,104
2024-09-20 10:14:21.121000,423.78530592592034,97
2024-09-20 10:14:21.232000,423.7858815191086,98
2024-09-20 10:14:21.376000,423.7597263654302,1001
2024-09-20 10:14:21.394000,423.78102849513687,10
2024-09-20 10:14:21.470000,423.7317693117875,9
2024-09-20 10:14:21.496000,423.74254644610426,5
2024-09-20 10:14:21.551000,423.7894687625037,102
2024-09-20 10:14:21.601000,423.7632898097507,100
2024-09-20 10:14:21.610000,423.7476915786309,11
2024-09-20 10:14:21.638000,423.7579855911189,7
2024-09-20 10:14:21.734000,423.7530432268677,996
2024-09-20 10:14:21.771000,423.7554515980021,6
2024-09-20 10:14:21.831000,423.7678897095242,8
2024-09-20 10:14:21.901000,423.7630932262622,8
2024-09-20 10:14:21.911000,423.74252531577525,8
2024-09-20 10:14:21.946000,423.7579307771493,7
2024-09-20 10:14:21.985000,423.7548985219134,997
2024-09-20 10:14:23.021000,423.6849441747072,997
2024-09-20 10:14:23.027000,423.6760210410354,9
2024-09-20 10:14:23.090000,423.65934333951657,5
2024-09-20 10:14:23.152000,423.6652082905823,7
2024-09-20 10:14:23.164000,423.6996000549564,5
2024-09-20 10:14:23.241000,423.6828698479898,6
2024-09-20 10:14:23.254000,423.68247704951966,10
2024-09-20 10:14:23.303000,423.7059844041782,11
2024-09-20 10:14:23.320000,423.65009045447977,5
2024-09-20 10:14:23.403000,423.6561829937912,102
2024-09-20 10:14:23.405000,423.7149852568082,1000
2024-09-20 10:14:23.421000,423.6858480122101,101
2024-09-20 10:14:23.443000,423.6920782746881,98
2024-09-20 10:14:23.446000,423.6814832597039,8
2024-09-20 10:14:23.459000,423.7024639066332,997
2024-09-20 10:14:23.460000,423.7025696626149,98
2024-09-20 10:14:23.478000,423.6551361093013,97
2024-09-20 10:14:23.490000,423.6695496305266,14
2024-09-20 10:14:23.620000,423.6945206368416,99
2024-09-20 10:14:23.665000,423.6718971093362,996
2024-09-20 10:14:23.675000,423.6701456234061,10
2024-09-20 10:14:23.805000,423.7318054224565,1004
2024-09-20 10:14:23.812000,423.6728627284564,14
2024-09-20 10:14:23.812000,423.74771058585793,97
2024-09-20 10:14:23.816000,423.6735663345695,7
2024-09-20 10:14:23.851000,423.6504544234616,8
2024-09-20 10:14:23.865000,423.705067478589,1005
2024-09-20 10:14:23.941000,423.6927587619756,97
2024-09-20 10:14:23.966000,423.75634982983706,99
2024-09-20 10:14:23.991000,423.7669958028812,999
2024-09-20 10:14:25.038000,423.6853387959582,5
2024-09-20 10:14:25.049000,423.70473189171406,996
2024-09-20 10:14:25.067000,423.7082167710108,97
2024-09-20 10:14:25.070000,423.67221598035593,9
2024-09-20 10:14:25.075000,423.6936622994077,98
2024-09-20 10:14:25.135000,423.6858223660125,12
2024-09-20 10:14:25.167000,423.7085565471039,104
2024-09-20 10:14:25.188000,423.68396820396873,998
2024-09-20 10:14:25.202000,423.6875318209858,5
2024-09-20 10:14:25.208000,423.68120069299664,1005
2024-09-20 10:14:25.249000,423.6988337693284,11
2024-09-20 10:14:25.269000,423.6989268288917,96
2024-09-20 10:14:25.272000,423.6947194275954,105
2024-09-20 10:14:25.303000,423.6917234847229,996
2024-09-20 10:14:25.322000,423.6925312424389,104
2024-09-20 10:14:25.330000,423.69871966786127,96
2024-09-20 10:14:25.343000,423.6974549197119,1005
2024-09-20 10:14:25.446000,423.68378250505833,1000
2024-09-20 10:14:25.496000,423.6936256419745,997
2024-09-20 10:14:25.501000,423.7121505144737,7
2024-09-20 10:14:25.640000,423.6798646083504,8
2024-09-20 10:14:25.737000,423.7112063866637,12
2024-09-20 10:14:25.742000,423.717760751776,1002
2024-09-20 10:14:25.817000,423.6883510125649,1003
2024-09-20 10:14:25.839000,423.6800919438032,96
2024-09-20 10:14:25.863000,423.6728066836109,9
2024-09-20 10:14:25.933000,423.6671325062665,8
2024-09-20 10:14:25.939000,423.7103127323535,1001
2024-09-20 10:14:25.942000,423.6795309793145,1000
2024-09-20 10:14:26.005000,423.7594309591014,7
2024-09-20 10:14:26.034000,423.7208416667101,1003
2024-09-20 10:14:26.112000,423.72534211137713,95
2024-09-20 10:14:26.486000,423.7794071256948,14
2024-09-20 10:14:26.530000,423.7446419353603,1000
2024-09-20 10:14:26.693000,423.73011104878094,1001
2024-09-20 10:14:26.732000,423.7279014344723,1001
2024-09-20 10:14:26.771000,423.6968228185916,95
2024-09-20 10:14:26.857000,423.7675857782244,101
2024-09-20 10:14:26.880000,423.76057501472434,96
2024-09-20 10:14:27.221000,423.7861278709465,12
2024-09-20 10:14:27.434000,423.771959542424,998
2024-09-20 10:14:28.013000,423.7943426956765,104
2024-09-20 10:14:28.044000,423.749673850305,996
2024-09-20 10:14:28.082000,423.7403362355073,1002
2024-09-20 10:14:28.101000,423.7762059102644,9
2024-09-20 10:14:28.144000,423.75781991334975,10
2024-09-20 10:14:28.193000,423.73800660958767,99
2024-09-20 10:14:28.214000,423.7547158333139,996
2024-09-20 10:14:28.296000,423.7494759096772,997
2024-09-20 10:14:28.334000,423.74842656480814,997
2024-09-20 10:14:28.396000,423.7668058969745,100
2024-09-20 10:14:28.457000,423.7702797713776,996
2024-09-20 10:14:28.561000,423.7704699399092,98
2024-09-20 10:14:28.582000,423.78056393962623,103
2024-09-20 10:14:28.641000,423.7748698254265,995
2024-09-20 10:14:28.661000,423.74548031452326,1003
2024-09-20 10:14:28.669000,423.7677951042986,96
2024-09-20 10:14:28.680000,423.7718649677888,995
2024-09-20 10:14:28.695000,423.7566969366811,99
2024-09-20 10:14:28.939000,423.7930956054864,996
2024-09-20 10:14:28.953000,423.7409415378436,96
2024-09-20 10:14:29.059000,423.7890813739623,14
2024-09-20 10:14:29.076000,423.7837668322081,9
2024-09-20 10:14:29.110000,423.8109308188672,1000
2024-09-20 10:14:29.238000,423.79792749816056,101
2024-09-20 10:14:29.376000,423.7883362982479,1002
2024-09-20 10:14:29.389000,423.7877168898859,1000
2024-09-20 10:14:29.504000,423.7957381373959,96
2024-09-20 10:14:29.664000,423.8031643703915,5
2024-09-20 10:14:29.885000,423.7924583823958,997
2024-09-20 10:14:30.045000,423.81204826260665,9
2024-09-20 10:14:30.103000,423.75745869960735,997
2024-09-20 10:14:30.264000,423.7160418805979,7
2024-09-20 10:14:30.273000,423.757652886276,13
2024-09-20 10:14:30.597000,423.72141737070257,998
2024-09-20 10:14:30.649000,423.7278900127613,100
2024-09-20 10:14:30.899000,423.8315220540981,1004
2024-09-20 10:14:30.906000,423.8043310134886,12
2024-09-20 10:14:30.913000,423.8094449749137,7
2024-09-20 10:14:30.947000,423.8107517102073,1005
2024-09-20 10:14:30.959000,423.7597437246458,1003
2024-09-20 10:14:31.156000,423.7393061160755,105
2024-09-20 10:14:31.204000,423.7190440877809,1005
2024-09-20 10:14:31.653000,423.7317982559182,1002
2024-09-20 10:14:31.697000,423.7413891950913,1000
2024-09-20 10:14:31.863000,423.7350148692635,15
2024-09-20 10:14:32.010000,423.6961417934272,14
2024-09-20 10:14:32.017000,423.7073027851937,105
2024-09-20 10:14:32.173000,423.7229152856429,1004
2024-09-20 10:14:32.229000,423.72347435771,102
2024-09-20 10:14:32.234000,423.714173935154,1002
2024-09-20 10:14:32.294000,423.73837965732525,998
2024-09-20 10:14:32.388000,423.7143413880623,999
2024-09-20 10:14:32.421000,423.7188815064216,1005
2024-09-20 10:14:32.571000,423.73433912053633,95
2024-09-20 10:14:32.620000,423.7187390403938,12
2024-09-20 10:14:32.650000,423.7213920574552,1005
2024-09-20 10:14:32.687000,423.7059751573679,99
2024-09-20 10:14:32.766000,423.7062413519996,996
2024-09-20 10:14:32.817000,423.7203627753749,995
2024-09-20 10:14:32.857000,423.7043284462156,102
2024-09-20 10:14:32.866000,423.7140249049852,102
2024-09-20 10:14:32.870000,423.71238947208406,1000
2024-09-20 10:14:32.899000,423.7022568844348,95
2024-09-20 10:14:32.932000,423.705298830915,13
2024-09-20 10:14:32.965000,423.71630654198367,999
2024-09-20 10:14:32.984000,423.74239204318064,5
2024-09-20 10:14:33.281000,423.76847888660456,1002
2024-09-20 10:14:33.491000,423.75575798974864,11
2024-09-20 10:14:33.525000,423.7975332050003,105
2024-09-20 10:14:33.550000,423.7804641015168,6
2024-09-20 10:14:33.769000,423.7738912674246,1004
2024-09-20 10:14:33.956000,423.7665601462,9
2024-09-20 10:14:34.069000,423.7094645539105,99
2024-09-20 10:14:34.114000,423.7055825474689,8
2024-09-20 10:14:34.252000,423.7103470286261,996
2024-09-20 10:14:34.280000,423.8063348981261,997
2024-09-20 10:14:34.305000,423.722986713691,6
2024-09-20 10:14:34.326000,423.7425736926921,1004
2024-09-20 10:14:34.345000,423.73489503463605,105
2024-09-20 10:14:34.412000,423.7312605829195,15
2024-09-20 10:14:34.470000,423.7309897300037,10
2024-09-20 10:14:34.690000,423.72083346465394,7
2024-09-20 10:14:34.704000,423.74849397288347,15
2024-09-20 10:14:34.800000,423.7332597644353,999
2024-09-20 10:14:34.810000,423.7184216931179,997
2024-09-20 10:14:34.860000,423.7076767552625,14
2024-09-20 10:14:34.910000,423.7578756622084,996
2024-09-20 10:14:35.086000,423.7644885839619,12
2024-09-20 10:14:35.121000,423.73084512700615,9
2024-09-20 10:14:35.138000,423.74867235489234,5
2024-09-20 10:14:35.282000,423.7432361882119,1003
2024-09-20 10:14:35.355000,423.7426121044104,6
2024-09-20 10:14:35.400000,423.7369745921701,1005
2024-09-20 10:14:35.401000,423.7576948870689,998
2024-09-20 10:14:35.519000,423.73830590223264,1005
2024-09-20 10:14:35.541000,423.7606416206892,11
2024-09-20 10:14:35.555000,423.7538283934994,97
2024-09-20 10:14:35.659000,423.7837078582827,7
2024-09-20 10:14:35.714000,423.7459173562894,13
2024-09-20 10:14:35.765000,423.75929502577264,10
2024-09-20 10:14:35.774000,423.7474615506748,99
2024-09-20 10:14:35.812000,423.7374377827399,102
2024-09-20 10:14:35.947000,423.7666022335436,8
2024-09-20 10:14:36.467000,423.7580134451757,999
2024-09-20 10:14:36.577000,423.7664573590225,12
2024-09-20 10:14:36.638000,423.77045671020056,1005
2024-09-20 10:14:39.014000,423.7585571573607,97
2024-09-20 10:14:39.015000,423.7357848725816,15
2024-09-20 10:14:39.021000,423.7469287227905,100
2024-09-20 10:14:39.032000,423.7424942931616,14
2024-09-20 10:14:39.054000,423.7996958489269,999
2024-09-20 10:14:39.070000,423.7959894373614,6
2024-09-20 10:14:39.112000,423.7430503057957,105
2024-09-20 10:14:39.118000,423.7095002921753,8
2024-09-20 10:14:39.187000,423.7922980919717,5
2024-09-20 10:14:39.206000,423.7370389090415,13
2024-09-20 10:14:39.250000,423.79720424542927,996
2024-09-20 10:14:39.266000,423.77337585196057,7
2024-09-20 10:14:39.344000,423.7964951223994,98
2024-09-20 10:14:39.345000,423.7538451800309,995
2024-09-20 10:14:39.362000,423.7896169184148,101
2024-09-20 10:14:39.370000,423.7773849970042,7
2024-09-20 10:14:39.390000,423.7742877622349,996
2024-09-20 10:14:39.493000,423.79278679966006,996
2024-09-20 10:14:39.526000,423.8030738185871,10
2024-09-20 10:14:39.600000,423.7803733225336,103
2024-09-20 10:14:39.694000,423.7388711423828,99
2024-09-20 10:14:39.702000,423.7784712046951,104
2024-09-20 10:14:39.770000,423.7714674352092,101
2024-09-20 10:14:39.785000,423.7743056792064,13
2024-09-20 10:14:39.851000,423.7682386713668,11
2024-09-20 10:14:39.858000,423.77854038976,8
2024-09-20 10:14:39.895000,423.789456924941,1000
2024-09-20 10:14:39.913000,423.75737201751485,104
2024-09-20 10:14:40.055000,423.7962153419716,996
2024-09-20 10:14:40.069000,423.8337895469499,1005
2024-09-20 10:14:40.078000,423.7711001197154,10
2024-09-20 10:14:40.105000,423.8000022950874,101
2024-09-20 10:14:40.108000,423.8673768570052,12
2024-09-20 10:14:40.112000,423.85653836534095,104
2024-09-20 10:14:40.144000,423.7832057525339,5
2024-09-20 10:14:40.144000,423.8169600159769,15
2024-09-20 10:14:40.271000,423.7920993865588,998
2024-09-20 10:14:40.298000,423.8051790965605,13
2024-09-20 10:14:40.420000,423.8553611028104,10
2024-09-20 10:14:40.493000,423.7542453275706,13
2024-09-20 10:14:40.495000,423.76640567060633,96
2024-09-20 10:14:40.518000,423.8437474133705,1001
2024-09-20 10:14:40.525000,423.8599999216121,101
2024-09-20 10:14:40.549000,423.7976596813312,103
2024-09-20 10:14:40.605000,423.8447160769638,12
2024-09-20 10:14:40.673000,423.7589170482633,96
2024-09-20 10:14:40.690000,423.7754550350365,1005
2024-09-20 10:14:40.744000,423.79535996452137,14
2024-09-20 10:14:40.755000,423.7861085564049,14
2024-09-20 10:14:40.814000,423.74999779076535,12
2024-09-20 10:14:40.820000,423.832049018169,14
2024-09-20 10:14:40.856000,423.83809483761183,1003
2024-09-20 10:14:40.912000,423.7661714325116,10
2024-09-20 10:14:41.133000,423.8222022647648,6
2024-09-20 10:14:41.230000,423.8262808072851,1004
2024-09-20 10:14:41.241000,423.8039962207355,13
2024-09-20 10:14:41.339000,423.8663699172834,102
2024-09-20 10:14:41.497000,423.876143114952,1002
2024-09-20 10:14:41.529000,423.7966226202517,9
2024-09-20 10:14:41.548000,423.8404685101762,97
2024-09-20 10:14:41.576000,423.8124574731189,1004
2024-09-20 10:14:41.603000,423.8140556111206,97
2024-09-20 10:14:41.693000,423.8353674395647,97
2024-09-20 10:14:41.786000,423.8456630202846,105
2024-09-20 10:14:41.789000,423.80844145812193,95
2024-09-20 10:14:41.893000,423.8727137882508,100
2024-09-20 10:14:41.925000,423.8461126830901,9
2024-09-20 10:14:41.941000,423.86356408426576,1000
2024-09-20 10:14:41.982000,423.7946562620789,13
2024-09-20 10:14:42.061000,423.8026745267997,105
2024-09-20 10:14:42.127000,423.820209315259,105
2024-09-20 10:14:42.146000,423.810754145264,104
2024-09-20 10:14:42.149000,423.7943064989343,998
2024-09-20 10:14:42.355000,423.8229347887101,995
2024-09-20 10:14:42.356000,423.7970150804056,1002
2024-09-20 10:14:42.601000,423.7920171526481,100
2024-09-20 10:14:42.624000,423.80695324932026,101
2024-09-20 10:14:42.924000,423.785847135705,1001
2024-09-20 10:14:42.930000,423.8046822049813,1004
2024-09-20 10:14:43.244000,423.7820204654333,998
2024-09-20 10:14:43.750000,423.7925826348397,5
2024-09-20 10:14:44.036000,423.7455604319216,7
2024-09-20 10:14:44.050000,423.79488678044567,102
2024-09-20 10:14:44.052000,423.7276734495281,7
2024-09-20 10:14:44.082000,423.7425935562989,995
2024-09-20 10:14:44.127000,423.71822700413446,1004
2024-09-20 10:14:44.235000,423.7564800660235,99
2024-09-20 10:14:44.252000,423.7668084103726,5
2024-09-20 10:14:44.266000,423.7554107202859,1004
2024-09-20 10:14:44.275000,423.75250372196615,999
2024-09-20 10:14:44.286000,423.7900135732463,15
2024-09-20 10:14:44.333000,423.75716361282537,105
2024-09-20 10:14:44.386000,423.7518664196795,103
2024-09-20 10:14:44.429000,423.7596067780887,102
2024-09-20 10:14:44.451000,423.7509586900678,6
2024-09-20 10:14:44.486000,423.76127312263776,1002
2024-09-20 10:14:44.546000,423.7491801573749,100
2024-09-20 10:14:44.593000,423.7394527640128,9
2024-09-20 10:14:44.613000,423.7441203355216,97
2024-09-20 10:14:44.678000,423.76078600335074,7
2024-09-20 10:14:44.704000,423.7502705679335,10
2024-09-20 10:14:44.730000,423.766777922587,11
2024-09-20 10:14:44.840000,423.7629246906317,95
2024-09-20 10:14:44.844000,423.7533272467623,104
2024-09-20 10:14:44.880000,423.7442227597744,105
2024-09-20 10:14:44.892000,423.7374854444519,8
2024-09-20 10:14:44.905000,423.7434974554101,103
2024-09-20 10:14:44.968000,423.7216215995178,9
2024-09-20 10:14:44.969000,423.7199400230054,101
2024-09-20 10:14:45.040000,423.7358442065316,8
2024-09-20 10:14:45.164000,423.7227096316661,102
2024-09-20 10:14:45.378000,423.7590040258386,1000
2024-09-20 10:14:45.519000,423.74699410723537,1004
2024-09-20 10:14:45.581000,423.7305663853765,101
2024-09-20 10:14:45.647000,423.7196719765955,104
2024-09-20 10:14:45.854000,423.7660110055854,6
2024-09-20 10:14:45.857000,423.7759977018743,13
2024-09-20 10:14:46.123000,423.7591528603754,12
2024-09-20 10:14:47.001000,423.7513074510997,1005
2024-09-20 10:14:47.159000,423.7807145934326,97
2024-09-20 10:14:47.173000,423.7764246224828,9
2024-09-20 10:14:47.197000,423.7779262344162,996
2024-09-20 10:14:47.285000,423.74210880143056,996
2024-09-20 10:14:47.338000,423.7605706459144,97
2024-09-20 10:14:47.350000,423.7675489596518,999
2024-09-20 10:14:47.379000,423.77082581787937,12
2024-09-20 10:14:47.544000,423.691474485378,996
2024-09-20 10:14:47.600000,423.7456170363552,13
2024-09-20 10:14:47.714000,423.7492373419236,10
2024-09-20 10:14:47.741000,423.7535967320993,103
2024-09-20 10:14:47.747000,423.77902483603344,104
2024-09-20 10:14:47.861000,423.7205577717909,7
2024-09-20 10:14:47.912000,423.70105030476304,1002
2024-09-20 10:14:48.090000,423.63774117056727,1002
2024-09-20 10:14:48.131000,423.642372240968,100
2024-09-20 10:14:48.187000,423.6475650074646,995
2024-09-20 10:14:48.232000,423.6569532926745,995
2024-09-20 10:14:48.350000,423.6426165253182,15
2024-09-20 10:14:48.352000,423.6500837305893,1004
2024-09-20 10:14:48.391000,423.6447117608099,101
2024-09-20 10:14:48.470000,423.667111503276,15
2024-09-20 10:14:48.489000,423.64256529549465,100
2024-09-20 10:14:48.514000,423.64386666588337,996
2024-09-20 10:14:48.522000,423.6544822079872,13
2024-09-20 10:14:48.529000,423.6351081377164,1001
2024-09-20 10:14:48.599000,423.6393233395574,102
2024-09-20 10:14:48.951000,423.6453492162558,13
2024-09-20 10:14:48.978000,423.67067590684655,5
2024-09-20 10:14:49.022000,423.6721002681611,98
2024-09-20 10:14:49.052000,423.6475974585644,1001
2024-09-20 10:14:49.234000,423.6374648970477,96
2024-09-20 10:14:49.309000,423.6714240852884,5
2024-09-20 10:14:49.331000,423.6359474121512,101
2024-09-20 10:14:49.336000,423.6953512802101,998
2024-09-20 10:14:49.341000,423.6376070569677,96
2024-09-20 10:14:49.409000,423.6653588764362,6
2024-09-20 10:14:49.454000,423.6945019497709,1004
2024-09-20 10:14:49.541000,423.67888494209416,6
2024-09-20 10:14:49.565000,423.70494632800296,104
2024-09-20 10:14:49.581000,423.7163439489042,101
2024-09-20 10:14:49.582000,423.69766764244986,1001
2024-09-20 10:14:49.588000,423.71344257982935,8
2024-09-20 10:14:49.590000,423.64857877685824,999
2024-09-20 10:14:49.602000,423.65785189498257,14
2024-09-20 10:14:49.631000,423.6834278337364,9
2024-09-20 10:14:49.632000,423.70894140879386,102
2024-09-20 10:14:49.647000,423.6600723878594,999
2024-09-20 10:14:49.649000,423.618148758052,996
2024-09-20 10:14:49.693000,423.708441799516,997
2024-09-20 10:14:49.702000,423.7189130927553,6
2024-09-20 10:14:49.708000,423.6760768342493,996
2024-09-20 10:14:49.750000,423.6502281005192,8
2024-09-20 10:14:49.763000,423.7083004377061,7
2024-09-20 10:14:49.893000,423.6505453050034,12
2024-09-20 10:14:50.032000,423.5420659259984,99
2024-09-20 10:14:50.136000,423.56238502604543,995
2024-09-20 10:14:50.140000,423.6028362419518,95
2024-09-20 10:14:50.148000,423.68019235565606,5
2024-09-20 10:14:50.160000,423.59855345644974,100
2024-09-20 10:14:50.161000,423.5957686695074,1000
2024-09-20 10:14:50.277000,423.5590216788486,100
2024-09-20 10:14:50.308000,423.655295377377,100
2024-09-20 10:14:50.337000,423.6861332503515,997
2024-09-20 10:14:50.475000,423.6465292267346,9
2024-09-20 10:14:50.503000,423.5742618881328,105
2024-09-20 10:14:50.514000,423.61267759920224,12
2024-09-20 10:14:50.549000,423.5813217255142,95
2024-09-20 10:14:50.611000,423.6164708594656,98
2024-09-20 10:14:50.742000,423.5762725625224,12
2024-09-20 10:14:50.747000,423.6315776830066,5
2024-09-20 10:14:50.750000,423.6530763409876,998
2024-09-20 10:14:50.774000,423.6542753671456,95
2024-09-20 10:14:50.775000,423.6294814975441,15
2024-09-20 10:14:50.855000,423.5552994638516,995
2024-09-20 10:14:50.882000,423.5688582571982,101
2024-09-20 10:14:50.975000,423.6123800222679,1003
2024-09-20 10:14:50.991000,423.6371457126004,1005
2024-09-20 10:14:50.996000,423.5734380754289,995
2024-09-20 10:14:51.079000,423.5829777108367,1003
2024-09-20 10:14:51.133000,423.59487071425696,12
2024-09-20 10:14:51.284000,423.5700614619016,98
2024-09-20 10:14:51.684000,423.6103748985777,1003
2024-09-20 10:14:51.779000,423.5910290831876,9
2024-09-20 10:14:51.955000,423.5814610105246,5
2024-09-20 10:14:52.302000,423.55879158118654,97
2024-09-20 10:14:52.379000,423.5573794446785,10
2024-09-20 10:14:52.392000,423.5570694129326,1000
2024-09-20 10:14:52.564000,423.56435283423104,13
2024-09-20 10:14:52.635000,423.56914725144384,101
2024-09-20 10:14:52.638000,423.5571607655517,999
2024-09-20 10:14:53.151000,423.5650470352151,100
2024-09-20 10:14:53.228000,423.55243728304254,10
2024-09-20 10:14:53.230000,423.61152480820544,995
2024-09-20 10:14:53.419000,423.610064085612,997
2024-09-20 10:14:53.478000,423.5603327139918,996
2024-09-20 10:14:53.551000,423.6267417099559,15
2024-09-20 10:14:53.623000,423.6071865277924,1005
2024-09-20 10:14:53.801000,423.6001817649839,995
2024-09-20 10:14:53.843000,423.5894904731208,99
2024-09-20 10:14:54.133000,423.6475840236523,105
2024-09-20 10:14:54.164000,423.6378883925736,1002
2024-09-20 10:14:54.254000,423.6473197728315,996
2024-09-20 10:14:54.271000,423.6236191679639,6
2024-09-20 10:14:54.280000,423.6229114093458,995
2024-09-20 10:14:54.307000,423.6815556042612,97
2024-09-20 10:14:54.314000,423.6176432334666,103
2024-09-20 10:14:54.331000,423.6308132056058,100
2024-09-20 10:14:54.341000,423.6839839190538,14
2024-09-20 10:14:54.476000,423.6102459113361,1002
2024-09-20 10:14:54.499000,423.6471082186287,97
2024-09-20 10:14:54.524000,423.6322892539423,8
2024-09-20 10:14:54.537000,423.6573931086268,95
2024-09-20 10:14:54.548000,423.6273007320363,5
2024-09-20 10:14:54.564000,423.6724637876317,5
2024-09-20 10:14:54.588000,423.6146233773469,101
2024-09-20 10:14:54.634000,423.6317086182589,999
2024-09-20 10:14:54.645000,423.6416823927122,10
2024-09-20 10:14:54.705000,423.6194158001944,998
2024-09-20 10:14:54.772000,423.63523071550327,7
2024-09-20 10:14:54.784000,423.63994174385977,1002
2024-09-20 10:14:54.784000,423.6387268899731,999
2024-09-20 10:14:54.794000,423.62574398178896,1000
2024-09-20 10:14:54.814000,423.6303024221649,1003
2024-09-20 10:14:54.914000,423.6309286498164,1004
2024-09-20 10:14:54.937000,423.6410149807305,1005
2024-09-20 10:14:54.966000,423.6418951492696,14
2024-09-20 10:14:55.005000,423.7192505509461,8
2024-09-20 10:14:55.008000,423.77425828247607,102
2024-09-20 10:14:55.029000,423.7265877379803,104
2024-09-20 10:14:55.060000,423.69053526819,1005
2024-09-20 10:14:55.070000,423.71720434353,102
2024-09-20 10:14:55.189000,423.7265669380777,997
2024-09-20 10:14:55.339000,423.714632927933,997
2024-09-20 10:14:55.360000,423.7355059720292,103
2024-09-20 10:14:55.390000,423.7103502969168,102
2024-09-20 10:14:55.401000,423.7312215662303,98
2024-09-20 10:14:55.564000,423.72562267977406,103
2024-09-20 10:14:55.582000,423.7142693973189,97
2024-09-20 10:14:55.612000,423.7188708951858,11
2024-09-20 10:14:55.614000,423.6884910078946,102
2024-09-20 10:14:55.676000,423.70931371101045,14
2024-09-20 10:14:55.682000,423.7160034104346,11
2024-09-20 10:14:55.720000,423.740216119063,14
2024-09-20 10:14:55.823000,423.71682872294446,998
2024-09-20 10:14:55.883000,423.7633740292346,98
2024-09-20 10:14:55.888000,423.7076502969584,1004
2024-09-20 10:14:55.944000,423.7195792608839,996
2024-09-20 10:14:55.950000,423.71715244644633,6
2024-09-20 10:14:56.076000,423.7628916159034,98
2024-09-20 10:14:56.166000,423.781009304822,102
2024-09-20 10:14:56.645000,423.7705889446573,14
2024-09-20 10:14:57.018000,423.7199727274285,104
2024-09-20 10:14:57.067000,423.7160454291391,103
2024-09-20 10:14:57.073000,423.73748507786047,8
2024-09-20 10:14:57.075000,423.7281354113005,8
2024-09-20 10:14:57.077000,423.7766079562573,1001
2024-09-20 10:14:57.111000,423.76934049893214,9
2024-09-20 10:14:57.166000,423.7261816338304,5
2024-09-20 10:14:57.215000,423.7490336082376,1003
2024-09-20 10:14:57.224000,423.75664332648125,12
2024-09-20 10:14:57.263000,423.7795298640591,1003
2024-09-20 10:14:57.334000,423.7109323696623,997
2024-09-20 10:14:57.360000,423.7476763274733,1002
2024-09-20 10:14:57.373000,423.7347061993127,14
2024-09-20 10:14:57.381000,423.72698333326287,996
2024-09-20 10:14:57.395000,423.7601358949617,7
2024-09-20 10:14:57.536000,423.7136862607785,98
2024-09-20 10:14:57.552000,423.72830642235607,96
2024-09-20 10:14:57.585000,423.7744024493021,6
2024-09-20 10:14:57.650000,423.7758976618397,995
2024-09-20 10:14:57.666000,423.7580231521912,99
2024-09-20 10:14:57.720000,423.7728005335339,12
2024-09-20 10:14:57.756000,423.7078625974551,5
2024-09-20 10:14:57.776000,423.7059623740729,97
2024-09-20 10:14:57.825000,423.706495399561,1002
2024-09-20 10:14:57.826000,423.7898209347765,11
2024-09-20 10:14:57.874000,423.7219921115198,102
2024-09-20 10:14:57.932000,423.7280593824715,13
2024-09-20 10:14:57.965000,423.74200487347633,7
2024-09-20 10:14:58.059000,423.7101002946175,998
2024-09-20 10:14:58.068000,423.7174979888945,1004
2024-09-20 10:14:58.236000,423.7285085703573,1005
2024-09-20 10:14:58.354000,423.7173470146741,6
2024-09-20 10:14:58.500000,423.7145694053896,102
2024-09-20 10:14:58.665000,423.7245517690478,11
2024-09-20 10:14:58.673000,423.7288969142396,999
2024-09-20 10:14:58.897000,423.73184315872527,14
2024-09-20 10:14:59.201000,423.7618255782384,9
2024-09-20 10:14:59.209000,423.7547599513604,10
2024-09-20 10:14:59.775000,423.78061303877246,96
2024-09-20 10:14:59.928000,423.7465500860896,1004
