Timestamp,Price,Size
2024-09-17 11:20:00.050000,415.32834720438416,999
2024-09-17 11:20:00.162000,415.33042248373255,14
2024-09-17 11:20:00.166000,415.337750852728,98
2024-09-17 11:20:00.168000,415.3274233652838,8
2024-09-17 11:20:00.196000,415.3418754657187,5
2024-09-17 11:20:00.279000,415.32389290273454,12
2024-09-17 11:20:00.435000,415.320562988022,96
2024-09-17 11:20:00.601000,415.3492106606088,105
2024-09-17 11:20:00.674000,415.32707164959777,13
2024-09-17 11:20:01.035000,415.3661228727672,11
2024-09-17 11:20:01.038000,415.3121081079341,7
2024-09-17 11:20:01.083000,415.3231398714081,11
2024-09-17 11:20:01.126000,415.3448296910572,98
2024-09-17 11:20:01.242000,415.3728189224162,998
2024-09-17 11:20:01.362000,415.3808850891456,999
2024-09-17 11:20:01.415000,415.303221566941,1005
2024-09-17 11:20:01.423000,415.3020725751792,999
2024-09-17 11:20:01.526000,415.3801021316092,12
2024-09-17 11:20:01.576000,415.312754986248,1003
2024-09-17 11:20:01.652000,415.3616447511789,8
2024-09-17 11:20:01.670000,415.3663500446786,102
2024-09-17 11:20:01.671000,415.3700306618933,1004
2024-09-17 11:20:01.674000,415.3595283882868,1001
2024-09-17 11:20:01.679000,415.3751380869997,1004
2024-09-17 11:20:01.682000,415.3686886701328,10
2024-09-17 11:20:01.690000,415.344418682107,12
2024-09-17 11:20:01.791000,415.30046177066055,102
2024-09-17 11:20:01.801000,415.2769946115321,11
2024-09-17 11:20:01.992000,415.2995146264712,1003
2024-09-17 11:20:01.999000,415.3656368529477,7
2024-09-17 11:20:02.040000,415.2635817639524,14
2024-09-17 11:20:02.077000,415.2731322477407,14
2024-09-17 11:20:02.273000,415.30205586119183,1003
2024-09-17 11:20:02.291000,415.2888035910332,1000
2024-09-17 11:20:02.316000,415.3186791494966,103
2024-09-17 11:20:02.441000,415.28204082527554,97
2024-09-17 11:20:02.496000,415.3040990666568,1003
2024-09-17 11:20:02.541000,415.31930809020514,102
2024-09-17 11:20:02.555000,415.2554963893965,998
2024-09-17 11:20:02.571000,415.27744099864566,96
2024-09-17 11:20:02.674000,415.3059947066769,1001
2024-09-17 11:20:02.728000,415.3082298887863,1000
2024-09-17 11:20:02.824000,415.304672744679,1005
2024-09-17 11:20:02.836000,415.3001886830261,997
2024-09-17 11:20:02.894000,415.307925066661,14
2024-09-17 11:20:03.582000,415.3111571592557,11
2024-09-17 11:20:04.015000,415.3157308628663,104
2024-09-17 11:20:04.148000,415.3840520523302,15
2024-09-17 11:20:04.169000,415.36542780549934,12
2024-09-17 11:20:04.193000,415.3996749121875,100
2024-09-17 11:20:04.210000,415.36515992803294,100
2024-09-17 11:20:04.268000,415.3328249329459,995
2024-09-17 11:20:04.418000,415.4282254378441,101
2024-09-17 11:20:04.467000,415.41644069263066,996
2024-09-17 11:20:04.486000,415.3629009957886,13
2024-09-17 11:20:04.534000,415.3966428866455,10
2024-09-17 11:20:04.570000,415.3961400786669,15
2024-09-17 11:20:04.610000,415.3722216902355,1002
2024-09-17 11:20:04.691000,415.4566025405139,9
2024-09-17 11:20:04.782000,415.3831654363991,101
2024-09-17 11:20:04.846000,415.3936363946781,998
2024-09-17 11:20:04.887000,415.3716114034835,6
2024-09-17 11:20:04.895000,415.4405883449676,997
2024-09-17 11:20:04.945000,415.36006388924335,999
2024-09-17 11:20:05.134000,415.5432968510803,9
2024-09-17 11:20:05.159000,415.5329835885189,100
2024-09-17 11:20:05.199000,415.5280749044172,102
2024-09-17 11:20:05.234000,415.50122393162894,13
2024-09-17 11:20:05.234000,415.5397101489842,999
2024-09-17 11:20:05.257000,415.4764095682522,12
2024-09-17 11:20:05.265000,415.5441139503881,103
2024-09-17 11:20:05.329000,415.47525857291294,8
2024-09-17 11:20:05.332000,415.4762430770464,99
2024-09-17 11:20:05.385000,415.4938998120486,1005
2024-09-17 11:20:05.405000,415.5209053623818,14
2024-09-17 11:20:05.408000,415.482057917258,1004
2024-09-17 11:20:05.456000,415.55051522557454,996
2024-09-17 11:20:05.570000,415.5151811000398,1004
2024-09-17 11:20:05.720000,415.5301176675283,102
2024-09-17 11:20:05.849000,415.5021571147468,9
2024-09-17 11:20:05.860000,415.491204505385,98
2024-09-17 11:20:05.884000,415.548441233666,1001
2024-09-17 11:20:05.974000,415.494012309772,1003
2024-09-17 11:20:06.353000,415.5404323338477,995
2024-09-17 11:20:06.366000,415.54050464047566,102
2024-09-17 11:20:06.611000,415.5744016296047,13
2024-09-17 11:20:06.907000,415.56212236511135,1000
2024-09-17 11:20:06.917000,415.5273356225774,100
2024-09-17 11:20:07.055000,415.530239847834,5
2024-09-17 11:20:07.126000,415.5286656513657,98
2024-09-17 11:20:07.130000,415.5255492936682,104
2024-09-17 11:20:07.338000,415.5282138581192,1002
2024-09-17 11:20:07.338000,415.5066133936939,97
2024-09-17 11:20:07.342000,415.5415328150548,15
2024-09-17 11:20:07.354000,415.5568355454467,96
2024-09-17 11:20:07.433000,415.52740268045824,1001
2024-09-17 11:20:07.445000,415.54733408492433,105
2024-09-17 11:20:07.448000,415.5538800633724,5
2024-09-17 11:20:07.497000,415.5292156823045,998
2024-09-17 11:20:07.546000,415.5437414928141,104
2024-09-17 11:20:07.547000,415.5461788299576,12
2024-09-17 11:20:07.596000,415.540363299022,13
2024-09-17 11:20:07.653000,415.5002020288555,1002
2024-09-17 11:20:07.702000,415.5277899281334,12
2024-09-17 11:20:07.714000,415.5344535290697,100
2024-09-17 11:20:07.729000,415.532447830925,1001
2024-09-17 11:20:07.753000,415.5425314602435,1000
2024-09-17 11:20:07.788000,415.5284024920975,1005
2024-09-17 11:20:07.802000,415.5457296768421,14
2024-09-17 11:20:07.832000,415.4995501333213,9
2024-09-17 11:20:07.865000,415.527742317257,1002
2024-09-17 11:20:07.871000,415.5134015407912,100
2024-09-17 11:20:07.879000,415.54731114652657,15
2024-09-17 11:20:07.907000,415.51134795391977,99
2024-09-17 11:20:08.059000,415.5239634559975,102
2024-09-17 11:20:08.069000,415.50605362883886,1003
2024-09-17 11:20:08.084000,415.592710575156,9
2024-09-17 11:20:08.115000,415.5015941197482,1001
2024-09-17 11:20:08.168000,415.6436240620857,1001
2024-09-17 11:20:08.205000,415.52550701250095,7
2024-09-17 11:20:08.234000,415.50337831372303,102
2024-09-17 11:20:08.292000,415.51117218109306,11
2024-09-17 11:20:08.308000,415.5331183562458,1001
2024-09-17 11:20:08.325000,415.55842390235625,5
2024-09-17 11:20:08.360000,415.5169785946711,6
2024-09-17 11:20:08.506000,415.52175524968834,104
2024-09-17 11:20:08.512000,415.54089937451846,999
2024-09-17 11:20:08.512000,415.4946613227407,14
2024-09-17 11:20:08.675000,415.6314109876539,1002
2024-09-17 11:20:08.700000,415.6092692213679,8
2024-09-17 11:20:08.772000,415.6385499339061,13
2024-09-17 11:20:08.772000,415.5235160616784,1003
2024-09-17 11:20:08.779000,415.59799739723456,1003
2024-09-17 11:20:08.793000,415.5295914732101,15
2024-09-17 11:20:08.800000,415.5208904829527,105
2024-09-17 11:20:08.802000,415.5218271204736,13
2024-09-17 11:20:08.807000,415.516286323714,104
2024-09-17 11:20:08.815000,415.4949491437598,7
2024-09-17 11:20:08.895000,415.4920739073803,101
2024-09-17 11:20:08.908000,415.56264392876665,105
2024-09-17 11:20:08.976000,415.5805817039912,998
2024-09-17 11:20:09.044000,415.7323996500223,1005
2024-09-17 11:20:09.057000,415.6840187449165,13
2024-09-17 11:20:09.061000,415.7684709941947,13
2024-09-17 11:20:09.106000,415.6383857467359,7
2024-09-17 11:20:09.141000,415.7287029104589,997
2024-09-17 11:20:09.173000,415.7711403831207,8
2024-09-17 11:20:09.186000,415.6761554278408,10
2024-09-17 11:20:09.215000,415.63507840165977,8
2024-09-17 11:20:09.218000,415.67593422933743,105
2024-09-17 11:20:09.254000,415.750090141223,1003
2024-09-17 11:20:09.255000,415.64759881101855,7
2024-09-17 11:20:09.455000,415.7099598948861,1003
2024-09-17 11:20:09.468000,415.6478146159692,5
2024-09-17 11:20:09.492000,415.6521563255712,98
2024-09-17 11:20:09.492000,415.639184974408,5
2024-09-17 11:20:09.493000,415.76175536671695,13
2024-09-17 11:20:09.563000,415.6388696204647,97
2024-09-17 11:20:09.621000,415.7291063550008,102
2024-09-17 11:20:09.647000,415.7837355137413,104
2024-09-17 11:20:09.687000,415.7710020700467,5
2024-09-17 11:20:09.760000,415.77001098915895,95
2024-09-17 11:20:09.774000,415.7186537558808,1003
2024-09-17 11:20:09.859000,415.740231896366,95
2024-09-17 11:20:09.904000,415.62495658389616,13
2024-09-17 11:20:09.942000,415.6755371771942,1004
2024-09-17 11:20:10.066000,415.8180704932015,6
2024-09-17 11:20:10.262000,415.8045693021666,1005
2024-09-17 11:20:10.373000,415.7562539727335,11
2024-09-17 11:20:10.404000,415.76202725679326,101
2024-09-17 11:20:10.412000,415.8640160377655,996
2024-09-17 11:20:10.580000,415.8065212681199,105
2024-09-17 11:20:10.635000,415.79062131419215,100
2024-09-17 11:20:10.695000,415.8509337850075,999
2024-09-17 11:20:10.711000,415.8481119894152,97
2024-09-17 11:20:10.852000,415.8480486679168,5
2024-09-17 11:20:10.852000,415.8171850196648,8
2024-09-17 11:20:10.976000,415.8440045493548,10
2024-09-17 11:20:11.067000,415.8694413193157,998
2024-09-17 11:20:11.082000,415.8698344636263,1005
2024-09-17 11:20:11.102000,415.8867188865672,97
2024-09-17 11:20:11.104000,415.8641657794387,5
2024-09-17 11:20:11.509000,415.8702920584551,12
2024-09-17 11:20:11.616000,415.8790777807059,1001
2024-09-17 11:20:11.642000,415.8686770260801,8
2024-09-17 11:20:11.776000,415.86222009074345,104
2024-09-17 11:20:12.020000,415.8560213908885,6
2024-09-17 11:20:12.080000,415.86686736938174,15
2024-09-17 11:20:12.100000,415.8601306937491,5
2024-09-17 11:20:12.126000,415.8726739114548,99
2024-09-17 11:20:12.189000,415.8967133859512,8
2024-09-17 11:20:12.239000,415.90144329782026,8
2024-09-17 11:20:12.330000,415.86177985079496,1002
2024-09-17 11:20:12.546000,415.86973215331295,12
2024-09-17 11:20:12.677000,415.8633659936703,7
2024-09-17 11:20:12.779000,415.8908553081709,97
2024-09-17 11:20:13.070000,415.8993192644641,996
2024-09-17 11:20:13.112000,415.8539702513653,11
2024-09-17 11:20:13.167000,415.8856603356437,97
2024-09-17 11:20:13.358000,415.88435866957286,97
2024-09-17 11:20:13.369000,415.884090133578,5
2024-09-17 11:20:13.385000,415.8658077853568,12
2024-09-17 11:20:13.395000,415.8905540379707,10
2024-09-17 11:20:13.395000,415.87003187299126,1001
2024-09-17 11:20:13.459000,415.8876269846144,8
2024-09-17 11:20:13.709000,415.8951157971199,96
2024-09-17 11:20:13.749000,415.8952292370528,96
2024-09-17 11:20:13.763000,415.8990486190765,10
2024-09-17 11:20:13.786000,415.8896714384312,12
2024-09-17 11:20:13.820000,415.8793111152832,14
2024-09-17 11:20:13.820000,415.87084159355845,11
2024-09-17 11:20:13.875000,415.8960396658208,1001
2024-09-17 11:20:14.384000,415.87727175741605,100
2024-09-17 11:20:14.613000,415.8875795452893,999
2024-09-17 11:20:14.621000,415.880818842587,1001
2024-09-17 11:20:14.654000,415.860973824759,6
2024-09-17 11:20:14.698000,415.87657969182897,102
2024-09-17 11:20:14.715000,415.877685858685,101
2024-09-17 11:20:14.878000,415.8847189966608,8
2024-09-17 11:20:15.090000,415.8418419952219,6
2024-09-17 11:20:15.144000,415.84944276265225,98
2024-09-17 11:20:15.156000,415.88340893827,1001
2024-09-17 11:20:15.233000,415.87299380849487,1001
2024-09-17 11:20:15.262000,415.8832624999388,100
2024-09-17 11:20:15.339000,415.8389361434218,96
2024-09-17 11:20:15.341000,415.8289133809498,95
2024-09-17 11:20:15.378000,415.85476102163886,8
2024-09-17 11:20:15.383000,415.8363419685165,9
2024-09-17 11:20:15.501000,415.8302009741236,103
2024-09-17 11:20:15.504000,415.8335571445678,6
2024-09-17 11:20:15.548000,415.834595087681,1002
2024-09-17 11:20:15.603000,415.8427087466316,1001
2024-09-17 11:20:15.666000,415.8724995490459,10
2024-09-17 11:20:15.697000,415.876920347414,10
2024-09-17 11:20:15.709000,415.86032855661455,1000
2024-09-17 11:20:15.727000,415.8677797256669,100
2024-09-17 11:20:15.802000,415.8333291527542,101
2024-09-17 11:20:15.936000,415.8858916847684,98
2024-09-17 11:20:15.948000,415.8343512979837,99
2024-09-17 11:20:15.951000,415.81212022105547,11
2024-09-17 11:20:15.974000,415.86702425687366,95
2024-09-17 11:20:16.097000,415.8221357437105,100
2024-09-17 11:20:16.184000,415.8084811206752,1002
2024-09-17 11:20:16.203000,415.80929051299927,7
2024-09-17 11:20:16.208000,415.83753733488817,996
2024-09-17 11:20:16.255000,415.86441975436736,7
2024-09-17 11:20:16.257000,415.8520202797435,96
2024-09-17 11:20:16.314000,415.83312999705447,5
2024-09-17 11:20:16.406000,415.8086084701434,98
2024-09-17 11:20:16.410000,415.8451970820441,104
2024-09-17 11:20:16.455000,415.83370699511,8
2024-09-17 11:20:16.488000,415.8351479938211,1002
2024-09-17 11:20:16.686000,415.8680982275753,103
2024-09-17 11:20:16.713000,415.8163997737233,1000
2024-09-17 11:20:16.746000,415.834292851306,14
2024-09-17 11:20:16.987000,415.8343639868095,101
2024-09-17 11:20:17.037000,415.829211790817,1002
2024-09-17 11:20:17.072000,415.785601777831,14
2024-09-17 11:20:17.094000,415.7856686831799,9
2024-09-17 11:20:17.097000,415.7948439177736,12
2024-09-17 11:20:17.098000,415.82962163426487,995
2024-09-17 11:20:17.099000,415.7937306875897,12
2024-09-17 11:20:17.102000,415.79616048803126,101
2024-09-17 11:20:17.230000,415.7893773058348,995
2024-09-17 11:20:17.244000,415.7962924579695,12
2024-09-17 11:20:17.281000,415.8210092099331,997
2024-09-17 11:20:17.308000,415.8240281615222,10
2024-09-17 11:20:17.315000,415.8155500832995,1005
2024-09-17 11:20:17.321000,415.8245325760192,100
2024-09-17 11:20:17.404000,415.8072944269927,105
2024-09-17 11:20:17.574000,415.8398736997144,101
2024-09-17 11:20:17.579000,415.8401492964432,13
2024-09-17 11:20:17.601000,415.83010809790807,15
2024-09-17 11:20:17.637000,415.7933238162116,995
2024-09-17 11:20:17.660000,415.79984659996353,1003
2024-09-17 11:20:17.821000,415.84665217780855,103
2024-09-17 11:20:17.831000,415.8016421903367,1000
2024-09-17 11:20:17.924000,415.8136129381761,102
2024-09-17 11:20:18.033000,415.7959087292437,1001
2024-09-17 11:20:18.068000,415.7756189526753,1005
2024-09-17 11:20:18.080000,415.8303916849872,1005
2024-09-17 11:20:18.191000,415.7677029325265,6
2024-09-17 11:20:18.192000,415.7617389691629,12
2024-09-17 11:20:18.243000,415.8057182123658,100
2024-09-17 11:20:18.246000,415.8137299450216,995
2024-09-17 11:20:18.265000,415.7584424158103,105
2024-09-17 11:20:18.272000,415.80926277903416,997
2024-09-17 11:20:18.346000,415.7848890079753,7
2024-09-17 11:20:18.433000,415.79200635347934,102
2024-09-17 11:20:18.462000,415.7901136449892,105
2024-09-17 11:20:18.509000,415.8043017402111,1005
2024-09-17 11:20:18.554000,415.79534778928576,100
2024-09-17 11:20:18.710000,415.7969676981239,5
2024-09-17 11:20:18.765000,415.7851961928888,6
2024-09-17 11:20:18.839000,415.7888741795395,9
2024-09-17 11:20:18.843000,415.8012113684886,104
2024-09-17 11:20:18.895000,415.7981468842368,997
2024-09-17 11:20:18.934000,415.8098321837165,99
2024-09-17 11:20:19.017000,415.852686224384,6
2024-09-17 11:20:19.023000,415.8121537223632,9
2024-09-17 11:20:19.028000,415.7706941453544,1002
2024-09-17 11:20:19.180000,415.8161602121032,99
2024-09-17 11:20:19.392000,415.7780726857479,6
2024-09-17 11:20:19.404000,415.78661135003927,1004
2024-09-17 11:20:19.513000,415.8503600802362,995
2024-09-17 11:20:19.513000,415.80967006679134,1005
2024-09-17 11:20:19.539000,415.8209981155972,1004
2024-09-17 11:20:19.552000,415.8367609805781,103
2024-09-17 11:20:19.552000,415.7507930324911,96
2024-09-17 11:20:19.608000,415.75902902625705,998
2024-09-17 11:20:19.612000,415.7644386374717,104
2024-09-17 11:20:19.634000,415.8306736616087,100
2024-09-17 11:20:19.664000,415.7714010632113,995
2024-09-17 11:20:19.724000,415.8510261524481,999
2024-09-17 11:20:19.724000,415.7792299015128,8
2024-09-17 11:20:19.785000,415.8233053571224,997
2024-09-17 11:20:19.901000,415.75942437184347,1004
2024-09-17 11:20:19.907000,415.85513292733015,15
2024-09-17 11:20:19.918000,415.7558789518786,9
2024-09-17 11:20:19.928000,415.82647866435934,101
2024-09-17 11:20:19.943000,415.81467640901457,1003
2024-09-17 11:20:19.992000,415.83149048646703,14
2024-09-17 11:20:20.086000,415.86165167934,6
2024-09-17 11:20:20.169000,415.8550428772648,1003
2024-09-17 11:20:20.212000,415.8593749681932,95
2024-09-17 11:20:20.291000,415.84157444631177,1002
2024-09-17 11:20:20.316000,415.8366930783471,102
2024-09-17 11:20:20.340000,415.8607623919551,10
2024-09-17 11:20:20.374000,415.8685390409077,97
2024-09-17 11:20:20.399000,415.8434506820934,1003
2024-09-17 11:20:20.400000,415.814686938613,999
2024-09-17 11:20:20.454000,415.82484044194905,98
2024-09-17 11:20:20.462000,415.8305385215519,995
2024-09-17 11:20:20.538000,415.866230103651,1002
2024-09-17 11:20:20.571000,415.8490202250815,102
2024-09-17 11:20:20.641000,415.8556071835977,997
2024-09-17 11:20:20.700000,415.8261735826638,9
2024-09-17 11:20:20.709000,415.8583654685144,1001
2024-09-17 11:20:20.719000,415.8518192698498,5
2024-09-17 11:20:20.826000,415.84628114406087,996
2024-09-17 11:20:20.843000,415.8231158934392,1004
2024-09-17 11:20:20.979000,415.8129850062475,1004
2024-09-17 11:20:21.244000,415.84924231392426,96
2024-09-17 11:20:22.017000,415.8252754332004,101
2024-09-17 11:20:22.159000,415.9068251509461,97
2024-09-17 11:20:22.177000,415.8270003944626,98
2024-09-17 11:20:22.466000,415.8643063550684,1003
2024-09-17 11:20:22.550000,415.832614479584,1002
2024-09-17 11:20:22.936000,415.8954086342221,100
2024-09-17 11:20:23.411000,415.8545210840279,1002
2024-09-17 11:20:23.477000,415.8566476382056,14
2024-09-17 11:20:23.565000,415.8894924668033,15
2024-09-17 11:20:23.684000,415.8781524179431,103
2024-09-17 11:20:23.723000,415.8657251139144,103
2024-09-17 11:20:23.735000,415.85643252423904,999
2024-09-17 11:20:23.857000,415.86069209443696,999
2024-09-17 11:20:23.895000,415.8513608366143,1002
2024-09-17 11:20:23.936000,415.8894728899458,996
2024-09-17 11:20:24.130000,415.84965991503526,102
2024-09-17 11:20:24.171000,415.8912992444173,99
2024-09-17 11:20:24.180000,415.8886434635226,96
2024-09-17 11:20:24.190000,415.8574984557641,102
2024-09-17 11:20:24.207000,415.861857402807,6
2024-09-17 11:20:24.213000,415.86036691390257,96
2024-09-17 11:20:24.256000,415.8346262053125,1005
2024-09-17 11:20:24.256000,415.8402315540829,997
2024-09-17 11:20:24.271000,415.8574951910732,1003
2024-09-17 11:20:24.292000,415.79791789063125,998
2024-09-17 11:20:24.316000,415.846594771634,998
2024-09-17 11:20:24.323000,415.7839017563488,6
2024-09-17 11:20:24.358000,415.840852677006,10
2024-09-17 11:20:24.516000,415.87087233482015,999
2024-09-17 11:20:24.552000,415.8405042569237,12
2024-09-17 11:20:24.574000,415.84472041493774,6
2024-09-17 11:20:24.664000,415.8588076732509,999
2024-09-17 11:20:24.734000,415.79599490323926,10
2024-09-17 11:20:24.736000,415.87132837963696,97
2024-09-17 11:20:24.760000,415.846356454604,11
2024-09-17 11:20:24.781000,415.79251682472267,103
2024-09-17 11:20:24.831000,415.7745651399017,1001
2024-09-17 11:20:24.831000,415.8203811629104,104
2024-09-17 11:20:24.866000,415.7832438379493,10
2024-09-17 11:20:24.897000,415.8327286122778,998
2024-09-17 11:20:24.940000,415.855969894199,995
2024-09-17 11:20:24.945000,415.84902067544687,97
2024-09-17 11:20:24.973000,415.85257474504994,103
2024-09-17 11:20:24.998000,415.8675871890501,99
2024-09-17 11:20:25.055000,415.8258838071995,996
2024-09-17 11:20:25.314000,415.82735991503625,7
2024-09-17 11:20:25.668000,415.82497559122254,104
2024-09-17 11:20:25.672000,415.80737972397947,99
2024-09-17 11:20:25.691000,415.83522126709846,6
2024-09-17 11:20:25.738000,415.8136109204126,5
2024-09-17 11:20:25.817000,415.8307516221504,14
2024-09-17 11:20:25.899000,415.8167463410315,13
2024-09-17 11:20:26.004000,415.8496022662706,1002
2024-09-17 11:20:26.110000,415.89243771511246,9
2024-09-17 11:20:26.162000,415.8827867841309,996
2024-09-17 11:20:26.273000,415.8805176899789,1001
2024-09-17 11:20:26.277000,415.8839611354641,5
2024-09-17 11:20:26.347000,415.8679651044082,15
2024-09-17 11:20:26.431000,415.8502031865588,103
2024-09-17 11:20:26.434000,415.8861757153629,15
2024-09-17 11:20:26.442000,415.8624980071538,98
2024-09-17 11:20:26.486000,415.8763851813893,13
2024-09-17 11:20:26.506000,415.8513284072546,102
2024-09-17 11:20:26.511000,415.8687366889145,101
2024-09-17 11:20:26.515000,415.8599132885852,9
2024-09-17 11:20:26.530000,415.8693071790468,100
2024-09-17 11:20:26.563000,415.8875360438404,11
2024-09-17 11:20:26.567000,415.8588056484479,8
2024-09-17 11:20:26.571000,415.85623251530313,100
2024-09-17 11:20:26.584000,415.8638780330851,95
2024-09-17 11:20:26.673000,415.8693704303007,10
2024-09-17 11:20:26.732000,415.846580630033,103
2024-09-17 11:20:26.809000,415.857535239333,997
2024-09-17 11:20:26.868000,415.8719292681784,100
2024-09-17 11:20:26.907000,415.85588673746304,6
2024-09-17 11:20:26.944000,415.8688244500092,997
2024-09-17 11:20:26.949000,415.88354813754535,98
2024-09-17 11:20:26.970000,415.8615762544906,997
2024-09-17 11:20:26.985000,415.8654975820486,996
2024-09-17 11:20:27.037000,415.9686111978359,7
2024-09-17 11:20:27.098000,415.977030403192,998
2024-09-17 11:20:27.115000,415.93204407595096,1001
2024-09-17 11:20:27.131000,415.9157793880415,101
2024-09-17 11:20:27.158000,415.8918312753276,15
2024-09-17 11:20:27.171000,415.9770547241581,103
2024-09-17 11:20:27.181000,415.913064583748,8
2024-09-17 11:20:27.203000,415.9481819121702,996
2024-09-17 11:20:27.276000,415.9551766144429,998
2024-09-17 11:20:27.291000,415.9633907194248,6
2024-09-17 11:20:27.297000,415.9330538328818,8
2024-09-17 11:20:27.316000,415.89149714327993,12
2024-09-17 11:20:27.387000,416.00311811121935,104
2024-09-17 11:20:27.397000,415.9274449482211,998
2024-09-17 11:20:27.544000,415.9286085541308,1002
2024-09-17 11:20:27.712000,415.9789784269331,995
2024-09-17 11:20:27.727000,415.9056826779562,11
2024-09-17 11:20:27.841000,415.951284222179,998
2024-09-17 11:20:27.878000,415.96287288750375,9
2024-09-17 11:20:28.092000,416.004990773709,997
2024-09-17 11:20:28.161000,416.02120030944513,103
2024-09-17 11:20:28.164000,416.0137040960492,1003
2024-09-17 11:20:28.173000,415.9647195574369,103
2024-09-17 11:20:28.203000,416.0318399084081,1002
2024-09-17 11:20:28.233000,416.0077207171514,7
2024-09-17 11:20:28.377000,416.0156246933682,97
2024-09-17 11:20:28.590000,415.96363472328375,11
2024-09-17 11:20:28.654000,415.9927427312152,996
2024-09-17 11:20:28.866000,415.9848517702085,995
2024-09-17 11:20:28.900000,415.9777943747393,1003
2024-09-17 11:20:28.920000,416.0100615652485,98
2024-09-17 11:20:28.925000,415.95516133387554,96
2024-09-17 11:20:28.953000,415.97000905507787,8
2024-09-17 11:20:28.960000,415.9753090384188,1003
2024-09-17 11:20:28.965000,416.0210672145438,1004
2024-09-17 11:20:28.983000,415.9974276538956,101
2024-09-17 11:20:29.007000,415.9953583014678,14
2024-09-17 11:20:29.020000,415.9694534915681,14
2024-09-17 11:20:29.088000,415.9602587516744,13
2024-09-17 11:20:29.153000,416.0181968319749,997
2024-09-17 11:20:29.179000,415.9999974105251,5
2024-09-17 11:20:29.184000,415.9766805520069,997
2024-09-17 11:20:29.190000,416.0007244734997,999
2024-09-17 11:20:29.222000,416.0084417644452,1005
2024-09-17 11:20:29.232000,416.0038845948824,14
2024-09-17 11:20:29.246000,416.0143064754287,12
2024-09-17 11:20:29.280000,416.0066092777898,8
2024-09-17 11:20:29.294000,416.0155696984209,998
2024-09-17 11:20:29.295000,415.9575100950916,101
2024-09-17 11:20:29.308000,416.0256201983446,98
2024-09-17 11:20:29.342000,415.9632042954767,13
2024-09-17 11:20:29.365000,416.0198213822225,1003
2024-09-17 11:20:29.403000,416.02620120569816,10
2024-09-17 11:20:29.432000,416.01322131374775,1003
2024-09-17 11:20:29.446000,415.9757271947576,6
2024-09-17 11:20:29.482000,415.9933221421544,96
2024-09-17 11:20:29.525000,415.96522935828193,14
2024-09-17 11:20:29.650000,416.0011404994915,98
2024-09-17 11:20:29.778000,415.9896009521771,105
2024-09-17 11:20:29.781000,415.9657556745771,13
2024-09-17 11:20:29.784000,415.99415574508,995
2024-09-17 11:20:29.820000,415.9794720186079,100
2024-09-17 11:20:29.949000,415.9861010859324,12
2024-09-17 11:20:29.954000,416.03372705743726,1001
2024-09-17 11:20:29.976000,415.9532371383025,12
2024-09-17 11:20:29.995000,416.0366436904487,13
2024-09-17 11:20:30.001000,415.9519677179728,101
2024-09-17 11:20:30.146000,415.9674227198036,12
2024-09-17 11:20:30.148000,415.96999692134585,14
2024-09-17 11:20:30.306000,415.97415565562335,995
2024-09-17 11:20:30.308000,415.9692149243684,996
2024-09-17 11:20:30.337000,415.9507527820813,9
2024-09-17 11:20:30.680000,415.9773120050438,14
2024-09-17 11:20:31.043000,416.0052211600355,13
2024-09-17 11:20:31.072000,415.9582068387334,97
2024-09-17 11:20:31.110000,416.00571993565205,101
2024-09-17 11:20:31.129000,415.9898627160253,11
2024-09-17 11:20:31.237000,416.00301706809694,9
2024-09-17 11:20:31.378000,416.0105544448453,11
2024-09-17 11:20:31.395000,415.97779518713367,10
2024-09-17 11:20:31.421000,415.9705777374007,96
2024-09-17 11:20:31.516000,415.9917498089303,99
2024-09-17 11:20:31.549000,416.0016941944486,6
2024-09-17 11:20:31.571000,415.9885497136602,10
2024-09-17 11:20:31.577000,415.9964135126537,1005
2024-09-17 11:20:31.595000,415.9969695022066,1002
2024-09-17 11:20:31.706000,415.9914632262815,995
2024-09-17 11:20:31.784000,415.9980079508322,997
2024-09-17 11:20:31.907000,416.02250144482826,9
2024-09-17 11:20:31.911000,415.9798982537766,15
2024-09-17 11:20:32.057000,415.9920988206297,1003
2024-09-17 11:20:32.210000,416.017210841721,9
2024-09-17 11:20:33.146000,416.0283298837101,7
2024-09-17 11:20:33.235000,416.0186617258037,10
2024-09-17 11:20:33.715000,415.9991112485428,11
2024-09-17 11:20:33.790000,416.02253048734354,12
2024-09-17 11:20:33.830000,416.01832433566886,104
2024-09-17 11:20:33.877000,416.0083564890294,96
2024-09-17 11:20:33.890000,416.0365453933244,97
2024-09-17 11:20:34,416.05650550879415,9
2024-09-17 11:20:34.062000,416.132977445033,1005
2024-09-17 11:20:34.071000,416.08105398793657,95
2024-09-17 11:20:34.264000,416.1200237825859,1002
2024-09-17 11:20:34.357000,416.0426873649286,100
2024-09-17 11:20:34.526000,416.0411187170738,98
2024-09-17 11:20:34.569000,416.0736103080973,999
2024-09-17 11:20:34.621000,416.1258612361794,995
2024-09-17 11:20:34.644000,416.12526100396593,11
2024-09-17 11:20:34.716000,416.1008367412937,103
2024-09-17 11:20:34.827000,416.0532965893388,6
2024-09-17 11:20:34.829000,416.1492642081972,12
2024-09-17 11:20:35.080000,416.1834652988245,998
2024-09-17 11:20:35.087000,416.2008650070596,14
2024-09-17 11:20:35.154000,416.1824431627984,8
2024-09-17 11:20:35.163000,416.16876029941847,102
2024-09-17 11:20:35.882000,416.188248320744,998
2024-09-17 11:20:35.947000,416.1917967691107,13
2024-09-17 11:20:35.957000,416.1898997272237,1004
2024-09-17 11:20:36.014000,416.1978756317572,15
2024-09-17 11:20:36.055000,416.1267921737088,98
2024-09-17 11:20:36.091000,416.12453003492783,11
2024-09-17 11:20:36.091000,416.2056744382268,998
2024-09-17 11:20:36.093000,416.1800193093542,995
2024-09-17 11:20:36.127000,416.1708845665066,999
2024-09-17 11:20:36.147000,416.1854881596056,13
2024-09-17 11:20:36.149000,416.07938943787553,12
2024-09-17 11:20:36.176000,416.2149393744862,11
2024-09-17 11:20:36.181000,416.15323853853744,1001
2024-09-17 11:20:36.247000,416.11870695368543,95
2024-09-17 11:20:36.279000,416.14397954210176,1002
2024-09-17 11:20:36.294000,416.1815260508239,1004
2024-09-17 11:20:36.402000,416.1628322411544,1002
2024-09-17 11:20:36.422000,416.1170690678405,998
2024-09-17 11:20:36.495000,416.2028415863299,99
2024-09-17 11:20:36.533000,416.10206145694553,102
2024-09-17 11:20:36.541000,416.1932810375369,103
2024-09-17 11:20:36.555000,416.12382791545815,99
2024-09-17 11:20:36.594000,416.1860529705768,999
2024-09-17 11:20:36.621000,416.1872882151765,5
2024-09-17 11:20:36.641000,416.20987459675376,102
2024-09-17 11:20:36.647000,416.1277554386202,995
2024-09-17 11:20:36.675000,416.18582328716,15
2024-09-17 11:20:36.752000,416.1489285498362,9
2024-09-17 11:20:36.755000,416.1129593514111,99
2024-09-17 11:20:36.810000,416.193131514456,1002
2024-09-17 11:20:36.921000,416.0817586547772,99
2024-09-17 11:20:36.954000,416.13552405495415,997
2024-09-17 11:20:37.095000,416.1028118615647,1001
2024-09-17 11:20:37.138000,416.1052898550678,8
2024-09-17 11:20:37.143000,416.1038237737709,97
2024-09-17 11:20:37.151000,416.1278523361554,998
2024-09-17 11:20:37.268000,416.1283401154571,9
2024-09-17 11:20:37.327000,416.0986157386397,101
2024-09-17 11:20:37.471000,416.1261664764491,9
2024-09-17 11:20:37.520000,416.1333786469442,1005
2024-09-17 11:20:37.537000,416.099560390032,13
2024-09-17 11:20:37.552000,416.1537928474639,998
2024-09-17 11:20:37.572000,416.1071726494724,100
2024-09-17 11:20:37.631000,416.1318333465569,8
2024-09-17 11:20:37.687000,416.0961833558609,102
2024-09-17 11:20:37.718000,416.1315447815588,999
2024-09-17 11:20:37.740000,416.1234004030921,12
2024-09-17 11:20:37.746000,416.1318262854793,105
2024-09-17 11:20:37.819000,416.117152967809,99
2024-09-17 11:20:37.840000,416.1277452152234,100
2024-09-17 11:20:37.880000,416.1337537100271,99
2024-09-17 11:20:37.890000,416.1057150924394,104
2024-09-17 11:20:37.904000,416.1341596230158,96
2024-09-17 11:20:37.921000,416.12094162147366,95
2024-09-17 11:20:37.943000,416.142457975385,13
2024-09-17 11:20:37.987000,416.10588467845207,102
2024-09-17 11:20:38.058000,416.0873395791708,998
2024-09-17 11:20:38.100000,416.10225499859433,95
2024-09-17 11:20:38.112000,416.1175431511172,8
2024-09-17 11:20:38.131000,416.1431847825748,11
2024-09-17 11:20:38.152000,416.0973079284401,995
2024-09-17 11:20:38.188000,416.0757307560463,1005
2024-09-17 11:20:38.223000,416.1324247973307,105
2024-09-17 11:20:38.301000,416.09747579233743,101
2024-09-17 11:20:38.377000,416.1485621847601,98
2024-09-17 11:20:38.469000,416.1305440107408,998
2024-09-17 11:20:38.471000,416.1364971673013,1001
2024-09-17 11:20:38.535000,416.0466747157295,7
2024-09-17 11:20:38.539000,416.12449566887136,1002
2024-09-17 11:20:38.600000,416.0518295609705,997
2024-09-17 11:20:38.703000,416.1082191696748,14
2024-09-17 11:20:38.723000,416.1313929044865,6
2024-09-17 11:20:38.771000,416.04837371653946,102
2024-09-17 11:20:38.899000,416.1470333853595,15
2024-09-17 11:20:38.914000,416.1451889422423,100
2024-09-17 11:20:39.261000,416.0124449375982,100
2024-09-17 11:20:39.352000,416.0375204333389,1004
2024-09-17 11:20:39.508000,416.0335041069599,99
2024-09-17 11:20:39.605000,416.0215341925935,103
2024-09-17 11:20:39.687000,416.05938990009935,9
2024-09-17 11:20:39.687000,416.0674871449729,98
2024-09-17 11:20:39.736000,416.0196169684096,1000
2024-09-17 11:20:39.834000,416.0457183555711,10
2024-09-17 11:20:39.959000,416.01877240937387,14
2024-09-17 11:20:39.964000,416.011811296928,10
2024-09-17 11:20:39.998000,416.0609448984952,99
2024-09-17 11:20:40.056000,415.9895909459758,998
2024-09-17 11:20:40.056000,416.0014184518372,14
2024-09-17 11:20:40.231000,415.98487785141015,1005
2024-09-17 11:20:40.237000,415.9747369106277,1003
2024-09-17 11:20:40.257000,415.9728519093001,1000
2024-09-17 11:20:40.267000,415.9856195424736,103
2024-09-17 11:20:40.297000,415.9805267699997,12
2024-09-17 11:20:40.342000,416.0007921324635,999
2024-09-17 11:20:40.369000,415.9906179981997,7
2024-09-17 11:20:40.389000,416.0069564680389,100
2024-09-17 11:20:40.432000,415.9958749376692,104
2024-09-17 11:20:40.434000,415.99308824863454,995
2024-09-17 11:20:40.452000,416.0108764344988,98
2024-09-17 11:20:40.507000,415.9989919422407,1002
2024-09-17 11:20:40.538000,416.0057060163427,995
2024-09-17 11:20:40.543000,415.99202406860326,95
2024-09-17 11:20:40.571000,416.0055008628234,6
2024-09-17 11:20:40.603000,415.9809127764555,997
2024-09-17 11:20:40.609000,415.9921753306024,998
2024-09-17 11:20:40.638000,416.0100822330008,10
2024-09-17 11:20:40.657000,415.9991444479588,995
2024-09-17 11:20:40.725000,415.9829389055034,1004
2024-09-17 11:20:40.819000,415.9904783600787,11
2024-09-17 11:20:40.845000,415.9766166718883,95
2024-09-17 11:20:40.865000,416.0058946649861,95
2024-09-17 11:20:40.965000,415.9881426102604,105
2024-09-17 11:20:40.992000,415.993019352283,103
2024-09-17 11:20:40.999000,416.0120421154785,103
2024-09-17 11:20:41.047000,416.00328449728977,12
2024-09-17 11:20:41.104000,416.0246639558733,98
2024-09-17 11:20:41.117000,416.0107676736826,6
2024-09-17 11:20:41.148000,416.0128531389475,98
2024-09-17 11:20:41.159000,416.0158777943884,1001
2024-09-17 11:20:41.218000,416.067716388905,104
2024-09-17 11:20:41.303000,416.0420976002681,11
2024-09-17 11:20:41.321000,416.0148707196509,5
2024-09-17 11:20:41.403000,416.0439572112736,15
2024-09-17 11:20:41.610000,416.0451673724402,995
2024-09-17 11:20:41.634000,416.02649743944033,999
2024-09-17 11:20:41.640000,416.0121983694722,104
2024-09-17 11:20:41.672000,416.0144077111728,101
2024-09-17 11:20:41.673000,416.0040774638189,103
2024-09-17 11:20:41.786000,416.0489903649506,104
2024-09-17 11:20:41.839000,415.9923956600909,100
2024-09-17 11:20:41.851000,416.0114763854794,97
2024-09-17 11:20:41.882000,416.0418426669543,1005
2024-09-17 11:20:41.897000,416.017406924295,12
2024-09-17 11:20:41.898000,416.0466543005749,102
2024-09-17 11:20:41.962000,416.0155363499894,13
2024-09-17 11:20:41.970000,416.0663016643657,997
2024-09-17 11:20:42.061000,416.0191161724771,1005
2024-09-17 11:20:42.158000,416.0344433191881,15
2024-09-17 11:20:42.183000,416.0188712817165,997
2024-09-17 11:20:42.263000,416.0321605553149,15
2024-09-17 11:20:42.265000,416.0332475984757,103
2024-09-17 11:20:42.277000,416.0303459305247,97
2024-09-17 11:20:42.338000,416.0312863738362,997
2024-09-17 11:20:42.494000,416.02460684594894,6
2024-09-17 11:20:42.546000,416.03105814779366,9
2024-09-17 11:20:42.644000,416.0221840958304,105
2024-09-17 11:20:42.962000,416.011109310685,9
2024-09-17 11:20:42.982000,416.0453370579044,1002
2024-09-17 11:20:43.096000,416.02095114927954,98
2024-09-17 11:20:43.134000,416.0129141921561,99
2024-09-17 11:20:43.253000,416.0114288258189,12
2024-09-17 11:20:43.306000,416.0205429113749,104
2024-09-17 11:20:43.461000,416.0237166141025,999
2024-09-17 11:20:43.855000,416.02775372831127,13
2024-09-17 11:20:43.928000,416.0165238743775,1002
2024-09-17 11:20:44.024000,416.0105342721652,14
2024-09-17 11:20:44.058000,416.0161450894723,102
2024-09-17 11:20:44.115000,416.0317178362712,11
2024-09-17 11:20:44.128000,415.9670067454038,1001
2024-09-17 11:20:44.167000,415.95173326381496,15
2024-09-17 11:20:44.214000,416.0241226752115,1004
2024-09-17 11:20:44.217000,415.9650287473003,998
2024-09-17 11:20:44.390000,415.9423291551121,9
2024-09-17 11:20:44.579000,415.9593772558567,996
2024-09-17 11:20:44.646000,416.0259138589982,999
2024-09-17 11:20:44.678000,415.9598377506628,1000
2024-09-17 11:20:44.694000,415.958429063461,102
2024-09-17 11:20:44.800000,415.9348768939941,995
2024-09-17 11:20:44.926000,415.9844974242518,100
2024-09-17 11:20:45.007000,415.9513505388642,999
2024-09-17 11:20:45.018000,416.0461886782801,15
2024-09-17 11:20:45.029000,416.0201779087382,997
2024-09-17 11:20:45.064000,415.9670296265272,6
2024-09-17 11:20:45.132000,415.973348545923,1002
2024-09-17 11:20:45.155000,416.0351803404491,14
2024-09-17 11:20:45.232000,415.9453581327758,96
2024-09-17 11:20:45.312000,415.92406457921226,15
2024-09-17 11:20:45.334000,415.94368760581074,98
2024-09-17 11:20:45.346000,415.9754675672581,997
2024-09-17 11:20:45.359000,415.9819691546039,1000
2024-09-17 11:20:45.403000,416.0415687270694,100
2024-09-17 11:20:45.487000,415.9855165123662,998
2024-09-17 11:20:45.595000,415.9798016517334,102
2024-09-17 11:20:45.599000,415.9737945719184,998
2024-09-17 11:20:45.611000,415.9368176065433,997
2024-09-17 11:20:45.690000,416.0620027758099,103
2024-09-17 11:20:45.701000,416.0010926492597,999
2024-09-17 11:20:45.712000,415.9814877003212,11
2024-09-17 11:20:45.716000,416.0382205009234,101
2024-09-17 11:20:45.776000,415.993773080881,98
2024-09-17 11:20:45.791000,415.9342678221241,8
2024-09-17 11:20:45.858000,416.0515768589914,105
2024-09-17 11:20:45.892000,415.96795450716127,10
2024-09-17 11:20:45.901000,415.9859392836128,14
2024-09-17 11:20:45.937000,416.0471847086224,995
2024-09-17 11:20:45.947000,415.9435764369443,997
2024-09-17 11:20:45.958000,415.9809870352208,998
2024-09-17 11:20:46.010000,416.0762502449367,14
2024-09-17 11:20:46.011000,416.09104385860735,99
2024-09-17 11:20:46.039000,416.0393205915213,6
2024-09-17 11:20:46.070000,416.0784980646616,95
2024-09-17 11:20:46.078000,416.0558545193943,1004
2024-09-17 11:20:46.109000,416.0687656132115,105
2024-09-17 11:20:46.126000,416.0682699396557,5
2024-09-17 11:20:46.183000,416.05843046517606,96
2024-09-17 11:20:46.184000,416.0584525803877,13
2024-09-17 11:20:46.201000,416.0597126563975,12
2024-09-17 11:20:46.210000,416.0613445688839,10
2024-09-17 11:20:46.240000,416.0754735137999,1003
2024-09-17 11:20:46.441000,416.0685903865104,10
2024-09-17 11:20:46.442000,416.05785299799066,998
2024-09-17 11:20:46.470000,416.07063075050297,7
2024-09-17 11:20:46.563000,416.071437722928,103
2024-09-17 11:20:46.594000,416.0480471038506,9
2024-09-17 11:20:46.614000,416.09112558472185,14
2024-09-17 11:20:46.620000,416.06839333939473,100
2024-09-17 11:20:46.673000,416.0782505956944,100
2024-09-17 11:20:46.693000,416.0771251544356,8
2024-09-17 11:20:46.710000,416.0845987339577,13
2024-09-17 11:20:46.736000,416.10283787061474,96
2024-09-17 11:20:46.792000,416.1072767083646,95
2024-09-17 11:20:46.862000,416.0872045220644,100
2024-09-17 11:20:46.908000,416.05821437560553,99
2024-09-17 11:20:46.962000,416.0238966389069,10
2024-09-17 11:20:46.977000,416.0714934252752,998
2024-09-17 11:20:47.046000,416.0311533457787,96
2024-09-17 11:20:47.055000,416.0540196895081,7
2024-09-17 11:20:47.126000,416.0221422952295,10
2024-09-17 11:20:47.153000,416.037113686505,10
2024-09-17 11:20:47.165000,416.06095949832576,10
2024-09-17 11:20:47.183000,416.033103603007,96
2024-09-17 11:20:47.244000,416.02309315774784,98
2024-09-17 11:20:47.364000,416.00529802689255,100
2024-09-17 11:20:47.402000,416.042495969857,102
2024-09-17 11:20:47.403000,416.01803710666553,996
2024-09-17 11:20:47.406000,415.983990689104,5
2024-09-17 11:20:47.444000,416.0502138340647,104
2024-09-17 11:20:47.461000,416.028784217141,102
2024-09-17 11:20:47.467000,416.023558468452,101
2024-09-17 11:20:47.479000,416.06225366601086,1002
2024-09-17 11:20:47.493000,416.0196228911652,1004
2024-09-17 11:20:47.502000,416.0468194071153,1005
2024-09-17 11:20:47.518000,416.0021304772805,1003
2024-09-17 11:20:47.579000,416.0420855443468,12
2024-09-17 11:20:47.681000,415.9756893041823,103
2024-09-17 11:20:47.701000,416.0609395322981,996
2024-09-17 11:20:47.735000,416.0062344336313,11
2024-09-17 11:20:47.742000,415.9618132989472,9
2024-09-17 11:20:47.790000,416.03960328968896,98
2024-09-17 11:20:47.806000,416.0254403180926,1000
2024-09-17 11:20:47.849000,416.0351426012676,1001
2024-09-17 11:20:47.880000,416.0432206141712,5
2024-09-17 11:20:47.898000,416.0266957561188,96
2024-09-17 11:20:47.981000,415.9644001838257,96
2024-09-17 11:20:48.174000,415.9603218364365,6
2024-09-17 11:20:48.217000,416.0075602356048,14
2024-09-17 11:20:48.279000,415.9794626373347,104
2024-09-17 11:20:48.308000,415.9746998882294,1003
2024-09-17 11:20:48.432000,415.94287600973934,13
2024-09-17 11:20:48.606000,415.98882946594966,1001
2024-09-17 11:20:48.735000,415.98787614912,15
2024-09-17 11:20:48.741000,415.98692323759,95
2024-09-17 11:20:48.770000,415.9837898572391,12
2024-09-17 11:20:48.852000,415.9384305480878,997
2024-09-17 11:20:48.880000,415.9880737286312,102
2024-09-17 11:20:48.898000,416.0028285485636,1000
2024-09-17 11:20:49.042000,415.9744502197822,997
2024-09-17 11:20:49.123000,415.9740016968436,11
2024-09-17 11:20:49.171000,415.9819306270773,11
2024-09-17 11:20:49.202000,415.98971279015376,96
2024-09-17 11:20:49.217000,415.966126421004,8
2024-09-17 11:20:49.258000,415.9772543111112,1000
2024-09-17 11:20:49.313000,415.9683033776938,14
2024-09-17 11:20:49.378000,415.98119329666,6
2024-09-17 11:20:49.402000,415.9725122569048,998
2024-09-17 11:20:49.465000,415.97154695652887,105
2024-09-17 11:20:49.510000,415.98514882717296,1005
2024-09-17 11:20:49.571000,415.9855458688508,9
2024-09-17 11:20:49.582000,415.9320312330959,5
2024-09-17 11:20:49.613000,415.9744451491719,10
2024-09-17 11:20:49.657000,416.0016030403024,7
2024-09-17 11:20:49.674000,415.9698278387296,95
2024-09-17 11:20:49.675000,415.9869746307214,13
2024-09-17 11:20:49.891000,415.9594437546301,102
2024-09-17 11:20:49.907000,415.975849485144,995
2024-09-17 11:20:49.974000,415.9787078423888,1003
2024-09-17 11:20:50.051000,415.973758215857,103
2024-09-17 11:20:50.142000,415.9589920962978,8
2024-09-17 11:20:50.203000,415.98467829336727,99
2024-09-17 11:20:50.295000,415.9884428262776,96
2024-09-17 11:20:50.296000,415.9807044554629,98
2024-09-17 11:20:50.373000,415.9732734499836,98
2024-09-17 11:20:50.417000,415.9655310261613,995
2024-09-17 11:20:50.707000,415.9718030085079,104
2024-09-17 11:20:50.874000,415.9467068073513,1002
2024-09-17 11:20:50.948000,415.9713851847412,1003
2024-09-17 11:20:50.980000,415.971246618443,11
2024-09-17 11:20:51.052000,415.9929054572927,100
2024-09-17 11:20:51.070000,415.9979317082836,15
2024-09-17 11:20:51.083000,415.9849588537108,99
2024-09-17 11:20:51.108000,415.9813787316672,103
2024-09-17 11:20:51.155000,415.97426055560186,12
2024-09-17 11:20:51.228000,416.00239143534816,95
2024-09-17 11:20:51.237000,415.981755809205,1003
2024-09-17 11:20:51.289000,415.9821796368578,103
2024-09-17 11:20:51.338000,415.9677136147811,100
2024-09-17 11:20:51.340000,415.9985749138352,1005
2024-09-17 11:20:51.341000,415.9819378132293,6
2024-09-17 11:20:51.386000,415.9673128851984,1000
2024-09-17 11:20:51.422000,415.96168885634967,97
2024-09-17 11:20:51.441000,415.9842524057448,11
2024-09-17 11:20:51.448000,415.9913952415281,8
2024-09-17 11:20:51.467000,415.9736056908392,8
2024-09-17 11:20:51.501000,415.9850676719343,1001
2024-09-17 11:20:51.572000,416.00963473352607,996
2024-09-17 11:20:51.625000,415.9678937142551,7
2024-09-17 11:20:51.632000,415.98860595326937,97
2024-09-17 11:20:51.643000,415.9700248337124,1000
2024-09-17 11:20:51.698000,415.98659765086666,11
2024-09-17 11:20:51.702000,415.9680146683254,996
2024-09-17 11:20:51.717000,415.9747308837233,14
2024-09-17 11:20:51.791000,415.984430236254,15
2024-09-17 11:20:51.800000,416.0004112938866,12
2024-09-17 11:20:51.816000,415.9921964040284,13
2024-09-17 11:20:51.885000,415.971128253,1002
2024-09-17 11:20:51.970000,415.9622181810792,1003
2024-09-17 11:20:52.021000,416.05402913271575,95
2024-09-17 11:20:52.031000,416.0348629783278,1003
2024-09-17 11:20:52.039000,415.9824116282631,12
2024-09-17 11:20:52.063000,416.0496446218028,997
2024-09-17 11:20:52.107000,416.0156528994221,96
2024-09-17 11:20:52.186000,415.9829372647417,1000
2024-09-17 11:20:52.188000,416.0343937931205,996
2024-09-17 11:20:52.198000,416.0199775046476,14
2024-09-17 11:20:52.207000,416.00855349572544,12
2024-09-17 11:20:52.207000,416.01297016950673,103
2024-09-17 11:20:52.211000,416.0030913701602,997
2024-09-17 11:20:52.288000,415.9979979592829,104
2024-09-17 11:20:52.300000,416.0243495531436,997
2024-09-17 11:20:52.340000,416.0033491985848,1000
2024-09-17 11:20:52.348000,416.0166876017685,12
2024-09-17 11:20:52.432000,416.0483318342721,95
2024-09-17 11:20:52.481000,416.0245322567162,99
2024-09-17 11:20:52.547000,416.0314715430528,104
2024-09-17 11:20:52.581000,416.0141955675507,1000
2024-09-17 11:20:52.627000,415.9909253675365,7
2024-09-17 11:20:52.648000,416.0083012674114,8
2024-09-17 11:20:52.658000,416.0164066752641,1002
2024-09-17 11:20:52.685000,415.98595976662216,14
2024-09-17 11:20:52.772000,416.0032054951357,7
2024-09-17 11:20:52.806000,416.031199906976,102
2024-09-17 11:20:52.809000,416.0236969480953,1003
2024-09-17 11:20:52.834000,416.03823765622286,97
2024-09-17 11:20:52.880000,416.0126670622437,7
2024-09-17 11:20:52.946000,416.0273599998608,7
2024-09-17 11:20:53.104000,416.0301003214374,999
2024-09-17 11:20:53.107000,416.0343895877698,100
2024-09-17 11:20:53.144000,416.02580867774606,997
2024-09-17 11:20:53.252000,416.0474533832973,999
2024-09-17 11:20:53.257000,416.0499802965816,1003
2024-09-17 11:20:53.296000,416.0203438206349,100
2024-09-17 11:20:53.338000,416.03811724235845,101
2024-09-17 11:20:53.386000,416.0273122790439,8
2024-09-17 11:20:53.517000,415.9989608151027,97
2024-09-17 11:20:53.520000,416.0349214999824,7
2024-09-17 11:20:53.628000,416.0426016086657,102
2024-09-17 11:20:53.711000,416.0308394679499,6
2024-09-17 11:20:53.733000,416.0303429196195,95
2024-09-17 11:20:53.792000,416.0141094278565,1005
2024-09-17 11:20:53.966000,416.0387071489515,1004
2024-09-17 11:20:54.006000,416.0854949150413,97
2024-09-17 11:20:54.110000,416.0501539430108,998
2024-09-17 11:20:54.324000,416.094576347587,1003
2024-09-17 11:20:54.430000,416.0980958361284,100
2024-09-17 11:20:54.480000,416.0750211806498,104
2024-09-17 11:20:54.598000,416.0749906752861,6
2024-09-17 11:20:54.726000,416.09731954945,1005
2024-09-17 11:20:54.890000,416.0814569628528,1000
2024-09-17 11:20:54.911000,416.0844804591719,96
2024-09-17 11:20:54.933000,416.073508840948,15
2024-09-17 11:20:54.957000,416.0995970107417,10
2024-09-17 11:20:54.978000,416.084702834949,1001
2024-09-17 11:20:55.099000,416.046310691057,96
2024-09-17 11:20:55.175000,416.055913137418,98
2024-09-17 11:20:55.193000,416.0298022874449,1003
2024-09-17 11:20:55.204000,416.0716131386305,1002
2024-09-17 11:20:55.283000,416.0437582667834,7
2024-09-17 11:20:55.327000,416.1027789909246,100
2024-09-17 11:20:55.389000,416.04907150677,12
2024-09-17 11:20:55.392000,416.0669421503422,14
2024-09-17 11:20:55.409000,416.0233029337443,8
2024-09-17 11:20:55.410000,416.0374127988684,103
2024-09-17 11:20:55.429000,416.0513527286464,98
2024-09-17 11:20:55.540000,416.0739146207853,999
2024-09-17 11:20:55.568000,416.101807934781,14
2024-09-17 11:20:55.586000,416.0713288046514,105
2024-09-17 11:20:55.598000,416.0812069554486,99
2024-09-17 11:20:55.611000,416.08712725308095,10
2024-09-17 11:20:55.631000,416.0771224424169,10
2024-09-17 11:20:55.655000,416.04389624608496,1000
2024-09-17 11:20:55.758000,416.1205268192661,104
2024-09-17 11:20:55.784000,416.1067668458676,12
2024-09-17 11:20:55.886000,416.0367812408744,102
2024-09-17 11:20:55.896000,416.0384315991879,100
2024-09-17 11:20:55.987000,416.0139028864327,995
2024-09-17 11:20:56.028000,415.9864363693318,11
2024-09-17 11:20:56.127000,416.0020810364919,998
2024-09-17 11:20:56.167000,416.0010990117351,7
2024-09-17 11:20:56.212000,416.0022910365429,999
2024-09-17 11:20:56.216000,416.0003839683309,13
2024-09-17 11:20:56.227000,416.0035998224305,11
2024-09-17 11:20:56.247000,416.032367001532,101
2024-09-17 11:20:56.260000,416.01320438351513,100
2024-09-17 11:20:56.290000,416.0099484259335,1000
2024-09-17 11:20:56.300000,416.008541837123,6
2024-09-17 11:20:56.322000,415.99756076948887,1001
2024-09-17 11:20:56.482000,416.00997634806566,105
2024-09-17 11:20:56.539000,415.9705225826418,1001
2024-09-17 11:20:56.628000,415.9906320813652,95
2024-09-17 11:20:56.628000,415.9730035807842,98
2024-09-17 11:20:56.713000,415.9926405342897,95
2024-09-17 11:20:56.767000,416.0510686451304,11
2024-09-17 11:20:56.778000,415.9662669999811,5
2024-09-17 11:20:56.821000,415.9726535541716,101
2024-09-17 11:20:56.864000,416.0442892010339,99
2024-09-17 11:20:56.868000,416.0100580036475,997
2024-09-17 11:20:57.136000,416.051417030382,997
2024-09-17 11:20:57.172000,416.0552718444879,5
2024-09-17 11:20:57.236000,416.0986325440313,1002
2024-09-17 11:20:57.241000,416.0992459928042,12
2024-09-17 11:20:57.317000,416.1065769772492,7
2024-09-17 11:20:57.419000,416.0894601413805,1003
2024-09-17 11:20:57.458000,416.09455039354486,7
2024-09-17 11:20:57.460000,416.09374875156334,96
2024-09-17 11:20:57.610000,416.0382703943355,97
2024-09-17 11:20:57.728000,416.014223587193,95
2024-09-17 11:20:57.779000,416.0615246472611,1001
2024-09-17 11:20:57.950000,416.0326698501729,95
2024-09-17 11:20:57.960000,416.1021841116654,999
2024-09-17 11:20:57.976000,416.10139024893977,1005
2024-09-17 11:20:57.984000,415.99970958078313,13
2024-09-17 11:20:58.149000,416.095308198768,1000
2024-09-17 11:20:58.442000,416.0974896067572,101
2024-09-17 11:20:59.050000,416.078314353098,100
2024-09-17 11:20:59.142000,416.0831955205208,6
2024-09-17 11:20:59.413000,416.0896101267792,9
2024-09-17 11:20:59.432000,416.08675895358914,15
2024-09-17 11:20:59.465000,416.0870127531692,9
2024-09-17 11:20:59.518000,416.0713141270071,7
2024-09-17 11:20:59.529000,416.081673475308,13
2024-09-17 11:20:59.603000,416.08198950902,12
2024-09-17 11:20:59.687000,416.07533365040325,105
2024-09-17 11:20:59.807000,416.0947581783406,95
2024-09-17 11:20:59.840000,416.0724716210572,98
2024-09-17 11:20:59.877000,416.0962022978167,102
