Timestamp,Price,Size
2024-09-19 11:11:00.864000,419.9461985281026,1002
2024-09-19 11:11:01.084000,419.9549544253461,999
2024-09-19 11:11:01.343000,419.9361302023728,11
2024-09-19 11:11:01.397000,419.9642726587805,1005
2024-09-19 11:11:01.493000,419.943933786847,104
2024-09-19 11:11:01.506000,419.9328308805823,998
2024-09-19 11:11:01.651000,419.9674002548772,1002
2024-09-19 11:11:01.753000,419.9661505871478,13
2024-09-19 11:11:01.789000,419.902415552298,104
2024-09-19 11:11:01.847000,419.9602369227942,1000
2024-09-19 11:11:01.860000,419.9420394257584,995
2024-09-19 11:11:01.972000,419.98119056938737,1001
2024-09-19 11:11:01.988000,419.964840746564,1005
2024-09-19 11:11:02.044000,419.90697317270633,100
2024-09-19 11:11:02.238000,419.88417220008927,8
2024-09-19 11:11:02.774000,419.9014946260348,11
2024-09-19 11:11:02.809000,419.9083121563407,98
2024-09-19 11:11:02.842000,419.9154750211675,1002
2024-09-19 11:11:02.913000,419.8875471133948,997
2024-09-19 11:11:02.992000,419.8998501166578,1003
2024-09-19 11:11:03.016000,419.83766326695786,13
2024-09-19 11:11:03.021000,419.88273453574885,8
2024-09-19 11:11:03.198000,419.8548142390941,11
2024-09-19 11:11:03.201000,419.875327240353,11
2024-09-19 11:11:03.365000,419.89557351878574,97
2024-09-19 11:11:03.371000,419.8834554885916,10
2024-09-19 11:11:03.418000,419.8941670760154,5
2024-09-19 11:11:03.655000,419.8701078037364,10
2024-09-19 11:11:03.698000,419.8937423013581,9
2024-09-19 11:11:03.736000,419.8906874273204,1000
2024-09-19 11:11:03.739000,419.8939525982479,7
2024-09-19 11:11:03.748000,419.840182924931,9
2024-09-19 11:11:03.763000,419.8133693000503,1004
2024-09-19 11:11:03.811000,419.8634391010592,5
2024-09-19 11:11:03.927000,419.9064673091444,6
2024-09-19 11:11:05.173000,419.7749074724876,5
2024-09-19 11:11:05.268000,419.80854003188784,1005
2024-09-19 11:11:05.318000,419.7799423930712,1005
2024-09-19 11:11:05.469000,419.77198547114415,8
2024-09-19 11:11:05.553000,419.7889059120231,96
2024-09-19 11:11:05.644000,419.7898447781516,11
2024-09-19 11:11:05.662000,419.7552714239686,995
2024-09-19 11:11:05.664000,419.7758942782997,998
2024-09-19 11:11:05.695000,419.7730504258887,1004
2024-09-19 11:11:05.845000,419.7704275995241,9
2024-09-19 11:11:06.053000,419.7331305558121,100
2024-09-19 11:11:06.134000,419.7500596646431,1002
2024-09-19 11:11:06.170000,419.7462640679904,15
2024-09-19 11:11:06.390000,419.7204513830743,1004
2024-09-19 11:11:06.591000,419.7233551942565,105
2024-09-19 11:11:06.952000,419.77594672075975,102
2024-09-19 11:11:07.039000,419.7525159849194,998
2024-09-19 11:11:07.047000,419.7891624922892,13
2024-09-19 11:11:07.129000,419.79852115503263,105
2024-09-19 11:11:07.155000,419.7928903518054,1000
2024-09-19 11:11:07.230000,419.783530766735,14
2024-09-19 11:11:07.360000,419.76360901597405,1000
2024-09-19 11:11:07.407000,419.7881597282673,12
2024-09-19 11:11:07.443000,419.77831889137417,6
2024-09-19 11:11:07.460000,419.791171984226,6
2024-09-19 11:11:07.540000,419.7573945423738,11
2024-09-19 11:11:07.643000,419.7752544097688,996
2024-09-19 11:11:07.750000,419.7863025744525,1003
2024-09-19 11:11:07.759000,419.7757172847161,1002
2024-09-19 11:11:07.761000,419.7962293790806,1004
2024-09-19 11:11:07.791000,419.75290839869433,5
2024-09-19 11:11:07.893000,419.775090236441,1005
2024-09-19 11:11:07.898000,419.7704733296407,102
2024-09-19 11:11:07.918000,419.7504297211283,103
2024-09-19 11:11:07.945000,419.7836758109721,1001
2024-09-19 11:11:08.031000,419.7997656818457,998
2024-09-19 11:11:08.034000,419.7977065602673,96
2024-09-19 11:11:08.075000,419.8346918600976,102
2024-09-19 11:11:08.086000,419.7728533606196,8
2024-09-19 11:11:08.121000,419.7729016765328,11
2024-09-19 11:11:08.129000,419.7787529636624,104
2024-09-19 11:11:08.194000,419.7946694620909,998
2024-09-19 11:11:08.264000,419.7836224607375,103
2024-09-19 11:11:08.281000,419.8160023571688,96
2024-09-19 11:11:08.341000,419.79133217327785,105
2024-09-19 11:11:08.445000,419.7989222843677,100
2024-09-19 11:11:08.469000,419.791151736761,11
2024-09-19 11:11:08.469000,419.8072223430209,996
2024-09-19 11:11:08.551000,419.7953295757008,97
2024-09-19 11:11:08.628000,419.7949869471824,103
2024-09-19 11:11:08.748000,419.7961462653936,100
2024-09-19 11:11:08.779000,419.805712537485,98
2024-09-19 11:11:08.789000,419.8003296607639,98
2024-09-19 11:11:08.794000,419.7956379153358,103
2024-09-19 11:11:08.877000,419.7757242095964,97
2024-09-19 11:11:08.886000,419.7770852525712,996
2024-09-19 11:11:08.913000,419.7805011162604,1004
2024-09-19 11:11:08.928000,419.7937966154591,995
2024-09-19 11:11:08.991000,419.7735921797503,13
2024-09-19 11:11:09.024000,419.8810495334373,101
2024-09-19 11:11:09.030000,419.87550087495055,96
2024-09-19 11:11:09.046000,419.879170093983,105
2024-09-19 11:11:09.053000,419.87927302505074,97
2024-09-19 11:11:09.073000,419.8703736012643,9
2024-09-19 11:11:09.118000,419.86819873083135,997
2024-09-19 11:11:09.222000,419.8709662063404,1000
2024-09-19 11:11:09.224000,419.8558979144879,1004
2024-09-19 11:11:09.233000,419.8354770448235,1000
2024-09-19 11:11:09.283000,419.8827484109838,12
2024-09-19 11:11:09.417000,419.9114051938202,8
2024-09-19 11:11:09.463000,419.8799925846104,15
2024-09-19 11:11:09.555000,419.8765464555647,10
2024-09-19 11:11:09.557000,419.8714657135093,100
2024-09-19 11:11:09.583000,419.8807733708149,5
2024-09-19 11:11:09.612000,419.9254355322398,104
2024-09-19 11:11:09.678000,419.8716421772143,14
2024-09-19 11:11:09.706000,419.8802463291168,15
2024-09-19 11:11:09.722000,419.9004802012613,997
2024-09-19 11:11:09.762000,419.869975724125,9
2024-09-19 11:11:09.764000,419.8676079405138,5
2024-09-19 11:11:09.775000,419.8582566269583,14
2024-09-19 11:11:09.784000,419.8502149385386,12
2024-09-19 11:11:09.860000,419.8404100678478,100
2024-09-19 11:11:10.017000,419.8425763465201,99
2024-09-19 11:11:10.020000,419.8246843361122,97
2024-09-19 11:11:10.080000,419.8960255982269,997
2024-09-19 11:11:10.128000,419.8921167027776,1005
2024-09-19 11:11:10.177000,419.9034040027653,95
2024-09-19 11:11:10.220000,419.8843806440406,1000
2024-09-19 11:11:10.229000,419.8734121167586,101
2024-09-19 11:11:10.244000,419.913680712003,6
2024-09-19 11:11:10.316000,419.8901948609964,1005
2024-09-19 11:11:10.327000,419.86856718841807,6
2024-09-19 11:11:10.410000,419.88581903721257,1002
2024-09-19 11:11:10.523000,419.8900834246722,95
2024-09-19 11:11:10.599000,419.8580562080732,1003
2024-09-19 11:11:10.611000,419.8738590443248,1003
2024-09-19 11:11:10.681000,419.86860657033566,105
2024-09-19 11:11:10.722000,419.9221093312376,102
2024-09-19 11:11:10.787000,419.87652151464783,1000
2024-09-19 11:11:10.804000,419.8981600271353,1002
2024-09-19 11:11:10.935000,419.8173019494986,99
2024-09-19 11:11:12.056000,419.8334299906713,997
2024-09-19 11:11:12.097000,419.8556318713081,5
2024-09-19 11:11:12.113000,419.8328324443117,1002
2024-09-19 11:11:12.130000,419.8413776394316,9
2024-09-19 11:11:12.147000,419.8314308547849,999
2024-09-19 11:11:12.281000,419.8562659329498,1002
2024-09-19 11:11:12.407000,419.8689649119671,13
2024-09-19 11:11:12.509000,419.84792711662567,12
2024-09-19 11:11:12.525000,419.8284197170888,15
2024-09-19 11:11:12.556000,419.826598244576,100
2024-09-19 11:11:12.575000,419.82183095545565,99
2024-09-19 11:11:12.618000,419.82585365899047,7
2024-09-19 11:11:12.632000,419.84024089686,5
2024-09-19 11:11:12.636000,419.81973985819,1001
2024-09-19 11:11:12.664000,419.8535386056007,11
2024-09-19 11:11:12.690000,419.8352444071454,101
2024-09-19 11:11:12.719000,419.841937754999,99
2024-09-19 11:11:12.762000,419.8409580886185,5
2024-09-19 11:11:12.889000,419.849067455468,8
2024-09-19 11:11:13.104000,419.80957331158186,998
2024-09-19 11:11:13.522000,419.8152125185295,11
2024-09-19 11:11:13.767000,419.8041701106268,1000
2024-09-19 11:11:13.944000,419.8123595358055,104
2024-09-19 11:11:13.959000,419.8241446474253,1003
2024-09-19 11:11:13.982000,419.8137558772264,11
2024-09-19 11:11:14.093000,419.860923794921,96
2024-09-19 11:11:14.093000,419.8210471297036,100
2024-09-19 11:11:14.128000,419.8396438056269,100
2024-09-19 11:11:14.128000,419.8579108370293,1005
2024-09-19 11:11:14.133000,419.84339389293046,9
2024-09-19 11:11:14.179000,419.849019563814,999
2024-09-19 11:11:14.303000,419.8369878779652,998
2024-09-19 11:11:14.308000,419.8282072749279,7
2024-09-19 11:11:14.312000,419.84633140683854,8
2024-09-19 11:11:14.366000,419.83326655090457,998
2024-09-19 11:11:14.382000,419.8434658282048,96
2024-09-19 11:11:14.386000,419.8324690894351,104
2024-09-19 11:11:14.428000,419.8183123558762,101
2024-09-19 11:11:14.516000,419.84626159602993,103
2024-09-19 11:11:14.568000,419.83294132715247,96
2024-09-19 11:11:14.605000,419.8345605503742,105
2024-09-19 11:11:14.668000,419.8223049803404,5
2024-09-19 11:11:14.693000,419.8588333120907,9
2024-09-19 11:11:14.747000,419.8149952424967,5
2024-09-19 11:11:14.792000,419.84212584679074,12
2024-09-19 11:11:14.794000,419.8522820046763,11
2024-09-19 11:11:14.880000,419.8325658646631,1002
2024-09-19 11:11:14.896000,419.83682239230336,95
2024-09-19 11:11:14.940000,419.8521555549078,95
2024-09-19 11:11:15.001000,419.89236743906713,5
2024-09-19 11:11:15.040000,419.8457651898017,100
2024-09-19 11:11:15.094000,419.9059978425274,13
2024-09-19 11:11:15.097000,419.8883401888108,8
2024-09-19 11:11:15.110000,419.8528923354464,99
2024-09-19 11:11:15.128000,419.898619984725,1000
2024-09-19 11:11:15.370000,419.8727534487013,13
2024-09-19 11:11:15.377000,419.90938754052735,97
2024-09-19 11:11:15.382000,419.9021991017879,1004
2024-09-19 11:11:15.406000,419.8972750441009,104
2024-09-19 11:11:15.490000,419.90816609946575,95
2024-09-19 11:11:15.520000,419.8882661160184,997
2024-09-19 11:11:15.618000,419.8715222825397,9
2024-09-19 11:11:15.666000,419.9030041803628,101
2024-09-19 11:11:15.680000,419.8962081642858,102
2024-09-19 11:11:15.792000,419.9066052125662,999
2024-09-19 11:11:15.807000,419.90643195702216,1000
2024-09-19 11:11:15.848000,419.9073791836071,6
2024-09-19 11:11:15.853000,419.8950584069829,12
2024-09-19 11:11:15.888000,419.90795415481466,1003
2024-09-19 11:11:15.960000,419.8829462421817,1002
2024-09-19 11:11:15.968000,419.9146039100979,10
2024-09-19 11:11:16.197000,419.8635532435238,97
2024-09-19 11:11:16.250000,419.9379652357799,14
2024-09-19 11:11:16.256000,419.90347695623024,96
2024-09-19 11:11:16.368000,419.8847918303122,8
2024-09-19 11:11:16.387000,419.9041982472962,95
2024-09-19 11:11:16.392000,419.9053364102356,1004
2024-09-19 11:11:16.397000,419.86732258981806,1000
2024-09-19 11:11:16.421000,419.90328742369024,1005
2024-09-19 11:11:16.474000,419.9334080296395,8
2024-09-19 11:11:16.477000,419.8933673529875,5
2024-09-19 11:11:16.581000,419.894505729846,10
2024-09-19 11:11:16.582000,419.8799411411019,998
2024-09-19 11:11:16.639000,419.93906982991086,105
2024-09-19 11:11:16.649000,419.8812062782103,998
2024-09-19 11:11:16.704000,419.911064628895,1001
2024-09-19 11:11:16.774000,419.8985428541867,7
2024-09-19 11:11:16.776000,419.878699943116,1002
2024-09-19 11:11:16.779000,419.8944834368493,6
2024-09-19 11:11:16.783000,419.8587185618245,1003
2024-09-19 11:11:16.831000,419.8666882984542,100
2024-09-19 11:11:16.891000,419.9137210961539,1004
2024-09-19 11:11:16.910000,419.8854950690733,13
2024-09-19 11:11:16.926000,419.8971376732098,95
2024-09-19 11:11:16.934000,419.8782868425132,996
2024-09-19 11:11:17.066000,419.8539572935363,5
2024-09-19 11:11:17.403000,419.8397783000368,6
2024-09-19 11:11:17.416000,419.8994411131969,1004
2024-09-19 11:11:17.518000,419.8716930746534,100
2024-09-19 11:11:17.775000,419.8674974038928,101
2024-09-19 11:11:17.788000,419.8543205210796,1000
2024-09-19 11:11:17.801000,419.83689198507886,997
2024-09-19 11:11:17.973000,419.8531158856218,102
2024-09-19 11:11:18.115000,419.8374653277007,98
2024-09-19 11:11:18.188000,419.8080888967357,98
2024-09-19 11:11:18.234000,419.8304961033092,1000
2024-09-19 11:11:18.273000,419.81699682988005,98
2024-09-19 11:11:18.298000,419.8466817049993,96
2024-09-19 11:11:18.307000,419.8224181259647,7
2024-09-19 11:11:18.317000,419.84292860992286,14
2024-09-19 11:11:18.319000,419.800390263328,998
2024-09-19 11:11:18.330000,419.8210265969589,1005
2024-09-19 11:11:18.347000,419.825840328938,998
2024-09-19 11:11:18.381000,419.81944875268096,997
2024-09-19 11:11:18.418000,419.8328034776892,5
2024-09-19 11:11:18.580000,419.853951670024,97
2024-09-19 11:11:18.601000,419.83973759230906,101
2024-09-19 11:11:18.753000,419.8518256856468,100
2024-09-19 11:11:18.827000,419.8165504500103,998
2024-09-19 11:11:18.851000,419.8122977450759,101
2024-09-19 11:11:18.894000,419.8146681272688,14
2024-09-19 11:11:18.920000,419.8058293541008,98
2024-09-19 11:11:18.937000,419.8501679993422,996
2024-09-19 11:11:19.612000,419.8195809209712,5
2024-09-19 11:11:20.002000,419.83771734939415,11
2024-09-19 11:11:20.008000,419.800299872408,99
2024-09-19 11:11:20.137000,419.8165690392236,102
2024-09-19 11:11:20.148000,419.88519673941937,1001
2024-09-19 11:11:20.215000,419.8681333761016,105
2024-09-19 11:11:20.282000,419.9069448890065,10
2024-09-19 11:11:20.328000,419.8716316540986,995
2024-09-19 11:11:20.370000,419.8688993374205,104
2024-09-19 11:11:20.393000,419.8515030916128,1002
2024-09-19 11:11:20.445000,419.8199552422994,1005
2024-09-19 11:11:20.461000,419.9054663791538,998
2024-09-19 11:11:20.510000,419.88623309710846,6
2024-09-19 11:11:20.573000,419.9287719833497,15
2024-09-19 11:11:20.591000,419.8766218655562,98
2024-09-19 11:11:20.724000,419.78865328404834,14
2024-09-19 11:11:20.822000,419.8143276319223,103
2024-09-19 11:11:20.851000,419.8653750557688,6
2024-09-19 11:11:20.855000,419.923572878765,14
2024-09-19 11:11:20.903000,419.91309344512615,1001
2024-09-19 11:11:21.109000,419.931566968086,99
2024-09-19 11:11:21.255000,419.9407335628064,999
2024-09-19 11:11:21.268000,419.9350850779181,104
2024-09-19 11:11:21.299000,419.9448683586132,995
2024-09-19 11:11:21.353000,419.9288122728169,102
2024-09-19 11:11:21.356000,419.9372390106746,999
2024-09-19 11:11:21.358000,419.96477349521297,6
2024-09-19 11:11:21.558000,419.9659328030764,102
2024-09-19 11:11:21.594000,419.93413528157095,10
2024-09-19 11:11:21.667000,419.925126645655,104
2024-09-19 11:11:21.691000,419.9425253858449,5
2024-09-19 11:11:21.741000,419.9324075221352,995
2024-09-19 11:11:21.754000,419.945730354264,14
2024-09-19 11:11:21.799000,419.9662163596578,12
2024-09-19 11:11:21.807000,419.947257961484,11
2024-09-19 11:11:21.843000,419.9521666540442,1003
2024-09-19 11:11:21.904000,419.9344030072794,6
2024-09-19 11:11:21.932000,419.9578286215981,98
2024-09-19 11:11:22.025000,419.927896016104,13
2024-09-19 11:11:22.053000,419.9211361000649,996
2024-09-19 11:11:22.084000,419.9306755250235,15
2024-09-19 11:11:22.165000,419.9434889059839,102
2024-09-19 11:11:22.199000,419.9360702269727,1002
2024-09-19 11:11:22.217000,419.92239818158833,13
2024-09-19 11:11:22.218000,419.94290378953394,100
2024-09-19 11:11:22.289000,419.9392210117851,1002
2024-09-19 11:11:22.302000,419.92222551355786,1002
2024-09-19 11:11:22.356000,419.9201381138517,995
2024-09-19 11:11:22.363000,419.9368720829761,103
2024-09-19 11:11:22.379000,419.9241224531033,997
2024-09-19 11:11:22.472000,419.93458893532153,15
2024-09-19 11:11:22.476000,419.9377301637635,1001
2024-09-19 11:11:22.511000,419.930758356337,11
2024-09-19 11:11:22.530000,419.9123711769212,11
2024-09-19 11:11:22.553000,419.8982086330474,97
2024-09-19 11:11:22.565000,419.9170334189329,997
2024-09-19 11:11:22.593000,419.9221042645791,7
2024-09-19 11:11:22.672000,419.9410314604222,997
2024-09-19 11:11:22.707000,419.940468950556,5
2024-09-19 11:11:22.773000,419.9226619668722,99
2024-09-19 11:11:22.919000,419.9428571839821,10
2024-09-19 11:11:22.953000,419.9303823048531,98
2024-09-19 11:11:22.988000,419.9253878559485,997
2024-09-19 11:11:23.447000,419.92757255065726,14
2024-09-19 11:11:23.555000,419.9306987262143,104
2024-09-19 11:11:23.668000,419.9288494307984,996
2024-09-19 11:11:23.681000,419.92970319976746,97
2024-09-19 11:11:23.913000,419.9425199704591,98
2024-09-19 11:11:24.023000,419.8817436670757,15
2024-09-19 11:11:24.023000,419.88553282414193,1004
2024-09-19 11:11:24.117000,419.8754306020355,1003
2024-09-19 11:11:24.121000,419.87303255590655,5
2024-09-19 11:11:24.142000,419.873864510895,96
2024-09-19 11:11:24.149000,419.86838965596087,102
2024-09-19 11:11:24.152000,419.88528958058777,1000
2024-09-19 11:11:24.209000,419.89055082873017,5
2024-09-19 11:11:24.343000,419.895701020581,97
2024-09-19 11:11:24.350000,419.8863964200031,1005
2024-09-19 11:11:24.385000,419.8932971415746,5
2024-09-19 11:11:24.438000,419.9076694247644,1002
2024-09-19 11:11:24.455000,419.8935177604702,95
2024-09-19 11:11:24.483000,419.862944605529,1005
2024-09-19 11:11:24.483000,419.8669591512754,14
2024-09-19 11:11:24.589000,419.88476987954806,104
2024-09-19 11:11:24.595000,419.8728452987072,997
2024-09-19 11:11:24.620000,419.8995830620416,999
2024-09-19 11:11:24.658000,419.8697421804063,996
2024-09-19 11:11:24.766000,419.90643228314366,104
2024-09-19 11:11:24.768000,419.8874915286063,95
2024-09-19 11:11:24.800000,419.887070795672,7
2024-09-19 11:11:24.867000,419.90126179507513,10
2024-09-19 11:11:24.873000,419.8721150850098,103
2024-09-19 11:11:24.880000,419.88699768950414,104
2024-09-19 11:11:24.892000,419.8982287102259,1002
2024-09-19 11:11:25.008000,419.86942194382806,97
2024-09-19 11:11:25.520000,419.8777017466069,997
2024-09-19 11:11:25.552000,419.8805920623954,5
2024-09-19 11:11:25.942000,419.8805523958818,11
2024-09-19 11:11:26.136000,419.85998748388624,99
2024-09-19 11:11:26.236000,419.8769099017822,1004
2024-09-19 11:11:26.274000,419.8833455117524,5
2024-09-19 11:11:26.422000,419.86797271463655,14
2024-09-19 11:11:26.515000,419.872580943557,100
2024-09-19 11:11:26.564000,419.8921064207861,15
2024-09-19 11:11:26.571000,419.8600575990842,1001
2024-09-19 11:11:26.582000,419.8596051023882,96
2024-09-19 11:11:26.703000,419.8510477544809,1005
2024-09-19 11:11:26.953000,419.8672493864048,98
2024-09-19 11:11:26.979000,419.86279172718855,1002
2024-09-19 11:11:26.988000,419.8862132504755,105
2024-09-19 11:11:27.025000,419.904823017854,12
2024-09-19 11:11:27.150000,419.90641584847714,103
2024-09-19 11:11:27.159000,419.89985138347913,100
2024-09-19 11:11:27.202000,419.90551296950986,97
2024-09-19 11:11:27.336000,419.8918597293375,1000
2024-09-19 11:11:27.354000,419.8626908935556,1005
2024-09-19 11:11:27.355000,419.8910266591009,97
2024-09-19 11:11:27.373000,419.87886942808336,996
2024-09-19 11:11:27.381000,419.89635977987774,1002
2024-09-19 11:11:27.458000,419.8960226911941,1002
2024-09-19 11:11:27.459000,419.8647824714199,995
2024-09-19 11:11:27.462000,419.8737482535768,98
2024-09-19 11:11:27.529000,419.9062675456005,999
2024-09-19 11:11:27.549000,419.9105704671915,10
2024-09-19 11:11:27.590000,419.8586096329773,1001
2024-09-19 11:11:27.643000,419.8731540631098,1002
2024-09-19 11:11:27.656000,419.8496025952712,103
2024-09-19 11:11:27.674000,419.8647380311333,102
2024-09-19 11:11:27.688000,419.8609683714362,14
2024-09-19 11:11:27.692000,419.9120584204161,6
2024-09-19 11:11:27.704000,419.921930323713,105
2024-09-19 11:11:27.709000,419.89305979308,1005
2024-09-19 11:11:27.748000,419.8908372860664,95
2024-09-19 11:11:27.773000,419.88018341980535,100
2024-09-19 11:11:27.794000,419.857540953836,997
2024-09-19 11:11:27.916000,419.91118312958827,996
2024-09-19 11:11:27.935000,419.92195371245725,996
2024-09-19 11:11:27.969000,419.93071902722016,998
2024-09-19 11:11:28.034000,419.8258669987657,7
2024-09-19 11:11:28.105000,419.82324189112114,999
2024-09-19 11:11:28.201000,419.8564426773285,12
2024-09-19 11:11:28.343000,419.858222557982,103
2024-09-19 11:11:28.417000,419.8204202831409,9
2024-09-19 11:11:28.540000,419.8646070872861,99
2024-09-19 11:11:28.725000,419.8420849753678,1005
2024-09-19 11:11:28.904000,419.8541845759621,8
2024-09-19 11:11:29.022000,419.8466856042988,1000
2024-09-19 11:11:29.026000,419.8339537791008,98
2024-09-19 11:11:29.046000,419.80488926252286,11
2024-09-19 11:11:29.066000,419.8314860251635,103
2024-09-19 11:11:29.107000,419.8379221770241,104
2024-09-19 11:11:29.174000,419.7983385765548,6
2024-09-19 11:11:29.180000,419.8175324077683,15
2024-09-19 11:11:29.188000,419.8551187040429,996
2024-09-19 11:11:29.409000,419.84520204025546,9
2024-09-19 11:11:29.410000,419.8338835571644,103
2024-09-19 11:11:29.413000,419.83773925852034,99
2024-09-19 11:11:29.484000,419.7971814132494,1005
2024-09-19 11:11:29.485000,419.83296553952925,96
2024-09-19 11:11:29.512000,419.83425481743376,14
2024-09-19 11:11:29.526000,419.81766898834366,1004
2024-09-19 11:11:29.549000,419.8147632206541,101
2024-09-19 11:11:29.652000,419.7960543564886,998
2024-09-19 11:11:29.719000,419.8233243761002,9
2024-09-19 11:11:29.726000,419.85433884787193,15
2024-09-19 11:11:29.834000,419.8446468422109,1002
2024-09-19 11:11:29.844000,419.8145808263589,997
2024-09-19 11:11:29.881000,419.8131619362762,13
2024-09-19 11:11:29.903000,419.8463365935716,100
2024-09-19 11:11:29.904000,419.81326577708455,5
2024-09-19 11:11:29.962000,419.8334184437891,998
2024-09-19 11:11:29.982000,419.839801181397,1002
2024-09-19 11:11:31.011000,419.8316757713291,15
2024-09-19 11:11:31.022000,419.8226913475367,103
2024-09-19 11:11:31.067000,419.87272944055866,999
2024-09-19 11:11:31.127000,419.8565074028804,1001
2024-09-19 11:11:31.256000,419.8680249235696,95
2024-09-19 11:11:31.446000,419.85145222408977,96
2024-09-19 11:11:31.453000,419.86499799861457,998
2024-09-19 11:11:31.524000,419.834578829094,1004
2024-09-19 11:11:31.529000,419.85681289593697,8
2024-09-19 11:11:31.535000,419.8563456761184,95
2024-09-19 11:11:31.546000,419.84039643065546,996
2024-09-19 11:11:31.585000,419.8638240578633,1002
2024-09-19 11:11:31.593000,419.8054524435969,999
2024-09-19 11:11:31.636000,419.8445036001814,9
2024-09-19 11:11:31.663000,419.8652122666888,996
2024-09-19 11:11:31.707000,419.8132190904278,13
2024-09-19 11:11:31.737000,419.88208038533816,101
2024-09-19 11:11:31.747000,419.8519391474419,11
2024-09-19 11:11:31.756000,419.8242249433336,996
2024-09-19 11:11:31.759000,419.82275662575546,6
2024-09-19 11:11:31.774000,419.8333171697771,998
2024-09-19 11:11:31.839000,419.819927205889,1004
2024-09-19 11:11:31.857000,419.7969301863952,97
2024-09-19 11:11:31.961000,419.86026257524,7
2024-09-19 11:11:32.089000,419.8913208966701,10
2024-09-19 11:11:32.188000,419.8952577732705,1005
2024-09-19 11:11:32.214000,419.869311738733,9
2024-09-19 11:11:32.240000,419.8754120074264,97
2024-09-19 11:11:32.304000,419.8849312173783,11
2024-09-19 11:11:32.350000,419.86931319747833,999
2024-09-19 11:11:32.360000,419.90419737159584,6
2024-09-19 11:11:32.362000,419.8652679768493,1004
2024-09-19 11:11:32.366000,419.8851531198077,1004
2024-09-19 11:11:32.413000,419.866107637232,7
2024-09-19 11:11:32.415000,419.8540494458337,95
2024-09-19 11:11:32.457000,419.8866884788494,10
2024-09-19 11:11:32.475000,419.8864876679292,998
2024-09-19 11:11:32.489000,419.85704150837927,105
2024-09-19 11:11:32.504000,419.8681639105831,105
2024-09-19 11:11:32.525000,419.8962945039282,7
2024-09-19 11:11:32.613000,419.87854593042414,7
2024-09-19 11:11:32.665000,419.8966438684106,11
2024-09-19 11:11:32.685000,419.9149110503702,1004
2024-09-19 11:11:32.690000,419.9142112464878,14
2024-09-19 11:11:32.899000,419.89166783922354,5
2024-09-19 11:11:32.952000,419.9037623227534,1002
2024-09-19 11:11:32.974000,419.8751678915339,9
2024-09-19 11:11:33.008000,419.8699866974498,13
2024-09-19 11:11:33.029000,419.8695825026208,998
2024-09-19 11:11:33.044000,419.8681837576269,1005
2024-09-19 11:11:33.058000,419.85383465963145,1002
2024-09-19 11:11:33.102000,419.9033478436302,11
2024-09-19 11:11:33.177000,419.86823871740427,996
2024-09-19 11:11:33.290000,419.8663511134295,11
2024-09-19 11:11:33.389000,419.85102161861965,1003
2024-09-19 11:11:33.455000,419.911145638349,998
2024-09-19 11:11:33.473000,419.8857255475554,996
2024-09-19 11:11:33.483000,419.8976587819704,996
2024-09-19 11:11:33.485000,419.86185346901135,998
2024-09-19 11:11:33.552000,419.8901136847791,7
2024-09-19 11:11:33.629000,419.8751860352773,13
2024-09-19 11:11:33.636000,419.926211004566,97
2024-09-19 11:11:33.658000,419.8977512520639,995
2024-09-19 11:11:33.680000,419.87237043298455,104
2024-09-19 11:11:33.683000,419.8579772489124,8
2024-09-19 11:11:33.701000,419.8843053602719,14
2024-09-19 11:11:33.722000,419.8644161474834,1000
2024-09-19 11:11:33.776000,419.886063219716,8
2024-09-19 11:11:33.796000,419.8692703839656,95
2024-09-19 11:11:33.836000,419.8789963976619,13
2024-09-19 11:11:33.910000,419.8587093309292,102
2024-09-19 11:11:33.918000,419.8915056392788,999
2024-09-19 11:11:33.962000,419.8579320241056,14
2024-09-19 11:11:33.986000,419.8990841827002,104
2024-09-19 11:11:34.147000,419.8675377314213,12
2024-09-19 11:11:34.186000,419.9030966746912,6
2024-09-19 11:11:34.359000,419.9129660123256,995
2024-09-19 11:11:34.410000,419.9137017019381,6
2024-09-19 11:11:34.426000,419.9021447296215,5
2024-09-19 11:11:34.458000,419.8956873830522,7
2024-09-19 11:11:34.470000,419.9034354982145,100
2024-09-19 11:11:34.536000,419.9035838364322,102
2024-09-19 11:11:34.648000,419.9147496772933,15
2024-09-19 11:11:34.655000,419.9025572665783,97
2024-09-19 11:11:34.671000,419.8953460914675,1001
2024-09-19 11:11:34.731000,419.8810040644136,14
2024-09-19 11:11:34.763000,419.8972323437824,13
2024-09-19 11:11:34.767000,419.8755892457718,996
2024-09-19 11:11:34.792000,419.8836293685529,998
2024-09-19 11:11:34.798000,419.8876236716189,12
2024-09-19 11:11:34.931000,419.89671397991583,997
2024-09-19 11:11:35.027000,419.8399392831814,101
2024-09-19 11:11:35.066000,419.8393553046578,100
2024-09-19 11:11:35.083000,419.8624626243545,101
2024-09-19 11:11:35.083000,419.8150915825471,103
2024-09-19 11:11:35.100000,419.7955131238351,1004
2024-09-19 11:11:35.108000,419.81090642188906,98
2024-09-19 11:11:35.142000,419.850529109826,5
2024-09-19 11:11:35.281000,419.8024376041594,997
2024-09-19 11:11:35.292000,419.8879760745505,104
2024-09-19 11:11:35.331000,419.8368784020285,997
2024-09-19 11:11:35.336000,419.8064353858293,1003
2024-09-19 11:11:35.340000,419.8342808912148,104
2024-09-19 11:11:35.345000,419.8063961934324,100
2024-09-19 11:11:35.493000,419.8012437271975,7
2024-09-19 11:11:35.495000,419.8765482460887,1003
2024-09-19 11:11:35.537000,419.87667464455205,995
2024-09-19 11:11:35.623000,419.7914754724642,103
2024-09-19 11:11:35.671000,419.8663397422148,11
2024-09-19 11:11:35.724000,419.7921265541372,97
2024-09-19 11:11:35.738000,419.8267654214325,103
2024-09-19 11:11:35.839000,419.8153090791992,9
2024-09-19 11:11:35.858000,419.8783857404436,999
2024-09-19 11:11:35.947000,419.86122446166513,5
2024-09-19 11:11:35.980000,419.8093125715805,11
2024-09-19 11:11:35.988000,419.8321631596928,1002
2024-09-19 11:11:35.989000,419.83906771111066,104
2024-09-19 11:11:36.002000,419.9024244528495,1003
2024-09-19 11:11:36.066000,419.91951585475897,9
2024-09-19 11:11:36.094000,419.9347382250669,998
2024-09-19 11:11:36.125000,419.9242731431312,8
2024-09-19 11:11:36.320000,419.9286714280356,101
2024-09-19 11:11:36.364000,419.9134748438004,6
2024-09-19 11:11:36.370000,419.91979517448726,98
2024-09-19 11:11:36.446000,419.8954194633273,995
2024-09-19 11:11:36.460000,419.9384920435681,997
2024-09-19 11:11:36.476000,419.9352569402356,99
2024-09-19 11:11:36.532000,419.9144206507595,1004
2024-09-19 11:11:36.655000,419.9050240746709,1003
2024-09-19 11:11:36.675000,419.90112838579495,105
2024-09-19 11:11:36.770000,419.9186384342272,96
2024-09-19 11:11:36.802000,419.9189093002352,995
2024-09-19 11:11:36.904000,419.9024721783034,13
2024-09-19 11:11:36.937000,419.8984262104911,95
2024-09-19 11:11:36.964000,419.9084372329519,99
2024-09-19 11:11:36.986000,419.9265004051505,102
2024-09-19 11:11:37.114000,419.8831788316149,98
2024-09-19 11:11:37.281000,419.9025894052073,96
2024-09-19 11:11:37.319000,419.8942546274464,1005
2024-09-19 11:11:37.379000,419.8721548722103,7
2024-09-19 11:11:37.458000,419.9067344266601,104
2024-09-19 11:11:37.483000,419.85066171983465,97
2024-09-19 11:11:37.735000,419.8557548099921,103
2024-09-19 11:11:37.741000,419.89930189465815,996
2024-09-19 11:11:37.771000,419.8952172939201,15
2024-09-19 11:11:37.851000,419.8913895405881,1005
2024-09-19 11:11:37.880000,419.8664778388487,1001
2024-09-19 11:11:37.927000,419.86268278736645,1002
2024-09-19 11:11:37.940000,419.9075224686417,14
2024-09-19 11:11:38.110000,419.9107156764232,1002
2024-09-19 11:11:38.152000,419.9212584503466,997
2024-09-19 11:11:38.303000,419.9188287048649,105
2024-09-19 11:11:38.350000,419.8975918771129,10
2024-09-19 11:11:38.358000,419.9071412840827,998
2024-09-19 11:11:38.365000,419.89787226231664,105
2024-09-19 11:11:38.638000,419.91704925288445,95
2024-09-19 11:11:38.639000,419.914960690305,8
2024-09-19 11:11:38.654000,419.9304701953888,98
2024-09-19 11:11:38.866000,419.9188123651609,104
2024-09-19 11:11:38.935000,419.9213091221556,99
2024-09-19 11:11:39.453000,419.9186722086827,997
2024-09-19 11:11:39.508000,419.9187402031439,997
2024-09-19 11:11:39.536000,419.89565508928456,102
2024-09-19 11:11:39.849000,419.9259941822978,1001
2024-09-19 11:11:39.990000,419.9196488821877,1003
2024-09-19 11:11:40.024000,419.90062333140094,1004
2024-09-19 11:11:40.046000,419.88877013414697,97
2024-09-19 11:11:40.091000,419.86837513384825,8
2024-09-19 11:11:40.190000,419.8828758884793,101
2024-09-19 11:11:40.572000,419.8904458138129,15
2024-09-19 11:11:40.596000,419.8589736492036,1003
2024-09-19 11:11:40.729000,419.86358336872536,103
2024-09-19 11:11:40.783000,419.8683770613889,8
2024-09-19 11:11:40.798000,419.8894994338137,7
2024-09-19 11:11:40.860000,419.8565469884925,999
2024-09-19 11:11:40.876000,419.8912933400634,6
2024-09-19 11:11:40.973000,419.8793146691375,995
2024-09-19 11:11:40.987000,419.8774050803988,95
2024-09-19 11:11:41.015000,419.9014884527625,1004
2024-09-19 11:11:41.027000,419.8739767714474,9
2024-09-19 11:11:41.028000,419.880655965013,1003
2024-09-19 11:11:41.057000,419.8750445432073,102
2024-09-19 11:11:41.071000,419.8779714819229,996
2024-09-19 11:11:41.109000,419.8450320389141,105
2024-09-19 11:11:41.175000,419.87560755184313,13
2024-09-19 11:11:41.198000,419.82857860524206,101
2024-09-19 11:11:41.532000,419.87381095525495,1001
2024-09-19 11:11:41.622000,419.8911468089384,103
2024-09-19 11:11:41.640000,419.8301627606082,9
2024-09-19 11:11:41.714000,419.89132972196114,8
2024-09-19 11:11:41.796000,419.9058216180354,104
2024-09-19 11:11:41.840000,419.8577597016493,99
2024-09-19 11:11:41.912000,419.8853336554247,999
2024-09-19 11:11:41.959000,419.90091409648346,999
2024-09-19 11:11:42.168000,419.9016034665143,998
2024-09-19 11:11:42.353000,419.9082556895043,7
2024-09-19 11:11:42.689000,419.9008249383458,96
2024-09-19 11:11:42.893000,419.8988006527787,995
2024-09-19 11:11:43.709000,419.9273405856684,1004
2024-09-19 11:11:43.903000,419.9145272736913,995
2024-09-19 11:11:44.019000,419.8996333550236,14
2024-09-19 11:11:44.084000,419.88876993355206,8
2024-09-19 11:11:44.092000,419.8461961218528,14
2024-09-19 11:11:44.108000,419.9259946313674,11
2024-09-19 11:11:44.134000,419.8699222624051,1001
2024-09-19 11:11:44.223000,419.9173283201394,1001
2024-09-19 11:11:44.241000,419.8556550356257,997
2024-09-19 11:11:44.295000,419.8772876622082,5
2024-09-19 11:11:44.411000,419.9208212063364,1000
2024-09-19 11:11:44.564000,419.8697633527409,7
2024-09-19 11:11:44.592000,419.867649903802,10
2024-09-19 11:11:44.643000,419.9019282510255,1003
2024-09-19 11:11:44.654000,419.9243778381068,99
2024-09-19 11:11:44.686000,419.91314961133895,995
2024-09-19 11:11:44.702000,419.88303747293736,99
2024-09-19 11:11:44.971000,419.8704777518444,99
2024-09-19 11:11:45.050000,419.8124488798234,998
2024-09-19 11:11:45.068000,419.8313538275486,995
2024-09-19 11:11:45.103000,419.8487809702965,96
2024-09-19 11:11:45.114000,419.8489983422299,13
2024-09-19 11:11:45.127000,419.8144735057365,999
2024-09-19 11:11:45.139000,419.7964885915996,95
2024-09-19 11:11:45.241000,419.78369977345415,103
2024-09-19 11:11:45.297000,419.8460625821831,105
2024-09-19 11:11:45.352000,419.82942388129663,9
2024-09-19 11:11:45.373000,419.8189426400224,1002
2024-09-19 11:11:45.395000,419.7858318478319,9
2024-09-19 11:11:45.436000,419.8133182032335,15
2024-09-19 11:11:45.476000,419.847320096698,999
2024-09-19 11:11:45.557000,419.8341664992376,7
2024-09-19 11:11:45.588000,419.8554385010767,1005
2024-09-19 11:11:45.601000,419.8119397903234,100
2024-09-19 11:11:45.615000,419.8253694767421,13
2024-09-19 11:11:45.845000,419.8258288212528,100
2024-09-19 11:11:45.876000,419.7799238317798,14
2024-09-19 11:11:45.920000,419.7979042722087,996
2024-09-19 11:11:45.956000,419.8302167941371,104
2024-09-19 11:11:46.057000,419.8635005357561,1001
2024-09-19 11:11:46.089000,419.8552735851831,999
2024-09-19 11:11:46.188000,419.8396592163335,100
2024-09-19 11:11:46.231000,419.8625504382021,15
2024-09-19 11:11:46.237000,419.8526314459293,101
2024-09-19 11:11:46.298000,419.854768570064,1004
2024-09-19 11:11:46.378000,419.85615513097713,102
2024-09-19 11:11:46.407000,419.8476652947984,15
2024-09-19 11:11:46.415000,419.825483383193,997
2024-09-19 11:11:46.473000,419.8844820489913,101
2024-09-19 11:11:46.498000,419.86934595753706,11
2024-09-19 11:11:46.522000,419.8640349592601,12
2024-09-19 11:11:46.593000,419.86231801932695,1005
2024-09-19 11:11:46.614000,419.829649167884,99
2024-09-19 11:11:46.649000,419.8534664932939,1000
2024-09-19 11:11:46.689000,419.8550810258684,105
2024-09-19 11:11:46.809000,419.8777055803848,998
2024-09-19 11:11:46.842000,419.8252000750158,1001
2024-09-19 11:11:46.854000,419.84369389302,105
2024-09-19 11:11:46.958000,419.8570979731586,105
2024-09-19 11:11:46.969000,419.8587696083235,998
2024-09-19 11:11:47.043000,419.8909611050039,10
2024-09-19 11:11:47.143000,419.8824223708028,1002
2024-09-19 11:11:47.334000,419.8924052228912,14
2024-09-19 11:11:47.390000,419.9163320519346,1004
2024-09-19 11:11:47.395000,419.8778932568465,99
2024-09-19 11:11:47.458000,419.8735582714656,99
2024-09-19 11:11:47.692000,419.8744863709021,105
2024-09-19 11:11:47.706000,419.89494205908846,97
2024-09-19 11:11:48.368000,419.9259216411429,99
2024-09-19 11:11:48.708000,419.9300044010105,101
2024-09-19 11:11:49.110000,419.9359339118423,101
2024-09-19 11:11:49.119000,419.99160471588186,6
2024-09-19 11:11:49.220000,420.0276323889814,95
2024-09-19 11:11:49.275000,419.93357041346326,998
2024-09-19 11:11:49.363000,419.958614512432,13
2024-09-19 11:11:49.405000,420.0005005914611,8
2024-09-19 11:11:49.564000,420.0408825685908,97
2024-09-19 11:11:49.724000,419.95859741254367,1003
2024-09-19 11:11:49.772000,419.9662972009676,103
2024-09-19 11:11:49.867000,419.9768658727978,1002
2024-09-19 11:11:49.887000,419.9487617422657,1004
2024-09-19 11:11:49.919000,420.0346169074882,102
2024-09-19 11:11:49.949000,419.9736212975126,14
2024-09-19 11:11:50.421000,420.04459762286746,99
2024-09-19 11:11:50.592000,420.0583656749617,9
2024-09-19 11:11:50.676000,420.0482704203932,12
2024-09-19 11:11:50.858000,420.045238312868,12
2024-09-19 11:11:51.088000,420.1536867290334,10
2024-09-19 11:11:51.185000,420.1347432151616,1003
2024-09-19 11:11:51.206000,420.15722651697496,15
2024-09-19 11:11:51.209000,420.1277355383186,12
2024-09-19 11:11:51.253000,420.1394123081445,98
2024-09-19 11:11:51.263000,420.05065605320806,103
2024-09-19 11:11:51.273000,420.0818173400687,15
2024-09-19 11:11:51.290000,420.1274600545975,14
2024-09-19 11:11:51.293000,419.99709483520223,103
2024-09-19 11:11:51.346000,420.16864867985606,997
2024-09-19 11:11:51.391000,420.010784579093,15
2024-09-19 11:11:51.478000,420.1314105292383,104
2024-09-19 11:11:51.499000,420.10796069172346,100
2024-09-19 11:11:51.511000,420.00953579917154,995
2024-09-19 11:11:51.544000,420.01977345949206,14
2024-09-19 11:11:51.573000,420.1745758211689,995
2024-09-19 11:11:51.578000,420.12283088648417,105
2024-09-19 11:11:51.597000,420.063252118516,1003
2024-09-19 11:11:51.703000,420.0081861188593,10
2024-09-19 11:11:51.758000,420.00800380020354,95
2024-09-19 11:11:51.776000,420.0652144278596,6
2024-09-19 11:11:51.799000,420.04598832610895,1001
2024-09-19 11:11:51.804000,420.1723824103664,1001
2024-09-19 11:11:51.827000,420.1521882391044,1001
2024-09-19 11:11:51.851000,420.1781027348837,103
2024-09-19 11:11:51.860000,420.109175675576,997
2024-09-19 11:11:51.886000,420.1238649936031,1004
2024-09-19 11:11:51.924000,420.0110253057294,1000
2024-09-19 11:11:51.964000,420.1163943811685,1002
2024-09-19 11:11:52.207000,420.1710722486741,103
2024-09-19 11:11:52.573000,420.16953321957794,8
2024-09-19 11:11:52.712000,420.17419388135954,1002
2024-09-19 11:11:53.143000,420.1718514770183,998
2024-09-19 11:11:53.215000,420.0925446574269,101
2024-09-19 11:11:53.331000,420.1735236680247,9
2024-09-19 11:11:53.332000,420.13387339063775,995
2024-09-19 11:11:53.359000,420.1486621896028,101
2024-09-19 11:11:53.440000,420.16259576549095,9
2024-09-19 11:11:53.450000,420.1097490376576,1004
2024-09-19 11:11:53.450000,420.1638819845416,15
2024-09-19 11:11:53.487000,420.1518384324933,7
2024-09-19 11:11:53.492000,420.1226138842129,9
2024-09-19 11:11:53.494000,420.15724507336864,101
2024-09-19 11:11:53.505000,420.1270429951451,13
2024-09-19 11:11:53.511000,420.1507096357996,12
2024-09-19 11:11:53.549000,420.11762058929247,98
2024-09-19 11:11:53.566000,420.1578973987678,998
2024-09-19 11:11:53.690000,420.1236630908796,96
2024-09-19 11:11:53.690000,420.1350863291304,102
2024-09-19 11:11:53.734000,420.09985772994406,8
2024-09-19 11:11:53.777000,420.17537231553575,100
2024-09-19 11:11:53.843000,420.092041930931,1000
2024-09-19 11:11:53.870000,420.16391314844617,1001
2024-09-19 11:11:53.888000,420.1001245234065,995
2024-09-19 11:11:53.927000,420.16942194475433,103
2024-09-19 11:11:53.936000,420.1033166752695,97
2024-09-19 11:11:53.942000,420.16385028087694,1005
2024-09-19 11:11:53.981000,420.1219134366322,8
2024-09-19 11:11:53.988000,420.138916615053,995
2024-09-19 11:11:54.004000,420.1476005764508,8
2024-09-19 11:11:54.144000,420.1555252408808,10
2024-09-19 11:11:54.152000,420.1512702059836,12
2024-09-19 11:11:54.220000,420.1333396994577,95
2024-09-19 11:11:54.231000,420.1522548857048,102
2024-09-19 11:11:54.250000,420.15724592732136,996
2024-09-19 11:11:54.328000,420.1443614900454,101
2024-09-19 11:11:54.333000,420.1485323343968,1005
2024-09-19 11:11:54.376000,420.1446937756488,103
2024-09-19 11:11:54.378000,420.1531447059058,15
2024-09-19 11:11:54.399000,420.1678609670876,9
2024-09-19 11:11:54.484000,420.1470173768695,13
2024-09-19 11:11:54.519000,420.1553899764763,8
2024-09-19 11:11:54.556000,420.14478153856106,103
2024-09-19 11:11:54.741000,420.1452603466349,99
2024-09-19 11:11:54.855000,420.1481766685336,99
2024-09-19 11:11:54.891000,420.1406196749931,998
2024-09-19 11:11:54.894000,420.1467226071301,1002
2024-09-19 11:11:55.027000,420.154920825963,101
2024-09-19 11:11:55.129000,420.1358257148224,105
2024-09-19 11:11:55.477000,420.1491580673644,7
2024-09-19 11:11:55.483000,420.16331929951207,14
2024-09-19 11:11:55.646000,420.1417631343153,1003
2024-09-19 11:11:55.845000,420.167567881774,6
2024-09-19 11:11:55.857000,420.13069973932704,10
2024-09-19 11:11:55.993000,420.1538106562935,98
2024-09-19 11:11:56.015000,420.17744000444407,1005
2024-09-19 11:11:56.155000,420.1740314934832,15
2024-09-19 11:11:56.262000,420.19392717427513,12
2024-09-19 11:11:56.284000,420.1784507207875,11
2024-09-19 11:11:56.290000,420.1271475112204,996
2024-09-19 11:11:56.316000,420.1706149528197,12
2024-09-19 11:11:56.321000,420.1284853497302,995
2024-09-19 11:11:56.330000,420.1703978707376,995
2024-09-19 11:11:56.353000,420.18833890215046,1001
2024-09-19 11:11:56.377000,420.1868054304816,104
2024-09-19 11:11:56.394000,420.16606091900167,97
2024-09-19 11:11:56.417000,420.1815308754647,997
2024-09-19 11:11:56.420000,420.1204886446624,105
2024-09-19 11:11:56.476000,420.16173614098346,998
2024-09-19 11:11:56.504000,420.1647465284023,102
2024-09-19 11:11:56.516000,420.1834358557073,13
2024-09-19 11:11:56.521000,420.1626200657637,8
2024-09-19 11:11:56.553000,420.1805675986078,15
2024-09-19 11:11:56.607000,420.1476898589645,105
2024-09-19 11:11:56.609000,420.1613825468667,11
2024-09-19 11:11:56.615000,420.1727965273713,998
2024-09-19 11:11:56.698000,420.1625613705926,101
2024-09-19 11:11:56.712000,420.19222853900095,96
2024-09-19 11:11:56.722000,420.180276047954,96
2024-09-19 11:11:56.724000,420.1718636704609,6
2024-09-19 11:11:56.743000,420.1799871018961,15
2024-09-19 11:11:56.840000,420.1335517320125,5
2024-09-19 11:11:56.959000,420.17663363923873,1003
2024-09-19 11:11:57.284000,420.1795369502404,999
2024-09-19 11:11:57.429000,420.1949749872368,1000
2024-09-19 11:11:57.647000,420.177968543743,103
2024-09-19 11:11:57.765000,420.19358613672006,1001
2024-09-19 11:11:57.807000,420.2006624218672,1004
2024-09-19 11:11:57.984000,420.20747729164407,1001
2024-09-19 11:11:58.012000,420.2136192994639,999
2024-09-19 11:11:58.137000,420.24252575132857,998
2024-09-19 11:11:58.226000,420.210053611345,98
2024-09-19 11:11:58.341000,420.22504011613046,96
2024-09-19 11:11:58.353000,420.21742957638537,101
2024-09-19 11:11:58.476000,420.19640227465135,1005
2024-09-19 11:11:58.512000,420.244716512454,13
2024-09-19 11:11:58.569000,420.2368560614736,96
2024-09-19 11:11:58.572000,420.2449442070228,105
2024-09-19 11:11:58.575000,420.1478600314683,97
2024-09-19 11:11:58.651000,420.163184179246,101
2024-09-19 11:11:58.892000,420.1660847865393,102
2024-09-19 11:11:58.918000,420.20820172250296,103
2024-09-19 11:11:58.947000,420.14479519711045,12
2024-09-19 11:11:58.974000,420.2275858891698,97
2024-09-19 11:11:59.102000,420.1527653058159,996
2024-09-19 11:11:59.106000,420.1492388941192,1005
2024-09-19 11:11:59.263000,420.1375897756527,7
2024-09-19 11:11:59.445000,420.1581174068256,1001
2024-09-19 11:11:59.957000,420.14995110951,1002
