Timestamp,Price,Size
2024-09-19 12:56:00.067000,424.7016770097415,11
2024-09-19 12:56:00.232000,424.69000025437566,1000
2024-09-19 12:56:00.458000,424.6714055678753,14
2024-09-19 12:56:00.553000,424.7063960538155,999
2024-09-19 12:56:00.753000,424.6964885740496,6
2024-09-19 12:56:00.822000,424.6876190633015,98
2024-09-19 12:56:00.920000,424.7004701024647,8
2024-09-19 12:56:01.026000,424.6561763957769,103
2024-09-19 12:56:01.047000,424.6480774367704,95
2024-09-19 12:56:01.233000,424.6852134285703,8
2024-09-19 12:56:01.278000,424.6843668165345,1004
2024-09-19 12:56:01.379000,424.6831076444664,9
2024-09-19 12:56:01.407000,424.67385368254975,97
2024-09-19 12:56:01.423000,424.6806014326194,104
2024-09-19 12:56:01.510000,424.6775713725124,999
2024-09-19 12:56:01.545000,424.6644016272968,11
2024-09-19 12:56:01.584000,424.6751275514656,997
2024-09-19 12:56:01.686000,424.67542498852686,5
2024-09-19 12:56:01.802000,424.6674739248526,1000
2024-09-19 12:56:01.986000,424.6551725511515,99
2024-09-19 12:56:02.090000,424.69933555663295,15
2024-09-19 12:56:02.184000,424.74833259391113,1004
2024-09-19 12:56:02.231000,424.7964185362139,97
2024-09-19 12:56:02.281000,424.7925478279324,1003
2024-09-19 12:56:02.397000,424.77915922478405,104
2024-09-19 12:56:02.418000,424.74649308185263,96
2024-09-19 12:56:02.465000,424.7086913516005,5
2024-09-19 12:56:02.500000,424.7952539073181,102
2024-09-19 12:56:02.520000,424.75181833910335,997
2024-09-19 12:56:02.575000,424.7907301893901,98
2024-09-19 12:56:02.609000,424.79848176204814,15
2024-09-19 12:56:02.631000,424.7905433323511,95
2024-09-19 12:56:02.752000,424.7179025626223,105
2024-09-19 12:56:02.971000,424.79724452485743,6
2024-09-19 12:56:05.132000,424.7779993092474,997
2024-09-19 12:56:05.438000,424.7811683666841,1003
2024-09-19 12:56:05.543000,424.77672168703486,11
2024-09-19 12:56:05.624000,424.781933407097,1001
2024-09-19 12:56:05.742000,424.7972996355447,11
2024-09-19 12:56:05.814000,424.7944148368751,99
2024-09-19 12:56:05.872000,424.76389566462257,9
2024-09-19 12:56:05.913000,424.7995516368552,15
2024-09-19 12:56:05.960000,424.7745012287184,1005
2024-09-19 12:56:06.824000,424.7867926136457,1002
2024-09-19 12:56:07.042000,424.753635564848,102
2024-09-19 12:56:07.053000,424.73483660157615,105
2024-09-19 12:56:07.124000,424.7620975000256,96
2024-09-19 12:56:07.177000,424.7326316501319,1001
2024-09-19 12:56:07.247000,424.766498373022,5
2024-09-19 12:56:07.266000,424.7363650737159,97
2024-09-19 12:56:07.268000,424.7228685799183,100
2024-09-19 12:56:07.315000,424.754443848734,103
2024-09-19 12:56:07.349000,424.7383016084914,1004
2024-09-19 12:56:07.350000,424.7586351394488,5
2024-09-19 12:56:07.398000,424.7666185341066,5
2024-09-19 12:56:07.401000,424.7622270271036,1001
2024-09-19 12:56:07.453000,424.7949383991345,97
2024-09-19 12:56:07.490000,424.7579503762727,10
2024-09-19 12:56:07.630000,424.78995768686696,999
2024-09-19 12:56:07.743000,424.7202917793583,7
2024-09-19 12:56:07.755000,424.7840543514236,15
2024-09-19 12:56:07.767000,424.7504953835581,8
2024-09-19 12:56:07.783000,424.7461244147268,997
2024-09-19 12:56:07.807000,424.7379530664719,96
2024-09-19 12:56:07.814000,424.77402034465257,104
2024-09-19 12:56:07.913000,424.7658442629979,1001
2024-09-19 12:56:07.954000,424.7487792383474,8
2024-09-19 12:56:08.151000,424.7418817349866,7
2024-09-19 12:56:08.304000,424.7324528437133,11
2024-09-19 12:56:08.371000,424.71100964877695,12
2024-09-19 12:56:08.418000,424.7100154323201,11
2024-09-19 12:56:08.494000,424.7438503406387,95
2024-09-19 12:56:08.651000,424.7269084602367,14
2024-09-19 12:56:08.684000,424.7498293997552,14
2024-09-19 12:56:08.687000,424.7316712367559,14
2024-09-19 12:56:08.712000,424.7490035555259,96
2024-09-19 12:56:08.720000,424.7454787325116,104
2024-09-19 12:56:09.154000,424.7659890832039,7
2024-09-19 12:56:09.381000,424.75230655193775,96
2024-09-19 12:56:09.730000,424.7205792882247,1003
2024-09-19 12:56:10.040000,424.7879429820196,105
2024-09-19 12:56:10.137000,424.75124829675127,96
2024-09-19 12:56:10.144000,424.7462984501619,8
2024-09-19 12:56:10.214000,424.7333512902928,8
2024-09-19 12:56:10.228000,424.74461842559134,103
2024-09-19 12:56:10.233000,424.7148875777591,101
2024-09-19 12:56:10.262000,424.6930862232515,7
2024-09-19 12:56:10.289000,424.7328249368544,103
2024-09-19 12:56:10.401000,424.7420104678842,1003
2024-09-19 12:56:10.474000,424.7354173830897,999
2024-09-19 12:56:10.570000,424.6809795219818,98
2024-09-19 12:56:10.575000,424.74288111231664,7
2024-09-19 12:56:10.639000,424.7881347746352,7
2024-09-19 12:56:10.683000,424.7772459763825,10
2024-09-19 12:56:10.700000,424.7586414458309,8
2024-09-19 12:56:10.711000,424.7441406997857,100
2024-09-19 12:56:10.756000,424.7643844910329,103
2024-09-19 12:56:10.790000,424.7799924696519,105
2024-09-19 12:56:10.805000,424.75855717276295,1003
2024-09-19 12:56:10.818000,424.736496083168,100
2024-09-19 12:56:10.906000,424.7523664830134,14
2024-09-19 12:56:10.966000,424.7836447644149,95
2024-09-19 12:56:11.001000,424.70766070374566,15
2024-09-19 12:56:11.104000,424.7716163806418,15
2024-09-19 12:56:11.108000,424.7600857180119,1000
2024-09-19 12:56:11.211000,424.7430832650129,9
2024-09-19 12:56:11.301000,424.7444226343311,5
2024-09-19 12:56:11.370000,424.76100641416366,13
2024-09-19 12:56:11.398000,424.74571097209787,1004
2024-09-19 12:56:11.407000,424.7514143311808,995
2024-09-19 12:56:11.455000,424.7212953094744,99
2024-09-19 12:56:11.481000,424.7762749281453,104
2024-09-19 12:56:11.535000,424.7643147835035,96
2024-09-19 12:56:11.553000,424.7318101727902,96
2024-09-19 12:56:11.640000,424.7809185035762,100
2024-09-19 12:56:11.659000,424.7755572591941,1005
2024-09-19 12:56:11.702000,424.7409794741423,7
2024-09-19 12:56:11.778000,424.7711295371547,103
2024-09-19 12:56:11.779000,424.7659633040756,1004
2024-09-19 12:56:11.940000,424.7305404614914,11
2024-09-19 12:56:12.030000,424.80782375919415,1000
2024-09-19 12:56:12.042000,424.8153772966804,98
2024-09-19 12:56:12.044000,424.79582825621975,996
2024-09-19 12:56:12.054000,424.77966935132935,997
2024-09-19 12:56:12.196000,424.79399263109855,13
2024-09-19 12:56:12.258000,424.8279788476549,97
2024-09-19 12:56:12.305000,424.7996009957841,1001
2024-09-19 12:56:12.313000,424.81025568657634,10
2024-09-19 12:56:12.362000,424.80498398475993,99
2024-09-19 12:56:12.436000,424.7810154947361,96
2024-09-19 12:56:12.452000,424.8412817002656,7
2024-09-19 12:56:12.462000,424.8408725742739,1003
2024-09-19 12:56:12.495000,424.8124312352216,1001
2024-09-19 12:56:12.498000,424.8038527651744,11
2024-09-19 12:56:12.521000,424.80176121572737,15
2024-09-19 12:56:12.596000,424.7877062717153,8
2024-09-19 12:56:12.622000,424.78216163668407,1005
2024-09-19 12:56:12.652000,424.79262665798274,98
2024-09-19 12:56:12.674000,424.78054229485775,1000
2024-09-19 12:56:12.697000,424.7762207109273,10
2024-09-19 12:56:12.746000,424.8025655807348,104
2024-09-19 12:56:12.785000,424.84672323000495,99
2024-09-19 12:56:12.795000,424.7934513531166,15
2024-09-19 12:56:12.836000,424.8007866678923,1002
2024-09-19 12:56:12.855000,424.8247823429288,14
2024-09-19 12:56:12.928000,424.83879965967793,9
2024-09-19 12:56:15.043000,424.77768049914624,103
2024-09-19 12:56:15.213000,424.7638006831892,1002
2024-09-19 12:56:15.259000,424.75453056626577,995
2024-09-19 12:56:15.400000,424.76823236505686,5
2024-09-19 12:56:15.508000,424.7547956580319,13
2024-09-19 12:56:15.635000,424.77919276401167,996
2024-09-19 12:56:15.748000,424.7707471478837,1000
2024-09-19 12:56:15.899000,424.77562352120674,1003
2024-09-19 12:56:16.060000,424.7719087902356,98
2024-09-19 12:56:16.073000,424.7598064486803,995
2024-09-19 12:56:16.142000,424.7885715926599,996
2024-09-19 12:56:16.150000,424.7659564180968,100
2024-09-19 12:56:16.194000,424.7482607333649,9
2024-09-19 12:56:16.311000,424.7827606376384,8
2024-09-19 12:56:16.324000,424.7877556295133,104
2024-09-19 12:56:16.336000,424.7827574504809,99
2024-09-19 12:56:16.367000,424.7812996009668,102
2024-09-19 12:56:16.372000,424.7932627644512,1000
2024-09-19 12:56:16.372000,424.7924643581501,996
2024-09-19 12:56:16.421000,424.7853243121727,9
2024-09-19 12:56:16.427000,424.7936637017202,104
2024-09-19 12:56:16.475000,424.7659855178822,996
2024-09-19 12:56:16.485000,424.7712638217023,11
2024-09-19 12:56:16.504000,424.7509087854466,1003
2024-09-19 12:56:16.547000,424.7706197670788,996
2024-09-19 12:56:16.616000,424.7846595388533,998
2024-09-19 12:56:16.681000,424.767311236776,103
2024-09-19 12:56:16.694000,424.7591866144534,1001
2024-09-19 12:56:16.745000,424.7736806981345,104
2024-09-19 12:56:16.759000,424.8190602675756,1001
2024-09-19 12:56:16.793000,424.7986319114052,6
2024-09-19 12:56:16.826000,424.79289426353154,11
2024-09-19 12:56:16.892000,424.7485463611071,100
2024-09-19 12:56:16.898000,424.7638096947078,12
2024-09-19 12:56:16.937000,424.76632364035805,11
2024-09-19 12:56:17.146000,424.7460462510942,105
2024-09-19 12:56:17.188000,424.7322942783628,9
2024-09-19 12:56:17.190000,424.78969519435634,95
2024-09-19 12:56:17.216000,424.7235956085492,12
2024-09-19 12:56:17.288000,424.7512862045585,8
2024-09-19 12:56:17.439000,424.728560707498,5
2024-09-19 12:56:17.465000,424.7662750109485,996
2024-09-19 12:56:17.472000,424.7304841661022,7
2024-09-19 12:56:17.604000,424.7462642029546,105
2024-09-19 12:56:17.608000,424.7900856643574,1003
2024-09-19 12:56:17.627000,424.73484675671824,105
2024-09-19 12:56:17.672000,424.7509938252077,104
2024-09-19 12:56:17.732000,424.7629396385033,9
2024-09-19 12:56:17.802000,424.7756238764082,10
2024-09-19 12:56:17.840000,424.7768721276427,10
2024-09-19 12:56:17.909000,424.7784000500576,13
2024-09-19 12:56:17.921000,424.7200324223123,12
2024-09-19 12:56:18.084000,424.777726034531,97
2024-09-19 12:56:18.102000,424.8002073611838,996
2024-09-19 12:56:18.173000,424.8269965637884,9
2024-09-19 12:56:18.239000,424.8070606087444,7
2024-09-19 12:56:18.256000,424.8369929383981,6
2024-09-19 12:56:18.371000,424.7668227999696,1000
2024-09-19 12:56:18.387000,424.7939831779677,996
2024-09-19 12:56:18.463000,424.7876710569189,15
2024-09-19 12:56:18.471000,424.81660070437,104
2024-09-19 12:56:18.853000,424.8395947370622,1001
2024-09-19 12:56:18.868000,424.827624449803,1003
2024-09-19 12:56:18.983000,424.8202042937213,105
2024-09-19 12:56:19.008000,424.81653631032697,102
2024-09-19 12:56:19.157000,424.8384634618508,1003
2024-09-19 12:56:19.347000,424.8160782717102,1001
2024-09-19 12:56:19.499000,424.8267984575908,103
2024-09-19 12:56:19.537000,424.8168333944364,105
2024-09-19 12:56:19.555000,424.8239391306278,98
2024-09-19 12:56:19.618000,424.8158628520607,998
2024-09-19 12:56:19.651000,424.8065543588808,5
2024-09-19 12:56:19.727000,424.8135522775676,1002
2024-09-19 12:56:19.826000,424.8141154547965,11
2024-09-19 12:56:20,424.86432743545896,8
2024-09-19 12:56:20.047000,424.7921344660279,10
2024-09-19 12:56:20.067000,424.785621342242,10
2024-09-19 12:56:20.075000,424.7646824473827,11
2024-09-19 12:56:20.217000,424.7706642337956,100
2024-09-19 12:56:20.249000,424.8520971284144,98
2024-09-19 12:56:20.291000,424.7804791146799,7
2024-09-19 12:56:20.339000,424.86576124862415,13
2024-09-19 12:56:20.375000,424.84898356294735,997
2024-09-19 12:56:20.443000,424.8718881513329,15
2024-09-19 12:56:20.511000,424.76102541873416,102
2024-09-19 12:56:20.605000,424.7615170046771,9
2024-09-19 12:56:20.684000,424.849957072098,1001
2024-09-19 12:56:20.696000,424.7751133057202,97
2024-09-19 12:56:20.804000,424.8142705776388,13
2024-09-19 12:56:20.984000,424.86395957377,9
2024-09-19 12:56:21.025000,424.85557610603695,99
2024-09-19 12:56:21.031000,424.8301002060241,1000
2024-09-19 12:56:21.076000,424.8486809213418,13
2024-09-19 12:56:21.080000,424.81156464452863,999
2024-09-19 12:56:21.148000,424.77924761189007,999
2024-09-19 12:56:21.248000,424.8515981268717,13
2024-09-19 12:56:21.280000,424.8534593529768,1000
2024-09-19 12:56:21.318000,424.8450987687143,1001
2024-09-19 12:56:21.342000,424.844482585509,8
2024-09-19 12:56:21.388000,424.8484458049657,12
2024-09-19 12:56:21.567000,424.7786286595984,5
2024-09-19 12:56:21.588000,424.85553033709743,8
2024-09-19 12:56:21.605000,424.8601852180673,997
2024-09-19 12:56:21.670000,424.848495814692,1005
2024-09-19 12:56:21.685000,424.8321733852901,11
2024-09-19 12:56:21.740000,424.85278108994055,99
2024-09-19 12:56:21.785000,424.8516928160261,12
2024-09-19 12:56:21.828000,424.8432850605154,12
2024-09-19 12:56:21.902000,424.8389988326052,99
2024-09-19 12:56:22.031000,424.74032011085546,1002
2024-09-19 12:56:22.085000,424.7384473930495,105
2024-09-19 12:56:22.122000,424.71515281844125,1005
2024-09-19 12:56:22.122000,424.7209631888989,8
2024-09-19 12:56:22.223000,424.71392647332704,95
2024-09-19 12:56:22.227000,424.7266125554835,8
2024-09-19 12:56:22.267000,424.74734835776894,995
2024-09-19 12:56:22.288000,424.7144595240254,98
2024-09-19 12:56:22.464000,424.7504037695641,8
2024-09-19 12:56:22.488000,424.737143018161,1002
2024-09-19 12:56:22.702000,424.71902477445263,100
2024-09-19 12:56:22.709000,424.7491359815081,101
2024-09-19 12:56:22.718000,424.7232442520738,995
2024-09-19 12:56:22.725000,424.7448629341805,997
2024-09-19 12:56:22.876000,424.72716518528927,98
2024-09-19 12:56:22.944000,424.7431048034466,15
2024-09-19 12:56:23.495000,424.718171235662,11
2024-09-19 12:56:23.627000,424.720557353229,11
2024-09-19 12:56:24.135000,424.6951752770432,13
2024-09-19 12:56:24.188000,424.7222947545511,105
2024-09-19 12:56:24.194000,424.683862834819,15
2024-09-19 12:56:24.234000,424.7318084622605,1000
2024-09-19 12:56:24.288000,424.7189533246703,99
2024-09-19 12:56:24.335000,424.7074966786674,96
2024-09-19 12:56:24.403000,424.7109788343404,14
2024-09-19 12:56:24.411000,424.73556750702346,10
2024-09-19 12:56:24.420000,424.71790368392686,995
2024-09-19 12:56:24.495000,424.7087245458657,998
2024-09-19 12:56:24.634000,424.7222332459655,1002
2024-09-19 12:56:24.659000,424.7220728858075,96
2024-09-19 12:56:24.741000,424.7012955903476,996
2024-09-19 12:56:24.761000,424.70389788004434,1005
2024-09-19 12:56:24.804000,424.6968807961385,96
2024-09-19 12:56:24.872000,424.7288766557087,1000
2024-09-19 12:56:24.879000,424.7362842400285,996
2024-09-19 12:56:24.910000,424.71062885464937,12
2024-09-19 12:56:24.953000,424.7115826206818,103
2024-09-19 12:56:25.005000,424.6690432740968,1000
2024-09-19 12:56:25.101000,424.7176112011131,1000
2024-09-19 12:56:25.267000,424.673733649929,997
2024-09-19 12:56:25.278000,424.6963255211634,1001
2024-09-19 12:56:25.387000,424.6657612451224,5
2024-09-19 12:56:25.395000,424.7176448534824,8
2024-09-19 12:56:25.430000,424.66463194543473,1005
2024-09-19 12:56:25.480000,424.6708772551889,995
2024-09-19 12:56:25.517000,424.6759487705584,105
2024-09-19 12:56:25.518000,424.67688093136456,101
2024-09-19 12:56:25.635000,424.65676968982285,1003
2024-09-19 12:56:25.682000,424.7033128577605,104
2024-09-19 12:56:26.034000,424.6665727488732,104
2024-09-19 12:56:26.061000,424.6507337987046,12
2024-09-19 12:56:26.067000,424.6238431342706,11
2024-09-19 12:56:26.096000,424.6365045485352,9
2024-09-19 12:56:26.140000,424.61450115044033,999
2024-09-19 12:56:26.161000,424.6330075163029,995
2024-09-19 12:56:26.227000,424.6816849584275,95
2024-09-19 12:56:26.267000,424.6952066741749,13
2024-09-19 12:56:26.315000,424.6782606225143,995
2024-09-19 12:56:26.322000,424.6340127077693,996
2024-09-19 12:56:26.333000,424.6881729558344,13
2024-09-19 12:56:26.409000,424.6459902029063,997
2024-09-19 12:56:26.418000,424.6914567079312,1001
2024-09-19 12:56:26.420000,424.6345981602696,8
2024-09-19 12:56:26.654000,424.68723322606695,102
2024-09-19 12:56:26.665000,424.6287055528647,15
2024-09-19 12:56:26.717000,424.6398005418015,997
2024-09-19 12:56:26.731000,424.6510470911807,1004
2024-09-19 12:56:26.736000,424.67984918135255,105
2024-09-19 12:56:26.795000,424.6384129707718,998
2024-09-19 12:56:26.817000,424.6577986384722,1005
2024-09-19 12:56:26.838000,424.6634432456594,15
2024-09-19 12:56:26.848000,424.6298762070935,999
2024-09-19 12:56:26.890000,424.6220613198348,8
2024-09-19 12:56:26.914000,424.6328115718891,997
2024-09-19 12:56:26.927000,424.6297396904289,8
2024-09-19 12:56:27,424.7062049216231,13
2024-09-19 12:56:27.034000,424.6585214483256,102
2024-09-19 12:56:27.064000,424.6673822378287,12
2024-09-19 12:56:27.131000,424.7069836125478,97
2024-09-19 12:56:27.219000,424.6843954771605,1004
2024-09-19 12:56:27.220000,424.6704073442344,100
2024-09-19 12:56:27.277000,424.6570142351026,14
2024-09-19 12:56:27.322000,424.65302072340273,13
2024-09-19 12:56:27.346000,424.6632446656378,1000
2024-09-19 12:56:27.396000,424.6922220969734,5
2024-09-19 12:56:27.419000,424.6589053345973,96
2024-09-19 12:56:27.472000,424.6673496223719,8
2024-09-19 12:56:27.522000,424.6683177893414,6
2024-09-19 12:56:27.530000,424.6951909330691,101
2024-09-19 12:56:27.548000,424.6626443877199,98
2024-09-19 12:56:27.611000,424.7051058145034,97
2024-09-19 12:56:27.638000,424.6501094080364,104
2024-09-19 12:56:27.670000,424.69775929479874,1001
2024-09-19 12:56:27.803000,424.7107730292375,6
2024-09-19 12:56:27.904000,424.67117963168295,8
2024-09-19 12:56:27.938000,424.6617909355611,996
2024-09-19 12:56:28.076000,424.6996207762479,1004
2024-09-19 12:56:28.116000,424.690869070171,96
2024-09-19 12:56:28.120000,424.6837430380573,100
2024-09-19 12:56:28.138000,424.677160463975,999
2024-09-19 12:56:28.160000,424.6768319661728,997
2024-09-19 12:56:28.224000,424.6807908016382,6
2024-09-19 12:56:28.263000,424.68307826245615,104
2024-09-19 12:56:28.328000,424.69427040337536,96
2024-09-19 12:56:28.408000,424.6985105651555,1002
2024-09-19 12:56:28.447000,424.6917476164273,7
2024-09-19 12:56:28.458000,424.6975428912937,7
2024-09-19 12:56:28.573000,424.68647777970347,105
2024-09-19 12:56:28.596000,424.69706592138687,996
2024-09-19 12:56:28.656000,424.6979724392294,6
2024-09-19 12:56:28.684000,424.69851216609794,15
2024-09-19 12:56:28.744000,424.7067760385165,7
2024-09-19 12:56:28.793000,424.7056829552936,1005
2024-09-19 12:56:28.847000,424.6697908820985,996
2024-09-19 12:56:28.905000,424.6739668425832,9
2024-09-19 12:56:28.907000,424.6808965465939,6
2024-09-19 12:56:28.954000,424.6719303307418,13
2024-09-19 12:56:28.975000,424.70115479134427,997
2024-09-19 12:56:28.976000,424.67329730528695,13
2024-09-19 12:56:28.976000,424.7025214079309,100
2024-09-19 12:56:29.037000,424.6922207335946,996
2024-09-19 12:56:29.143000,424.7758413822112,101
2024-09-19 12:56:29.219000,424.6683994183245,1004
2024-09-19 12:56:29.230000,424.6800342211853,11
2024-09-19 12:56:29.238000,424.78612397569,15
2024-09-19 12:56:29.247000,424.6920416983655,995
2024-09-19 12:56:29.426000,424.7970163117836,103
2024-09-19 12:56:29.431000,424.757067582834,1001
2024-09-19 12:56:29.476000,424.6961692204794,101
2024-09-19 12:56:29.532000,424.6949193522184,103
2024-09-19 12:56:29.579000,424.6848809455679,99
2024-09-19 12:56:29.605000,424.77738809047736,98
2024-09-19 12:56:29.668000,424.6720447984837,996
2024-09-19 12:56:29.674000,424.7156104597939,100
2024-09-19 12:56:29.809000,424.757369089588,1002
2024-09-19 12:56:29.844000,424.6836604371583,100
2024-09-19 12:56:29.922000,424.70450998739847,1002
2024-09-19 12:56:29.972000,424.73936943449166,104
2024-09-19 12:56:30.004000,424.7227148338742,5
2024-09-19 12:56:30.060000,424.6452800678032,14
2024-09-19 12:56:30.114000,424.694362081149,96
2024-09-19 12:56:30.125000,424.7580909121479,12
2024-09-19 12:56:30.139000,424.7661280617833,105
2024-09-19 12:56:30.148000,424.74668685253175,7
2024-09-19 12:56:30.167000,424.6527086792315,1002
2024-09-19 12:56:30.224000,424.6853702163788,10
2024-09-19 12:56:30.225000,424.7815962999785,97
2024-09-19 12:56:30.268000,424.7541210379133,1002
2024-09-19 12:56:30.283000,424.6497099805764,10
2024-09-19 12:56:30.408000,424.7196820778554,1004
2024-09-19 12:56:30.439000,424.66329288653566,103
2024-09-19 12:56:30.449000,424.76720676686745,1004
2024-09-19 12:56:30.465000,424.69108666600175,98
2024-09-19 12:56:30.511000,424.6435438169284,14
2024-09-19 12:56:30.527000,424.6612984289488,96
2024-09-19 12:56:30.587000,424.7108768953815,10
2024-09-19 12:56:30.673000,424.6964341360106,14
2024-09-19 12:56:30.679000,424.6743620434163,1002
2024-09-19 12:56:30.680000,424.72537231536063,9
2024-09-19 12:56:30.685000,424.6511752998973,995
2024-09-19 12:56:30.693000,424.6755358008486,10
2024-09-19 12:56:30.722000,424.7132318437255,996
2024-09-19 12:56:30.737000,424.65059891490654,103
2024-09-19 12:56:30.803000,424.65691616075935,11
2024-09-19 12:56:30.887000,424.6605607836719,105
2024-09-19 12:56:30.926000,424.73697880904615,12
2024-09-19 12:56:30.939000,424.7795062229665,8
2024-09-19 12:56:30.959000,424.7913527769847,15
2024-09-19 12:56:31.083000,424.6921128633517,98
2024-09-19 12:56:31.154000,424.6866384131972,999
2024-09-19 12:56:31.182000,424.6709233573257,998
2024-09-19 12:56:31.203000,424.6874792017755,96
2024-09-19 12:56:31.288000,424.6848330687589,10
2024-09-19 12:56:31.292000,424.69694000874335,14
2024-09-19 12:56:31.382000,424.6901105793888,10
2024-09-19 12:56:31.387000,424.68143170258713,1001
2024-09-19 12:56:31.619000,424.7034642805325,11
2024-09-19 12:56:31.624000,424.682802564112,995
2024-09-19 12:56:31.628000,424.68627173254777,1001
2024-09-19 12:56:31.732000,424.705908563916,12
2024-09-19 12:56:31.775000,424.6843135144446,96
2024-09-19 12:56:31.802000,424.70137670583694,8
2024-09-19 12:56:31.850000,424.68951035566937,6
2024-09-19 12:56:31.858000,424.6859478516097,1005
2024-09-19 12:56:31.887000,424.6978943779878,1003
2024-09-19 12:56:31.907000,424.6883720368434,13
2024-09-19 12:56:31.970000,424.6929827194674,101
2024-09-19 12:56:32.018000,424.6130901023414,996
2024-09-19 12:56:32.101000,424.62170918057546,103
2024-09-19 12:56:32.111000,424.6972774039439,15
2024-09-19 12:56:32.270000,424.6389467437295,1003
2024-09-19 12:56:32.312000,424.6380346644428,95
2024-09-19 12:56:32.330000,424.63295324941714,995
2024-09-19 12:56:32.346000,424.6646162399447,98
2024-09-19 12:56:32.385000,424.6393349472944,1001
2024-09-19 12:56:32.500000,424.64026377864747,5
2024-09-19 12:56:32.542000,424.6392188956808,13
2024-09-19 12:56:32.561000,424.6336182795397,104
2024-09-19 12:56:32.594000,424.6650902731589,95
2024-09-19 12:56:32.692000,424.6304048631527,1005
2024-09-19 12:56:32.762000,424.6705524892621,13
2024-09-19 12:56:32.776000,424.6237184349211,103
2024-09-19 12:56:32.833000,424.6233447095267,999
2024-09-19 12:56:32.920000,424.6170193504328,102
2024-09-19 12:56:32.942000,424.6178712408696,1005
2024-09-19 12:56:32.952000,424.68630161214026,10
2024-09-19 12:56:32.954000,424.6502263930661,104
2024-09-19 12:56:33,424.6945049458817,105
2024-09-19 12:56:33.027000,424.685637900733,97
2024-09-19 12:56:33.032000,424.7012380548795,97
2024-09-19 12:56:33.198000,424.6956268603151,5
2024-09-19 12:56:33.245000,424.6623187909904,7
2024-09-19 12:56:33.287000,424.6686259824841,8
2024-09-19 12:56:33.368000,424.57076242161855,8
2024-09-19 12:56:33.375000,424.5993450232504,96
2024-09-19 12:56:33.393000,424.6480394183435,1001
2024-09-19 12:56:33.396000,424.707859013246,10
2024-09-19 12:56:33.408000,424.68717011717,998
2024-09-19 12:56:33.465000,424.6837647621372,13
2024-09-19 12:56:33.492000,424.6898744566095,1000
2024-09-19 12:56:33.578000,424.67779192128575,1000
2024-09-19 12:56:33.643000,424.6009279007192,8
2024-09-19 12:56:33.648000,424.5759861480824,1003
2024-09-19 12:56:33.674000,424.6041547084218,97
2024-09-19 12:56:33.772000,424.6269374224422,1002
2024-09-19 12:56:33.782000,424.6717253402581,9
2024-09-19 12:56:33.784000,424.6813073489906,998
2024-09-19 12:56:33.804000,424.6785442639039,100
2024-09-19 12:56:33.810000,424.7043357262661,9
2024-09-19 12:56:33.814000,424.619851380398,1003
2024-09-19 12:56:33.822000,424.6455284473751,98
2024-09-19 12:56:33.826000,424.691994275586,1004
2024-09-19 12:56:33.847000,424.6984995343526,7
2024-09-19 12:56:33.872000,424.5939745702205,1003
2024-09-19 12:56:33.905000,424.66000240311206,95
2024-09-19 12:56:33.935000,424.6921843908864,10
2024-09-19 12:56:33.976000,424.6610032215489,15
2024-09-19 12:56:34.063000,424.5464027285425,1003
2024-09-19 12:56:34.099000,424.54332779363335,996
2024-09-19 12:56:34.114000,424.5352245812574,11
2024-09-19 12:56:34.117000,424.5617412046033,5
2024-09-19 12:56:34.119000,424.5576262186883,9
2024-09-19 12:56:34.126000,424.5698769104416,6
2024-09-19 12:56:34.191000,424.5602885123745,5
2024-09-19 12:56:34.358000,424.57095683062346,103
2024-09-19 12:56:34.369000,424.5719703667804,104
2024-09-19 12:56:34.457000,424.5503161809986,14
2024-09-19 12:56:34.473000,424.58062446528345,103
2024-09-19 12:56:34.474000,424.5799895563564,998
2024-09-19 12:56:34.506000,424.53879186870574,98
2024-09-19 12:56:34.514000,424.5652886316655,97
2024-09-19 12:56:34.526000,424.57472677169903,105
2024-09-19 12:56:34.541000,424.5512267064359,101
2024-09-19 12:56:34.603000,424.551419203363,1002
2024-09-19 12:56:34.689000,424.5643622404066,96
2024-09-19 12:56:34.701000,424.5669445166879,1002
2024-09-19 12:56:34.708000,424.561212013629,9
2024-09-19 12:56:34.834000,424.56576237066,11
2024-09-19 12:56:34.897000,424.5452800792392,99
2024-09-19 12:56:34.900000,424.57379387937686,1003
2024-09-19 12:56:35.018000,424.5442239581108,105
2024-09-19 12:56:35.074000,424.588813867958,9
2024-09-19 12:56:35.081000,424.5796898020064,998
2024-09-19 12:56:35.311000,424.56573371518186,11
2024-09-19 12:56:35.390000,424.55353826548674,12
2024-09-19 12:56:35.448000,424.558360797482,995
2024-09-19 12:56:35.786000,424.5549204592984,10
2024-09-19 12:56:35.953000,424.5709964186065,101
2024-09-19 12:56:36.017000,424.51131686324914,15
2024-09-19 12:56:36.017000,424.5392292200583,997
2024-09-19 12:56:36.024000,424.5221602743201,10
2024-09-19 12:56:36.032000,424.5114252802904,98
2024-09-19 12:56:36.065000,424.52383102116175,1001
2024-09-19 12:56:36.078000,424.5420357050334,997
2024-09-19 12:56:36.175000,424.5499964732224,1005
2024-09-19 12:56:36.179000,424.5181039936638,13
2024-09-19 12:56:36.185000,424.515578559728,100
2024-09-19 12:56:36.372000,424.5427133848647,11
2024-09-19 12:56:36.408000,424.54464765901446,14
2024-09-19 12:56:36.442000,424.5277253564557,997
2024-09-19 12:56:36.491000,424.5543841629864,99
2024-09-19 12:56:36.515000,424.5191968809352,1004
2024-09-19 12:56:36.550000,424.5141153332182,997
2024-09-19 12:56:36.621000,424.5171170145546,998
2024-09-19 12:56:36.922000,424.51492916329335,15
2024-09-19 12:56:37.001000,424.5920924546725,998
2024-09-19 12:56:37.106000,424.5472014084386,102
2024-09-19 12:56:37.171000,424.579190142408,100
2024-09-19 12:56:37.270000,424.5531078927636,8
2024-09-19 12:56:37.351000,424.5708526769951,102
2024-09-19 12:56:37.391000,424.5694376777953,1005
2024-09-19 12:56:37.392000,424.58512665117337,5
2024-09-19 12:56:37.535000,424.556612166408,998
2024-09-19 12:56:37.619000,424.556778301221,1003
2024-09-19 12:56:37.758000,424.5639134236675,1002
2024-09-19 12:56:37.759000,424.5547091334332,104
2024-09-19 12:56:37.762000,424.59866785684096,14
2024-09-19 12:56:37.791000,424.5380044354302,10
2024-09-19 12:56:37.845000,424.545440836588,11
2024-09-19 12:56:37.881000,424.5558419535434,100
2024-09-19 12:56:37.914000,424.5861569815108,8
2024-09-19 12:56:37.928000,424.5691333247743,98
2024-09-19 12:56:38.047000,424.5797834464258,98
2024-09-19 12:56:38.093000,424.5568105090108,14
2024-09-19 12:56:38.099000,424.5589552552085,102
2024-09-19 12:56:38.174000,424.5855455052677,15
2024-09-19 12:56:38.189000,424.5719190420608,14
2024-09-19 12:56:38.230000,424.571789825378,15
2024-09-19 12:56:38.301000,424.5484411601641,14
2024-09-19 12:56:38.330000,424.5419089978478,102
2024-09-19 12:56:38.359000,424.56022849019695,100
2024-09-19 12:56:38.367000,424.5489590079897,998
2024-09-19 12:56:38.391000,424.6112485512659,104
2024-09-19 12:56:38.485000,424.5596373812712,995
2024-09-19 12:56:38.512000,424.5994094808138,15
2024-09-19 12:56:38.525000,424.5521362606314,98
2024-09-19 12:56:38.549000,424.6143000085258,999
2024-09-19 12:56:38.757000,424.5729582923227,96
2024-09-19 12:56:38.807000,424.59917392984016,1005
2024-09-19 12:56:38.821000,424.5548396925244,97
2024-09-19 12:56:38.888000,424.5553489098532,103
2024-09-19 12:56:38.974000,424.5567077499944,1002
2024-09-19 12:56:39.003000,424.4942875549292,105
2024-09-19 12:56:39.025000,424.51689705057447,11
2024-09-19 12:56:39.082000,424.5033524020105,999
2024-09-19 12:56:39.095000,424.4943182525745,105
2024-09-19 12:56:39.267000,424.5687396939175,1002
2024-09-19 12:56:39.277000,424.5249457932526,1005
2024-09-19 12:56:39.321000,424.5266796944945,11
2024-09-19 12:56:39.366000,424.5184888328522,11
2024-09-19 12:56:39.382000,424.5183879872801,102
2024-09-19 12:56:39.415000,424.5035702201719,6
2024-09-19 12:56:39.458000,424.5480737760816,9
2024-09-19 12:56:39.467000,424.4967076939314,9
2024-09-19 12:56:39.549000,424.4954538174182,9
2024-09-19 12:56:39.555000,424.47696083633366,97
2024-09-19 12:56:39.602000,424.49350638148456,105
2024-09-19 12:56:39.731000,424.5084956386097,100
2024-09-19 12:56:39.743000,424.50441983010376,13
2024-09-19 12:56:39.773000,424.5100138393871,100
2024-09-19 12:56:39.814000,424.5216730001577,1005
2024-09-19 12:56:39.822000,424.5195203745337,13
2024-09-19 12:56:39.882000,424.5548548879103,998
2024-09-19 12:56:39.904000,424.5859507914541,101
2024-09-19 12:56:39.942000,424.566981098664,8
2024-09-19 12:56:39.952000,424.57120293341865,97
2024-09-19 12:56:41.037000,424.5077185705925,7
2024-09-19 12:56:41.122000,424.52903747549607,997
2024-09-19 12:56:41.132000,424.510075501229,104
2024-09-19 12:56:41.147000,424.5010460432588,996
2024-09-19 12:56:41.212000,424.4510389297278,15
2024-09-19 12:56:41.397000,424.5082014339889,1002
2024-09-19 12:56:41.443000,424.4699768156962,15
2024-09-19 12:56:41.460000,424.5337658977912,96
2024-09-19 12:56:41.463000,424.5106172315161,15
2024-09-19 12:56:41.552000,424.4774858607934,105
2024-09-19 12:56:41.677000,424.4674450036131,1001
2024-09-19 12:56:41.732000,424.5202818594108,105
2024-09-19 12:56:41.809000,424.5145060296312,98
2024-09-19 12:56:41.937000,424.4876394923373,998
2024-09-19 12:56:41.949000,424.49769599955056,97
2024-09-19 12:56:42.035000,424.5790495834539,96
2024-09-19 12:56:42.058000,424.54025219185127,104
2024-09-19 12:56:42.063000,424.5175288404105,8
2024-09-19 12:56:42.287000,424.5114457298933,99
2024-09-19 12:56:42.446000,424.4954599724599,102
2024-09-19 12:56:42.461000,424.6259237799712,15
2024-09-19 12:56:42.461000,424.5524627921303,997
2024-09-19 12:56:42.564000,424.58936896093337,100
2024-09-19 12:56:42.573000,424.5973774517583,1005
2024-09-19 12:56:42.670000,424.49274796087656,995
2024-09-19 12:56:42.720000,424.5622103266617,997
2024-09-19 12:56:42.864000,424.59186827716337,6
2024-09-19 12:56:42.900000,424.4711344362439,11
2024-09-19 12:56:43.006000,424.613170784397,1003
2024-09-19 12:56:43.056000,424.5898042800053,99
2024-09-19 12:56:43.086000,424.6010398971706,998
2024-09-19 12:56:43.186000,424.5777769262715,1003
2024-09-19 12:56:43.219000,424.5781726752863,102
2024-09-19 12:56:43.329000,424.624547290024,998
2024-09-19 12:56:43.403000,424.60889679897326,1002
2024-09-19 12:56:43.535000,424.5748493833965,96
2024-09-19 12:56:43.615000,424.5689965469254,1000
2024-09-19 12:56:43.858000,424.6050893921014,12
2024-09-19 12:56:44.576000,424.5959244089504,1005
2024-09-19 12:56:45.039000,424.65389235737706,96
2024-09-19 12:56:45.101000,424.6535939545441,9
2024-09-19 12:56:45.147000,424.6316048598059,105
2024-09-19 12:56:45.250000,424.5831575095094,996
2024-09-19 12:56:45.252000,424.6210573071564,997
2024-09-19 12:56:45.321000,424.6294220295164,96
2024-09-19 12:56:45.415000,424.61303765499633,101
2024-09-19 12:56:45.436000,424.62525684224335,1004
2024-09-19 12:56:45.467000,424.61376423176944,5
2024-09-19 12:56:45.531000,424.5713563499783,102
2024-09-19 12:56:45.612000,424.5863049718381,98
2024-09-19 12:56:45.638000,424.6337988602812,101
2024-09-19 12:56:45.665000,424.5871477850413,998
2024-09-19 12:56:45.701000,424.64684224756064,995
2024-09-19 12:56:45.718000,424.65920959058326,1005
2024-09-19 12:56:45.800000,424.6328292155873,103
2024-09-19 12:56:45.833000,424.59736348480646,11
2024-09-19 12:56:45.884000,424.65196076821377,7
2024-09-19 12:56:45.917000,424.5811100065004,8
2024-09-19 12:56:45.952000,424.6441934000987,11
2024-09-19 12:56:46.532000,424.65277328151177,104
2024-09-19 12:56:46.812000,424.6443576400852,7
2024-09-19 12:56:47.022000,424.692085963236,98
2024-09-19 12:56:47.040000,424.6713208583033,8
2024-09-19 12:56:47.081000,424.6420205434756,102
2024-09-19 12:56:47.188000,424.6949562449586,997
2024-09-19 12:56:47.229000,424.7157215716964,101
2024-09-19 12:56:47.316000,424.7164616917785,6
2024-09-19 12:56:47.326000,424.7208233363706,996
2024-09-19 12:56:47.356000,424.6485012248753,1002
2024-09-19 12:56:47.367000,424.66136786716544,103
2024-09-19 12:56:47.418000,424.66774885935286,100
2024-09-19 12:56:47.427000,424.7115979555096,95
2024-09-19 12:56:47.474000,424.6747073436707,10
2024-09-19 12:56:47.480000,424.6530961850372,105
2024-09-19 12:56:47.591000,424.6510535066954,105
2024-09-19 12:56:47.608000,424.6867437407533,999
2024-09-19 12:56:47.620000,424.6488561327917,1000
2024-09-19 12:56:47.629000,424.6900120621272,12
2024-09-19 12:56:47.634000,424.715062582314,10
2024-09-19 12:56:47.642000,424.6529702516816,95
2024-09-19 12:56:47.659000,424.7199394621306,105
2024-09-19 12:56:47.685000,424.67542021408735,999
2024-09-19 12:56:47.690000,424.6944486126346,96
2024-09-19 12:56:47.738000,424.6601139842424,1001
2024-09-19 12:56:47.792000,424.65687040813873,996
2024-09-19 12:56:47.922000,424.6975140975499,997
2024-09-19 12:56:47.935000,424.691492505769,8
2024-09-19 12:56:47.937000,424.6882208521555,9
2024-09-19 12:56:47.998000,424.64238794964734,1002
2024-09-19 12:56:48.047000,424.6040306224107,1003
2024-09-19 12:56:48.058000,424.58563716146057,9
2024-09-19 12:56:48.103000,424.6417888272524,9
2024-09-19 12:56:48.178000,424.5943421634366,95
2024-09-19 12:56:48.211000,424.6351779941877,105
2024-09-19 12:56:48.226000,424.6359839816338,12
2024-09-19 12:56:48.241000,424.6351041542803,9
2024-09-19 12:56:48.243000,424.58448834478565,1000
2024-09-19 12:56:48.246000,424.6135634045396,995
2024-09-19 12:56:48.274000,424.5814152888134,1000
2024-09-19 12:56:48.318000,424.6410523242759,1001
2024-09-19 12:56:48.322000,424.6374414754068,5
2024-09-19 12:56:48.413000,424.5965566463344,7
2024-09-19 12:56:48.465000,424.57377566393416,995
2024-09-19 12:56:48.489000,424.58592456191707,7
2024-09-19 12:56:48.545000,424.5925786318051,15
2024-09-19 12:56:48.545000,424.574833311311,997
2024-09-19 12:56:48.593000,424.6337014053202,13
2024-09-19 12:56:48.632000,424.6442901445263,12
2024-09-19 12:56:48.687000,424.5843841525413,1001
2024-09-19 12:56:48.710000,424.5759133333148,102
2024-09-19 12:56:48.751000,424.6429692061798,999
2024-09-19 12:56:48.777000,424.5530443878212,1004
2024-09-19 12:56:48.785000,424.6404485044349,7
2024-09-19 12:56:48.836000,424.6395157182518,997
2024-09-19 12:56:48.914000,424.58222421191823,1002
2024-09-19 12:56:49.030000,424.5441461703463,95
2024-09-19 12:56:49.040000,424.5188660874266,6
2024-09-19 12:56:49.046000,424.41356673659135,1002
2024-09-19 12:56:49.070000,424.5147251747779,97
2024-09-19 12:56:49.091000,424.5214677305816,100
2024-09-19 12:56:49.161000,424.5101146577967,997
2024-09-19 12:56:49.406000,424.5470753526103,995
2024-09-19 12:56:49.456000,424.4950958987969,996
2024-09-19 12:56:49.485000,424.5674397061604,1002
2024-09-19 12:56:49.514000,424.5369461423132,1000
2024-09-19 12:56:49.515000,424.5484300277215,15
2024-09-19 12:56:49.674000,424.40673701573473,97
2024-09-19 12:56:49.740000,424.56789370360855,98
2024-09-19 12:56:49.760000,424.4228917030681,101
2024-09-19 12:56:49.797000,424.5611632400943,104
2024-09-19 12:56:49.869000,424.541166895631,1004
2024-09-19 12:56:49.870000,424.4101309976682,104
2024-09-19 12:56:49.902000,424.5435994729377,1004
2024-09-19 12:56:49.956000,424.4704159821613,1002
2024-09-19 12:56:49.958000,424.44247436963815,9
2024-09-19 12:56:49.988000,424.5358154202491,14
2024-09-19 12:56:50.268000,424.42344077739233,1005
2024-09-19 12:56:50.490000,424.4354088158203,15
2024-09-19 12:56:50.617000,424.43397267504537,15
2024-09-19 12:56:50.686000,424.4357487772039,1004
2024-09-19 12:56:51.326000,424.4296687258697,104
2024-09-19 12:56:51.582000,424.43409054613744,98
2024-09-19 12:56:52.029000,424.42814090881615,15
2024-09-19 12:56:52.225000,424.4001987150655,13
2024-09-19 12:56:52.243000,424.405568851123,104
2024-09-19 12:56:52.255000,424.41044170559326,995
2024-09-19 12:56:52.264000,424.4119433091367,15
2024-09-19 12:56:52.446000,424.43197575796273,100
2024-09-19 12:56:52.567000,424.4169025454451,7
2024-09-19 12:56:52.750000,424.4111715180784,1004
2024-09-19 12:56:52.765000,424.4048376171785,5
2024-09-19 12:56:52.845000,424.4104178378232,1004
2024-09-19 12:56:52.892000,424.4142667266231,997
2024-09-19 12:56:52.937000,424.39307114420296,98
2024-09-19 12:56:53.006000,424.3744896186455,96
2024-09-19 12:56:53.085000,424.4482184026492,995
2024-09-19 12:56:53.099000,424.37178081338897,5
2024-09-19 12:56:53.106000,424.4215635851701,98
2024-09-19 12:56:53.109000,424.3797620499883,12
2024-09-19 12:56:53.273000,424.367301314702,97
2024-09-19 12:56:53.377000,424.42113659730313,105
2024-09-19 12:56:53.410000,424.4291315354936,5
2024-09-19 12:56:53.439000,424.3884581924304,999
2024-09-19 12:56:53.465000,424.3931322594004,98
2024-09-19 12:56:53.467000,424.4444795352564,7
2024-09-19 12:56:53.514000,424.40302678664295,999
2024-09-19 12:56:53.659000,424.4102494347298,99
2024-09-19 12:56:53.667000,424.4301752208965,10
2024-09-19 12:56:53.765000,424.4163281313401,102
2024-09-19 12:56:53.802000,424.4065591332612,14
2024-09-19 12:56:53.906000,424.409182788512,1001
2024-09-19 12:56:53.919000,424.4045006298031,97
2024-09-19 12:56:53.919000,424.43707655494273,10
2024-09-19 12:56:53.934000,424.3756436384047,11
2024-09-19 12:56:54.006000,424.4111175682352,995
2024-09-19 12:56:54.043000,424.4109773227632,5
2024-09-19 12:56:54.103000,424.4308303483976,14
2024-09-19 12:56:54.133000,424.4185043042961,101
2024-09-19 12:56:54.133000,424.3937135483299,10
2024-09-19 12:56:54.173000,424.4189977504263,101
2024-09-19 12:56:54.217000,424.4036660726392,1001
2024-09-19 12:56:54.335000,424.416183134828,1000
2024-09-19 12:56:54.337000,424.3941545670514,999
2024-09-19 12:56:54.373000,424.42270115963726,1005
2024-09-19 12:56:54.383000,424.4140921128807,1005
2024-09-19 12:56:54.441000,424.4056580757649,7
2024-09-19 12:56:54.466000,424.42536224492943,1002
2024-09-19 12:56:54.467000,424.3972190961718,98
2024-09-19 12:56:54.478000,424.4375886822419,1000
2024-09-19 12:56:54.478000,424.4188225416888,105
2024-09-19 12:56:54.525000,424.41349865388713,8
2024-09-19 12:56:54.600000,424.4067148941736,10
2024-09-19 12:56:54.673000,424.40040298488,5
2024-09-19 12:56:54.772000,424.43027059701376,98
2024-09-19 12:56:54.793000,424.4127281300929,104
2024-09-19 12:56:54.934000,424.4174243718796,5
2024-09-19 12:56:54.990000,424.4105071660116,999
2024-09-19 12:56:55.145000,424.407186229093,103
2024-09-19 12:56:55.189000,424.3345815477829,1000
2024-09-19 12:56:55.196000,424.40669285268416,102
2024-09-19 12:56:55.251000,424.3613835385779,1000
2024-09-19 12:56:55.270000,424.403149756836,995
2024-09-19 12:56:55.334000,424.31846420436506,12
2024-09-19 12:56:55.527000,424.4091299623486,998
2024-09-19 12:56:55.559000,424.33817277584734,9
2024-09-19 12:56:55.669000,424.39192421913447,997
2024-09-19 12:56:55.676000,424.3558140940768,998
2024-09-19 12:56:55.700000,424.3721018475984,15
2024-09-19 12:56:55.722000,424.37605823506135,1004
2024-09-19 12:56:55.777000,424.3321428823973,998
2024-09-19 12:56:55.789000,424.3212663805912,995
2024-09-19 12:56:55.859000,424.3667408426194,14
2024-09-19 12:56:55.977000,424.4017059895649,100
2024-09-19 12:56:55.990000,424.3225823388488,1002
2024-09-19 12:56:56.033000,424.2797748185752,998
2024-09-19 12:56:56.389000,424.2875157559374,102
2024-09-19 12:56:57.279000,424.3021926923066,1001
2024-09-19 12:56:57.723000,424.2896650047216,98
2024-09-19 12:56:58.087000,424.2280809860901,15
2024-09-19 12:56:58.145000,424.2211835933004,1001
2024-09-19 12:56:58.197000,424.2032316243001,95
2024-09-19 12:56:58.241000,424.2510821045976,1002
2024-09-19 12:56:58.338000,424.235600467247,1000
2024-09-19 12:56:58.364000,424.2507642503395,10
2024-09-19 12:56:58.391000,424.1927710129767,11
2024-09-19 12:56:58.405000,424.1874229596143,5
2024-09-19 12:56:58.479000,424.2451567892191,96
2024-09-19 12:56:58.507000,424.1947327737833,95
2024-09-19 12:56:58.517000,424.2545097239117,105
2024-09-19 12:56:58.524000,424.26068793426447,1002
2024-09-19 12:56:58.628000,424.2104395263787,7
2024-09-19 12:56:58.650000,424.2036697211464,996
2024-09-19 12:56:58.656000,424.2599920340057,10
2024-09-19 12:56:58.669000,424.2318757444581,98
2024-09-19 12:56:58.723000,424.25844147338887,1000
2024-09-19 12:56:58.753000,424.2345267731521,14
2024-09-19 12:56:58.756000,424.2576211499151,99
2024-09-19 12:56:58.855000,424.25675013425456,14
2024-09-19 12:56:58.872000,424.23855266942337,1005
2024-09-19 12:56:58.971000,424.1904648352036,1003
2024-09-19 12:56:59.203000,424.24485838765327,1004
