Timestamp,Price,Size
2024-09-16 11:59:00.010000,417.6337388511221,98
2024-09-16 11:59:00.236000,417.6434004366636,100
2024-09-16 11:59:00.306000,417.6203152758145,98
2024-09-16 11:59:00.452000,417.6374166335796,14
2024-09-16 11:59:00.730000,417.6388141496601,1004
2024-09-16 11:59:00.823000,417.63504191587,102
2024-09-16 11:59:01.023000,417.67455664410585,1004
2024-09-16 11:59:01.101000,417.7131862158937,13
2024-09-16 11:59:01.113000,417.6198109084356,1004
2024-09-16 11:59:01.121000,417.6197772281736,103
2024-09-16 11:59:01.130000,417.70668965181807,100
2024-09-16 11:59:01.215000,417.6906625491731,98
2024-09-16 11:59:01.238000,417.7236067097732,97
2024-09-16 11:59:01.455000,417.6072447002188,100
2024-09-16 11:59:01.470000,417.61992099554567,10
2024-09-16 11:59:01.550000,417.70537952644383,5
2024-09-16 11:59:01.582000,417.6537778802735,996
2024-09-16 11:59:01.585000,417.6401360591868,6
2024-09-16 11:59:01.604000,417.6886639635012,1005
2024-09-16 11:59:01.677000,417.6640555285237,997
2024-09-16 11:59:01.759000,417.6984298627998,96
2024-09-16 11:59:01.793000,417.731925623019,8
2024-09-16 11:59:01.813000,417.6010705482777,14
2024-09-16 11:59:01.834000,417.6430403317331,104
2024-09-16 11:59:01.867000,417.71505089170927,104
2024-09-16 11:59:01.895000,417.6160904322856,105
2024-09-16 11:59:01.919000,417.6918644089501,1003
2024-09-16 11:59:01.951000,417.6544880574333,103
2024-09-16 11:59:01.983000,417.7037147076234,12
2024-09-16 11:59:01.991000,417.6516701818696,95
2024-09-16 11:59:02.017000,417.7538535614996,101
2024-09-16 11:59:02.068000,417.76096321168126,1001
2024-09-16 11:59:02.248000,417.7667275160567,997
2024-09-16 11:59:02.331000,417.74090984164775,96
2024-09-16 11:59:02.451000,417.7195936607512,1001
2024-09-16 11:59:02.485000,417.73768750131626,999
2024-09-16 11:59:02.642000,417.74649763275534,1003
2024-09-16 11:59:02.835000,417.7586763186417,12
2024-09-16 11:59:02.910000,417.7276102772892,100
2024-09-16 11:59:03.510000,417.7433891751742,101
2024-09-16 11:59:04.856000,417.75456129889216,996
2024-09-16 11:59:04.912000,417.73508946178873,1004
2024-09-16 11:59:04.982000,417.7674197691301,1002
2024-09-16 11:59:05.122000,417.8219540825403,14
2024-09-16 11:59:05.172000,417.85132956527895,998
2024-09-16 11:59:05.173000,417.8207745311839,1004
2024-09-16 11:59:05.181000,417.7962881835975,104
2024-09-16 11:59:05.209000,417.8328954122687,1004
2024-09-16 11:59:05.285000,417.85573166400746,104
2024-09-16 11:59:05.371000,417.7652170313593,103
2024-09-16 11:59:05.486000,417.8664550790881,5
2024-09-16 11:59:05.540000,417.81815131588337,14
2024-09-16 11:59:05.574000,417.8298784356664,9
2024-09-16 11:59:05.584000,417.77282459268906,104
2024-09-16 11:59:05.597000,417.8403005743986,14
2024-09-16 11:59:05.597000,417.807100531909,9
2024-09-16 11:59:05.614000,417.8197025963327,8
2024-09-16 11:59:05.651000,417.8178499379806,9
2024-09-16 11:59:05.655000,417.8514183752465,998
2024-09-16 11:59:05.695000,417.81391504022463,101
2024-09-16 11:59:05.733000,417.8412875580495,10
2024-09-16 11:59:05.892000,417.83531199576174,995
2024-09-16 11:59:05.899000,417.8117581542031,1002
2024-09-16 11:59:05.916000,417.8406063676224,5
2024-09-16 11:59:05.938000,417.833388816356,8
2024-09-16 11:59:05.945000,417.8218948235326,7
2024-09-16 11:59:06.111000,417.8535655793691,6
2024-09-16 11:59:06.376000,417.8467917312546,1003
2024-09-16 11:59:06.453000,417.8343183682928,98
2024-09-16 11:59:06.605000,417.8590343618497,10
2024-09-16 11:59:07.020000,417.7486590701077,98
2024-09-16 11:59:07.134000,417.8363594474157,1003
2024-09-16 11:59:07.144000,417.71537856465295,10
2024-09-16 11:59:07.284000,417.8304126174267,1005
2024-09-16 11:59:07.284000,417.81104341121136,1000
2024-09-16 11:59:07.300000,417.834029342456,1001
2024-09-16 11:59:07.301000,417.7295864599781,104
2024-09-16 11:59:07.314000,417.7744471507205,1001
2024-09-16 11:59:07.344000,417.7365474551694,98
2024-09-16 11:59:07.352000,417.7133979263885,104
2024-09-16 11:59:07.378000,417.7116784602463,1002
2024-09-16 11:59:07.472000,417.6934954277784,997
2024-09-16 11:59:07.504000,417.6888765881302,103
2024-09-16 11:59:07.540000,417.69049148920936,105
2024-09-16 11:59:07.568000,417.8420924322345,9
2024-09-16 11:59:07.626000,417.7688261617004,102
2024-09-16 11:59:07.720000,417.74286049705023,105
2024-09-16 11:59:07.776000,417.7600379835517,10
2024-09-16 11:59:07.788000,417.7197351386364,14
2024-09-16 11:59:07.817000,417.7652934170754,12
2024-09-16 11:59:07.878000,417.8162505955817,14
2024-09-16 11:59:07.994000,417.8100361686981,101
2024-09-16 11:59:08.006000,417.6856918347788,1003
2024-09-16 11:59:08.096000,417.65828547083606,8
2024-09-16 11:59:08.136000,417.6652903905399,15
2024-09-16 11:59:08.164000,417.6308693241705,101
2024-09-16 11:59:08.168000,417.6588952693456,101
2024-09-16 11:59:08.228000,417.63637984812186,7
2024-09-16 11:59:08.248000,417.6678848287393,1004
2024-09-16 11:59:08.289000,417.67122398708943,11
2024-09-16 11:59:08.516000,417.6194949760297,10
2024-09-16 11:59:08.560000,417.67005231036455,1002
2024-09-16 11:59:08.689000,417.6262958990814,98
2024-09-16 11:59:08.692000,417.6797862201145,1005
2024-09-16 11:59:08.733000,417.6153642654378,14
2024-09-16 11:59:08.765000,417.67198943002063,95
2024-09-16 11:59:08.861000,417.6973827921371,98
2024-09-16 11:59:08.924000,417.65743835423433,96
2024-09-16 11:59:08.943000,417.7044352945584,996
2024-09-16 11:59:09.033000,417.5708314997986,14
2024-09-16 11:59:09.051000,417.5538814170477,996
2024-09-16 11:59:09.194000,417.561279733414,97
2024-09-16 11:59:09.270000,417.5789848681062,13
2024-09-16 11:59:09.307000,417.5731535806036,95
2024-09-16 11:59:09.334000,417.60616208548265,15
2024-09-16 11:59:09.495000,417.5672839183696,12
2024-09-16 11:59:09.560000,417.5789030339727,102
2024-09-16 11:59:09.568000,417.5521092683828,13
2024-09-16 11:59:09.576000,417.5651192630057,998
2024-09-16 11:59:09.607000,417.57333120238326,1003
2024-09-16 11:59:09.610000,417.6037154897488,100
2024-09-16 11:59:09.619000,417.5497098609698,5
2024-09-16 11:59:09.634000,417.5558525405735,7
2024-09-16 11:59:09.672000,417.578741763593,97
2024-09-16 11:59:09.707000,417.5736814217381,7
2024-09-16 11:59:09.713000,417.5797455294855,5
2024-09-16 11:59:09.784000,417.56770261437913,99
2024-09-16 11:59:09.789000,417.5668451371984,97
2024-09-16 11:59:09.817000,417.561594935165,999
2024-09-16 11:59:09.827000,417.5604925570738,998
2024-09-16 11:59:09.932000,417.5727534466951,1000
2024-09-16 11:59:10.207000,417.5377388712262,12
2024-09-16 11:59:10.211000,417.5006088917615,97
2024-09-16 11:59:10.564000,417.54809125352233,15
2024-09-16 11:59:10.896000,417.4991571613471,99
2024-09-16 11:59:10.950000,417.5336268417088,103
2024-09-16 11:59:11.009000,417.579076799326,15
2024-09-16 11:59:11.010000,417.6074276958143,11
2024-09-16 11:59:11.100000,417.60589214690793,101
2024-09-16 11:59:11.100000,417.5769927003586,1003
2024-09-16 11:59:11.196000,417.550954004834,999
2024-09-16 11:59:11.222000,417.5877995964883,13
2024-09-16 11:59:11.242000,417.6195720356619,97
2024-09-16 11:59:11.309000,417.57411317133386,1003
2024-09-16 11:59:11.312000,417.5648655263429,996
2024-09-16 11:59:11.317000,417.519035988601,12
2024-09-16 11:59:11.329000,417.5990277681684,998
2024-09-16 11:59:11.358000,417.5863261678219,999
2024-09-16 11:59:11.378000,417.6410294793624,1004
2024-09-16 11:59:11.503000,417.5994424767155,7
2024-09-16 11:59:11.520000,417.6113434267055,997
2024-09-16 11:59:11.578000,417.5148445998047,104
2024-09-16 11:59:11.626000,417.5541761222369,10
2024-09-16 11:59:11.717000,417.6418537525947,101
2024-09-16 11:59:11.719000,417.619554400241,96
2024-09-16 11:59:11.723000,417.55554695209486,999
2024-09-16 11:59:11.746000,417.5834706816046,1005
2024-09-16 11:59:11.791000,417.5954966192109,104
2024-09-16 11:59:11.855000,417.5902853873743,102
2024-09-16 11:59:11.877000,417.5070405526442,997
2024-09-16 11:59:11.890000,417.6247747639621,1000
2024-09-16 11:59:11.897000,417.50086052498114,10
2024-09-16 11:59:11.941000,417.5614141663879,1000
2024-09-16 11:59:12.012000,417.5784594362753,97
2024-09-16 11:59:12.053000,417.5692403890339,11
2024-09-16 11:59:12.056000,417.5821434658666,15
2024-09-16 11:59:12.084000,417.4776221942995,105
2024-09-16 11:59:12.113000,417.48987260891874,99
2024-09-16 11:59:12.182000,417.4803571563593,8
2024-09-16 11:59:12.204000,417.57484972071376,15
2024-09-16 11:59:12.230000,417.4781617251013,104
2024-09-16 11:59:12.254000,417.4981119318163,15
2024-09-16 11:59:12.284000,417.5409171223916,95
2024-09-16 11:59:12.295000,417.4764647199192,12
2024-09-16 11:59:12.452000,417.49985850480647,1001
2024-09-16 11:59:12.529000,417.5443475786022,95
2024-09-16 11:59:12.537000,417.4941951935848,997
2024-09-16 11:59:12.555000,417.4735517615094,999
2024-09-16 11:59:12.582000,417.48701057293135,5
2024-09-16 11:59:12.600000,417.4781087637755,13
2024-09-16 11:59:12.614000,417.48443942621645,1002
2024-09-16 11:59:12.654000,417.5080543132987,1003
2024-09-16 11:59:12.678000,417.56295603098727,1004
2024-09-16 11:59:12.693000,417.47459121505295,12
2024-09-16 11:59:12.706000,417.5330776741176,10
2024-09-16 11:59:12.761000,417.58174415396553,102
2024-09-16 11:59:12.820000,417.48262918663903,1003
2024-09-16 11:59:12.838000,417.50950531621487,104
2024-09-16 11:59:12.913000,417.50838551605295,1000
2024-09-16 11:59:12.964000,417.5766998605778,1000
2024-09-16 11:59:12.969000,417.4810102111125,96
2024-09-16 11:59:13.014000,417.5727973415034,98
2024-09-16 11:59:13.115000,417.6008304426867,1003
2024-09-16 11:59:13.219000,417.5855040830388,100
2024-09-16 11:59:13.237000,417.5972356000005,99
2024-09-16 11:59:13.242000,417.58174512229584,1001
2024-09-16 11:59:13.280000,417.5809923424189,100
2024-09-16 11:59:13.345000,417.5575248608536,15
2024-09-16 11:59:13.397000,417.6019086254353,9
2024-09-16 11:59:13.436000,417.5641613242741,6
2024-09-16 11:59:13.466000,417.5897087731093,11
2024-09-16 11:59:13.476000,417.5612326027353,9
2024-09-16 11:59:13.575000,417.6183241813843,9
2024-09-16 11:59:13.592000,417.5643053760753,6
2024-09-16 11:59:13.645000,417.5658709410512,13
2024-09-16 11:59:13.698000,417.5674364311506,97
2024-09-16 11:59:13.755000,417.598053383448,1005
2024-09-16 11:59:13.765000,417.5772112576398,999
2024-09-16 11:59:13.782000,417.59040961732455,105
2024-09-16 11:59:13.867000,417.5711817048216,5
2024-09-16 11:59:13.871000,417.5675126409113,5
2024-09-16 11:59:13.916000,417.6039042982952,997
2024-09-16 11:59:13.918000,417.5896976206136,13
2024-09-16 11:59:14.015000,417.4747634593529,6
2024-09-16 11:59:14.052000,417.5730904088717,100
2024-09-16 11:59:14.073000,417.5850924323685,96
2024-09-16 11:59:14.113000,417.5501544689115,1002
2024-09-16 11:59:14.184000,417.5842805294199,997
2024-09-16 11:59:14.184000,417.5502624627775,1002
2024-09-16 11:59:14.437000,417.5563942394368,15
2024-09-16 11:59:14.478000,417.5691825576951,11
2024-09-16 11:59:14.481000,417.49166576541984,97
2024-09-16 11:59:14.517000,417.584587217826,100
2024-09-16 11:59:14.540000,417.5602163242238,9
2024-09-16 11:59:14.640000,417.48588278815066,11
2024-09-16 11:59:14.724000,417.4883637942303,997
2024-09-16 11:59:14.739000,417.477231745744,14
2024-09-16 11:59:14.835000,417.50886667282026,98
2024-09-16 11:59:14.847000,417.5827578178232,96
2024-09-16 11:59:14.850000,417.54901753755166,97
2024-09-16 11:59:14.859000,417.5647090863909,1003
2024-09-16 11:59:14.931000,417.576862380307,97
2024-09-16 11:59:14.957000,417.56462128439296,98
2024-09-16 11:59:14.993000,417.5520952172692,9
2024-09-16 11:59:15.028000,417.468715851116,13
2024-09-16 11:59:15.132000,417.448542698113,7
2024-09-16 11:59:15.143000,417.4438837901254,999
2024-09-16 11:59:15.228000,417.4736431127898,997
2024-09-16 11:59:15.261000,417.471660890256,13
2024-09-16 11:59:15.322000,417.4551546631474,101
2024-09-16 11:59:15.425000,417.44602139307545,995
2024-09-16 11:59:15.500000,417.4467378792141,1002
2024-09-16 11:59:15.504000,417.454238415517,99
2024-09-16 11:59:15.659000,417.4485690373152,1001
2024-09-16 11:59:15.772000,417.4502666764199,1004
2024-09-16 11:59:15.863000,417.47795789290586,6
2024-09-16 11:59:15.871000,417.4574538091376,15
2024-09-16 11:59:15.948000,417.43076620831954,97
2024-09-16 11:59:15.991000,417.4613876496694,14
2024-09-16 11:59:15.998000,417.4603214730044,13
2024-09-16 11:59:16.130000,417.4567443117138,95
2024-09-16 11:59:16.152000,417.4948248705512,997
2024-09-16 11:59:16.168000,417.4519110140476,103
2024-09-16 11:59:16.249000,417.4474668285641,15
2024-09-16 11:59:16.272000,417.4851549269348,8
2024-09-16 11:59:16.485000,417.4777533026544,9
2024-09-16 11:59:16.485000,417.4726333847205,1001
2024-09-16 11:59:16.589000,417.4580106146799,100
2024-09-16 11:59:16.627000,417.4659820797135,10
2024-09-16 11:59:16.674000,417.48131592119336,14
2024-09-16 11:59:16.693000,417.4795632914443,103
2024-09-16 11:59:16.842000,417.4650161632363,104
2024-09-16 11:59:16.866000,417.4928894281439,1003
2024-09-16 11:59:17.065000,417.50744121607977,95
2024-09-16 11:59:17.076000,417.5585601526974,14
2024-09-16 11:59:17.145000,417.5760610556046,997
2024-09-16 11:59:17.204000,417.5500515908452,7
2024-09-16 11:59:17.235000,417.5529659564679,13
2024-09-16 11:59:17.332000,417.55698947267103,1005
2024-09-16 11:59:17.402000,417.5542272424114,1003
2024-09-16 11:59:17.451000,417.53293275708296,13
2024-09-16 11:59:17.459000,417.4964832895166,100
2024-09-16 11:59:17.521000,417.5565307307221,998
2024-09-16 11:59:17.536000,417.5110686860383,97
2024-09-16 11:59:17.539000,417.5263623240886,13
2024-09-16 11:59:17.604000,417.557925531234,14
2024-09-16 11:59:17.631000,417.5583750127623,6
2024-09-16 11:59:17.666000,417.5659862911034,104
2024-09-16 11:59:17.724000,417.5461644003466,95
2024-09-16 11:59:17.743000,417.5110557425416,996
2024-09-16 11:59:17.779000,417.5647177598926,8
2024-09-16 11:59:17.783000,417.5699351231587,1003
2024-09-16 11:59:17.786000,417.5643488335169,14
2024-09-16 11:59:17.819000,417.53316995129904,13
2024-09-16 11:59:17.929000,417.5410891082062,13
2024-09-16 11:59:18.097000,417.5342868721466,5
2024-09-16 11:59:18.249000,417.5391791242546,7
2024-09-16 11:59:18.291000,417.5284818261116,15
2024-09-16 11:59:18.303000,417.54428432733386,105
2024-09-16 11:59:18.455000,417.54156155529057,1003
2024-09-16 11:59:18.511000,417.5605464674102,10
2024-09-16 11:59:18.519000,417.5649914860892,96
2024-09-16 11:59:18.845000,417.5239367250185,999
2024-09-16 11:59:18.948000,417.5587816178819,8
2024-09-16 11:59:18.951000,417.5404357323053,101
2024-09-16 11:59:19.032000,417.5378405531031,1005
2024-09-16 11:59:19.046000,417.5284726284612,100
2024-09-16 11:59:19.067000,417.5349236140048,13
2024-09-16 11:59:19.116000,417.5270432906572,995
2024-09-16 11:59:19.135000,417.5095945539042,7
2024-09-16 11:59:19.241000,417.5505194627396,101
2024-09-16 11:59:19.264000,417.5432047710372,1002
2024-09-16 11:59:19.303000,417.5673119037836,996
2024-09-16 11:59:19.341000,417.5279101699426,100
2024-09-16 11:59:19.379000,417.54748019307743,6
2024-09-16 11:59:19.409000,417.5299256650754,97
2024-09-16 11:59:19.461000,417.5565894101777,1001
2024-09-16 11:59:19.475000,417.5393426413717,100
2024-09-16 11:59:19.487000,417.5715309241001,995
2024-09-16 11:59:19.525000,417.5365639999779,1003
2024-09-16 11:59:19.543000,417.5585590782093,1001
2024-09-16 11:59:19.568000,417.51407078719694,102
2024-09-16 11:59:19.597000,417.53285344430446,1001
2024-09-16 11:59:19.602000,417.5342585222367,13
2024-09-16 11:59:19.618000,417.51736269558296,97
2024-09-16 11:59:19.677000,417.5525465367917,101
2024-09-16 11:59:19.714000,417.56798240155706,9
2024-09-16 11:59:19.791000,417.5521240732348,6
2024-09-16 11:59:19.942000,417.5241173843913,1003
2024-09-16 11:59:19.974000,417.58037284170695,103
2024-09-16 11:59:20.039000,417.44274330087154,98
2024-09-16 11:59:20.123000,417.4619966856516,997
2024-09-16 11:59:20.129000,417.4126790211197,105
2024-09-16 11:59:20.150000,417.4462709412353,104
2024-09-16 11:59:20.189000,417.3965159972494,98
2024-09-16 11:59:20.189000,417.51525524890206,96
2024-09-16 11:59:20.190000,417.5134851780388,1003
2024-09-16 11:59:20.212000,417.42179417851537,95
2024-09-16 11:59:20.227000,417.47433923787577,1004
2024-09-16 11:59:20.255000,417.4710211185768,102
2024-09-16 11:59:20.280000,417.4586047291888,95
2024-09-16 11:59:20.388000,417.4581033390051,1003
2024-09-16 11:59:20.412000,417.4468072021338,7
2024-09-16 11:59:20.481000,417.4957609446178,1004
2024-09-16 11:59:20.483000,417.45197810518846,10
2024-09-16 11:59:20.503000,417.508879119641,12
2024-09-16 11:59:20.524000,417.46379142381153,96
2024-09-16 11:59:20.529000,417.5247829197744,13
2024-09-16 11:59:20.549000,417.4814869863138,99
2024-09-16 11:59:20.648000,417.4047513414014,1001
2024-09-16 11:59:20.650000,417.4716972372481,99
2024-09-16 11:59:20.702000,417.4657466155833,95
2024-09-16 11:59:20.711000,417.51879376207023,1002
2024-09-16 11:59:20.762000,417.4606000405848,6
2024-09-16 11:59:20.773000,417.5316248766667,7
2024-09-16 11:59:20.890000,417.44497022119305,104
2024-09-16 11:59:20.904000,417.4518643601894,1000
2024-09-16 11:59:20.922000,417.4628663479143,996
2024-09-16 11:59:20.954000,417.4007086377435,1001
2024-09-16 11:59:21.021000,417.44104698195264,998
2024-09-16 11:59:21.064000,417.41852707437386,6
2024-09-16 11:59:21.088000,417.4095911024768,14
2024-09-16 11:59:21.137000,417.39757940710246,998
2024-09-16 11:59:21.276000,417.44291555148936,102
2024-09-16 11:59:21.300000,417.41670154197527,15
2024-09-16 11:59:21.320000,417.3988735754353,998
2024-09-16 11:59:21.569000,417.414026143448,11
2024-09-16 11:59:21.633000,417.4412104597876,999
2024-09-16 11:59:21.671000,417.41882270504135,7
2024-09-16 11:59:21.682000,417.4117958319459,13
2024-09-16 11:59:21.735000,417.42609254304784,1001
2024-09-16 11:59:21.765000,417.43410330660464,1005
2024-09-16 11:59:21.765000,417.4121172328891,1002
2024-09-16 11:59:21.810000,417.40691049133306,10
2024-09-16 11:59:21.950000,417.4380883918399,98
2024-09-16 11:59:22.007000,417.3462892829202,101
2024-09-16 11:59:22.009000,417.4222317217281,98
2024-09-16 11:59:22.043000,417.4154418994598,995
2024-09-16 11:59:22.058000,417.3362911245896,105
2024-09-16 11:59:22.081000,417.349667984761,13
2024-09-16 11:59:22.100000,417.405706277289,997
2024-09-16 11:59:22.118000,417.3780627962765,14
2024-09-16 11:59:22.126000,417.3863975075328,13
2024-09-16 11:59:22.181000,417.3740798262752,7
2024-09-16 11:59:22.193000,417.4124461489986,14
2024-09-16 11:59:22.242000,417.3880176771267,1003
2024-09-16 11:59:22.254000,417.3337074991732,96
2024-09-16 11:59:22.263000,417.3742890556235,15
2024-09-16 11:59:22.362000,417.4267776880209,1003
2024-09-16 11:59:22.396000,417.3750258954645,10
2024-09-16 11:59:22.504000,417.3526392465608,1002
2024-09-16 11:59:22.523000,417.33452379798416,1000
2024-09-16 11:59:22.537000,417.35131844579536,11
2024-09-16 11:59:22.638000,417.35565119461415,13
2024-09-16 11:59:22.658000,417.42498207067047,14
2024-09-16 11:59:22.673000,417.354238448208,996
2024-09-16 11:59:22.694000,417.4163396946908,99
2024-09-16 11:59:22.695000,417.3572655865908,8
2024-09-16 11:59:22.877000,417.4120165391022,97
2024-09-16 11:59:22.899000,417.38264581719073,1004
2024-09-16 11:59:22.924000,417.3212184321453,997
2024-09-16 11:59:22.967000,417.3383822207264,103
2024-09-16 11:59:22.982000,417.4264307550236,998
2024-09-16 11:59:23.909000,417.4459659503465,999
2024-09-16 11:59:24.016000,417.4363325376665,100
2024-09-16 11:59:24.073000,417.4024559852854,1001
2024-09-16 11:59:24.075000,417.4012597363239,100
2024-09-16 11:59:24.086000,417.3941373464695,1001
2024-09-16 11:59:24.102000,417.3981802882863,13
2024-09-16 11:59:24.109000,417.4037556639129,96
2024-09-16 11:59:24.109000,417.4060922154363,103
2024-09-16 11:59:24.141000,417.3993171420108,996
2024-09-16 11:59:24.151000,417.4335943457484,1000
2024-09-16 11:59:24.161000,417.3830444701281,100
2024-09-16 11:59:24.165000,417.42101835323234,13
2024-09-16 11:59:24.223000,417.4150027007121,995
2024-09-16 11:59:24.322000,417.4216829562213,999
2024-09-16 11:59:24.366000,417.4313289346427,14
2024-09-16 11:59:24.407000,417.4218287597798,1004
2024-09-16 11:59:24.462000,417.4444812527599,1000
2024-09-16 11:59:24.633000,417.3977940254513,104
2024-09-16 11:59:24.768000,417.37946965962857,12
2024-09-16 11:59:24.780000,417.4302829504815,103
2024-09-16 11:59:24.840000,417.4270832973448,999
2024-09-16 11:59:24.852000,417.3919844651205,99
2024-09-16 11:59:24.864000,417.43147404225823,97
2024-09-16 11:59:24.875000,417.3939085602804,997
2024-09-16 11:59:24.880000,417.4151485655344,5
2024-09-16 11:59:24.906000,417.43019464026816,8
2024-09-16 11:59:24.912000,417.4056402315135,102
2024-09-16 11:59:24.921000,417.4265550136503,1005
2024-09-16 11:59:25.810000,417.4178359594029,99
2024-09-16 11:59:25.843000,417.4300338485088,14
2024-09-16 11:59:26.018000,417.5002885068314,999
2024-09-16 11:59:26.164000,417.5019285377121,1005
2024-09-16 11:59:26.260000,417.493580924249,999
2024-09-16 11:59:26.326000,417.4935862114508,997
2024-09-16 11:59:26.396000,417.4772700023103,96
2024-09-16 11:59:26.846000,417.4416960630553,1000
2024-09-16 11:59:26.911000,417.4438301210501,8
2024-09-16 11:59:26.914000,417.491138640097,1004
2024-09-16 11:59:26.948000,417.4732397598572,13
2024-09-16 11:59:26.952000,417.43381141653913,103
2024-09-16 11:59:27.095000,417.4645760496713,9
2024-09-16 11:59:27.499000,417.4722696645029,12
2024-09-16 11:59:27.586000,417.4681669237777,5
2024-09-16 11:59:27.949000,417.4679093488802,998
2024-09-16 11:59:28.001000,417.47668125483887,96
2024-09-16 11:59:28.091000,417.482280585782,5
2024-09-16 11:59:28.099000,417.47505548689577,996
2024-09-16 11:59:28.147000,417.48064289556726,12
2024-09-16 11:59:28.156000,417.482528272751,103
2024-09-16 11:59:28.168000,417.4653715480789,104
2024-09-16 11:59:28.178000,417.4854357828856,98
2024-09-16 11:59:28.191000,417.4879963974514,14
2024-09-16 11:59:28.200000,417.47891691166006,13
2024-09-16 11:59:28.279000,417.46791659638,5
2024-09-16 11:59:28.295000,417.4759682350997,7
2024-09-16 11:59:28.297000,417.4598302958976,7
2024-09-16 11:59:28.324000,417.4799717607588,100
2024-09-16 11:59:28.341000,417.4929630372751,12
2024-09-16 11:59:28.391000,417.51358024775686,999
2024-09-16 11:59:28.405000,417.51877039219056,103
2024-09-16 11:59:28.407000,417.48424977182367,997
2024-09-16 11:59:28.589000,417.4890819444797,996
2024-09-16 11:59:28.733000,417.47041176604176,13
2024-09-16 11:59:28.757000,417.490342362022,1005
2024-09-16 11:59:28.774000,417.51485090064654,995
2024-09-16 11:59:28.900000,417.5288565263992,5
2024-09-16 11:59:28.930000,417.49216079902567,1005
2024-09-16 11:59:28.971000,417.4633115730902,998
2024-09-16 11:59:28.972000,417.49646132426034,13
2024-09-16 11:59:28.988000,417.4758420404487,995
2024-09-16 11:59:28.994000,417.4770680727853,95
2024-09-16 11:59:29.066000,417.5058782889439,96
2024-09-16 11:59:29.274000,417.50357183506594,5
2024-09-16 11:59:29.307000,417.4963861060783,99
2024-09-16 11:59:29.346000,417.4772820863207,10
2024-09-16 11:59:29.419000,417.4774801292247,104
2024-09-16 11:59:29.488000,417.4942433594241,97
2024-09-16 11:59:29.591000,417.4904720178133,97
2024-09-16 11:59:29.613000,417.4953714142492,11
2024-09-16 11:59:29.619000,417.47269089124256,103
2024-09-16 11:59:29.695000,417.4563620935888,14
2024-09-16 11:59:29.778000,417.4553246805946,5
2024-09-16 11:59:29.848000,417.46850419154,13
2024-09-16 11:59:29.918000,417.44839015033233,100
2024-09-16 11:59:30.084000,417.522582197197,6
2024-09-16 11:59:30.128000,417.6272397422967,12
2024-09-16 11:59:30.186000,417.50979795193706,14
2024-09-16 11:59:30.286000,417.5721007397135,999
2024-09-16 11:59:30.417000,417.6527325235268,1003
2024-09-16 11:59:30.572000,417.4851273635163,13
2024-09-16 11:59:30.596000,417.49801652757714,99
2024-09-16 11:59:30.623000,417.5420009228744,95
2024-09-16 11:59:30.635000,417.6158620602044,1001
2024-09-16 11:59:30.701000,417.5952964478904,98
2024-09-16 11:59:30.813000,417.5432793599111,997
2024-09-16 11:59:30.820000,417.6608338798191,1004
2024-09-16 11:59:30.846000,417.6397265614063,8
2024-09-16 11:59:30.891000,417.4836283105609,14
2024-09-16 11:59:30.895000,417.5451915998448,105
2024-09-16 11:59:30.980000,417.6506507185129,99
2024-09-16 11:59:30.999000,417.6581293582004,101
2024-09-16 11:59:31.025000,417.625788291312,14
2024-09-16 11:59:31.047000,417.6414831844551,1003
2024-09-16 11:59:31.116000,417.68950612422975,8
2024-09-16 11:59:31.116000,417.6321469263676,97
2024-09-16 11:59:31.128000,417.6770239470797,103
2024-09-16 11:59:31.242000,417.6224402122784,12
2024-09-16 11:59:31.265000,417.6376541023801,995
2024-09-16 11:59:31.292000,417.6307009591808,1003
2024-09-16 11:59:31.300000,417.6272808336862,99
2024-09-16 11:59:31.349000,417.65031516160536,12
2024-09-16 11:59:31.371000,417.6763379992336,105
2024-09-16 11:59:31.393000,417.6691549954448,95
2024-09-16 11:59:31.450000,417.6563169629352,98
2024-09-16 11:59:31.457000,417.6448122267007,101
2024-09-16 11:59:31.580000,417.6389884095898,9
2024-09-16 11:59:31.598000,417.6683561671249,1004
2024-09-16 11:59:31.724000,417.6347644581908,1003
2024-09-16 11:59:31.732000,417.6274750041517,105
2024-09-16 11:59:31.757000,417.64285206810894,1002
2024-09-16 11:59:31.818000,417.627536431811,104
2024-09-16 11:59:31.857000,417.64936540733584,996
2024-09-16 11:59:31.902000,417.6307950709887,105
2024-09-16 11:59:31.916000,417.6909847459698,8
2024-09-16 11:59:31.960000,417.7002496235888,96
2024-09-16 11:59:32.016000,417.6455829505545,98
2024-09-16 11:59:32.024000,417.6445387292062,104
2024-09-16 11:59:32.077000,417.629176902472,101
2024-09-16 11:59:32.133000,417.64584631400135,98
2024-09-16 11:59:32.271000,417.6224559582024,998
2024-09-16 11:59:32.285000,417.6326599573276,8
2024-09-16 11:59:32.312000,417.63640584306006,9
2024-09-16 11:59:32.341000,417.6581364396951,14
2024-09-16 11:59:32.400000,417.630568030311,97
2024-09-16 11:59:32.524000,417.6143042359439,8
2024-09-16 11:59:32.595000,417.6453525471836,9
2024-09-16 11:59:32.811000,417.6457593755575,12
2024-09-16 11:59:32.855000,417.665023037816,98
2024-09-16 11:59:32.916000,417.6436783383279,13
2024-09-16 11:59:32.964000,417.6336404929091,5
2024-09-16 11:59:33.063000,417.5708384108235,8
2024-09-16 11:59:33.137000,417.5467573078642,1004
2024-09-16 11:59:33.150000,417.5416308963154,997
2024-09-16 11:59:33.207000,417.60805305331326,10
2024-09-16 11:59:33.252000,417.5918387659254,1002
2024-09-16 11:59:33.290000,417.59847979320256,1000
2024-09-16 11:59:33.300000,417.5360366041682,104
2024-09-16 11:59:33.399000,417.5535262970754,997
2024-09-16 11:59:33.401000,417.55930139558967,97
2024-09-16 11:59:33.425000,417.6003276960429,105
2024-09-16 11:59:33.471000,417.6089649680936,1004
2024-09-16 11:59:33.605000,417.5486647866299,998
2024-09-16 11:59:33.637000,417.6025650699362,5
2024-09-16 11:59:33.790000,417.5544956502015,8
2024-09-16 11:59:33.818000,417.6009457946839,102
2024-09-16 11:59:33.823000,417.63049988483135,12
2024-09-16 11:59:33.864000,417.5804848329996,995
2024-09-16 11:59:33.891000,417.5420944660462,101
2024-09-16 11:59:33.991000,417.5327019240314,15
2024-09-16 11:59:34.009000,417.58335301453934,14
2024-09-16 11:59:34.071000,417.5826812179689,13
2024-09-16 11:59:34.206000,417.5826499533581,12
2024-09-16 11:59:34.214000,417.5764226198483,97
2024-09-16 11:59:34.220000,417.5696422426043,13
2024-09-16 11:59:34.279000,417.5729348487092,6
2024-09-16 11:59:34.319000,417.5765432097929,1003
2024-09-16 11:59:34.382000,417.5867175660065,1005
2024-09-16 11:59:34.431000,417.5738955945078,97
2024-09-16 11:59:34.504000,417.5820723663567,1000
2024-09-16 11:59:34.551000,417.5813513894085,996
2024-09-16 11:59:34.606000,417.58696499182736,103
2024-09-16 11:59:34.724000,417.5803176074189,997
2024-09-16 11:59:34.736000,417.5831810995323,98
2024-09-16 11:59:34.766000,417.564568087143,15
2024-09-16 11:59:34.785000,417.5865147655447,97
2024-09-16 11:59:34.789000,417.5886708691304,14
2024-09-16 11:59:34.887000,417.581315327314,95
2024-09-16 11:59:34.972000,417.5837908582603,1002
2024-09-16 11:59:35.031000,417.6009257103903,7
2024-09-16 11:59:35.092000,417.5468030341161,1001
2024-09-16 11:59:35.109000,417.5925088250916,998
2024-09-16 11:59:35.139000,417.6055833305288,8
2024-09-16 11:59:35.205000,417.5270881360964,103
2024-09-16 11:59:35.231000,417.60161066693775,1000
2024-09-16 11:59:35.273000,417.5380886407283,102
2024-09-16 11:59:35.328000,417.5486868538712,99
2024-09-16 11:59:35.337000,417.5602114362053,97
2024-09-16 11:59:35.393000,417.5902237680736,998
2024-09-16 11:59:35.402000,417.54188059361695,9
2024-09-16 11:59:35.502000,417.5581194655953,1005
2024-09-16 11:59:35.506000,417.5621253574588,12
2024-09-16 11:59:35.520000,417.54446863703737,102
2024-09-16 11:59:35.540000,417.5922304176366,95
2024-09-16 11:59:35.548000,417.59259798377366,12
2024-09-16 11:59:35.581000,417.5920730904464,11
2024-09-16 11:59:35.643000,417.5691545872775,105
2024-09-16 11:59:35.673000,417.5819091947506,13
2024-09-16 11:59:35.785000,417.5429115171641,12
2024-09-16 11:59:35.891000,417.5381450035208,11
2024-09-16 11:59:35.980000,417.55331022200176,1000
2024-09-16 11:59:35.999000,417.5566926844925,1003
2024-09-16 11:59:36.093000,417.5545642660133,1004
2024-09-16 11:59:36.256000,417.5566644144368,8
2024-09-16 11:59:36.363000,417.54802674943295,997
2024-09-16 11:59:36.658000,417.55049021157214,9
2024-09-16 11:59:36.768000,417.5626590159509,996
2024-09-16 11:59:36.905000,417.5673619261242,7
2024-09-16 11:59:37.008000,417.56545117117,1004
2024-09-16 11:59:37.011000,417.56762846693385,1000
2024-09-16 11:59:37.072000,417.5443940953471,1004
2024-09-16 11:59:37.080000,417.53096055153713,97
2024-09-16 11:59:37.118000,417.5421894596713,997
2024-09-16 11:59:37.208000,417.5708731073096,1002
2024-09-16 11:59:37.212000,417.59213157379446,96
2024-09-16 11:59:37.273000,417.59190324360185,99
2024-09-16 11:59:37.291000,417.5593610864505,12
2024-09-16 11:59:37.377000,417.5852211624045,999
2024-09-16 11:59:37.394000,417.5986398791495,1000
2024-09-16 11:59:37.413000,417.5707560229704,7
2024-09-16 11:59:37.427000,417.5957207676999,96
2024-09-16 11:59:37.448000,417.5798884465325,997
2024-09-16 11:59:37.452000,417.5475328212351,998
2024-09-16 11:59:37.482000,417.5977628553264,6
2024-09-16 11:59:37.514000,417.6011138783917,1002
2024-09-16 11:59:37.545000,417.5417627207341,103
2024-09-16 11:59:37.548000,417.58439239211816,95
2024-09-16 11:59:37.568000,417.5613661438574,11
2024-09-16 11:59:37.621000,417.5806354478718,1002
2024-09-16 11:59:37.820000,417.5407999851429,997
2024-09-16 11:59:37.856000,417.5860765848419,13
2024-09-16 11:59:37.886000,417.53989176515387,1004
2024-09-16 11:59:37.900000,417.54247077978704,7
2024-09-16 11:59:37.909000,417.6059144034988,96
2024-09-16 11:59:37.909000,417.5302652639906,11
2024-09-16 11:59:38.045000,417.75771644747454,105
2024-09-16 11:59:38.071000,417.7368421310845,996
2024-09-16 11:59:38.112000,417.7551042674203,10
2024-09-16 11:59:38.114000,417.6350866571855,1004
2024-09-16 11:59:38.123000,417.7537409070724,1001
2024-09-16 11:59:38.131000,417.6145250650989,999
2024-09-16 11:59:38.179000,417.63543520909184,103
2024-09-16 11:59:38.253000,417.635723486237,6
2024-09-16 11:59:38.265000,417.5930870750478,101
2024-09-16 11:59:38.287000,417.6829246388684,100
2024-09-16 11:59:38.549000,417.597258413925,102
2024-09-16 11:59:38.676000,417.73490000298045,96
2024-09-16 11:59:38.687000,417.7059792659224,100
2024-09-16 11:59:38.726000,417.720024960424,102
2024-09-16 11:59:38.783000,417.5841607783349,6
2024-09-16 11:59:38.799000,417.596070958818,105
2024-09-16 11:59:38.818000,417.6545290515679,7
2024-09-16 11:59:38.820000,417.70837759289134,11
2024-09-16 11:59:38.839000,417.6758060379785,11
2024-09-16 11:59:38.852000,417.6086347634951,12
2024-09-16 11:59:38.926000,417.7096078436815,1005
2024-09-16 11:59:38.947000,417.6974798259638,995
2024-09-16 11:59:38.950000,417.6881243066777,97
2024-09-16 11:59:38.962000,417.7044581759421,1004
2024-09-16 11:59:38.969000,417.6678692777783,101
2024-09-16 11:59:39.041000,417.7383176061752,6
2024-09-16 11:59:39.303000,417.7418842087154,95
2024-09-16 11:59:39.443000,417.7662505152655,14
2024-09-16 11:59:39.447000,417.7435964447633,98
2024-09-16 11:59:39.476000,417.7486792828946,105
2024-09-16 11:59:39.637000,417.7497250161108,15
2024-09-16 11:59:39.672000,417.7692164374164,997
2024-09-16 11:59:40.001000,417.7645432740182,102
2024-09-16 11:59:40.011000,417.7647734157681,12
2024-09-16 11:59:40.081000,417.79527389921503,103
2024-09-16 11:59:40.162000,417.81072056649737,10
2024-09-16 11:59:40.175000,417.793831195143,6
2024-09-16 11:59:40.335000,417.8081886559281,98
2024-09-16 11:59:40.372000,417.7953028789162,6
2024-09-16 11:59:40.378000,417.75607428562296,9
2024-09-16 11:59:40.382000,417.7558455739504,998
2024-09-16 11:59:40.388000,417.824873608367,8
2024-09-16 11:59:40.397000,417.8172065245852,1000
2024-09-16 11:59:40.728000,417.7846095266297,1002
2024-09-16 11:59:40.786000,417.8064379017301,1004
2024-09-16 11:59:40.834000,417.7442175495595,103
2024-09-16 11:59:40.897000,417.8038268301783,1005
2024-09-16 11:59:40.909000,417.80491700686895,98
2024-09-16 11:59:40.966000,417.7503955992341,98
2024-09-16 11:59:40.998000,417.8262955621817,95
2024-09-16 11:59:41.055000,417.7244767043935,103
2024-09-16 11:59:41.064000,417.7051999153023,100
2024-09-16 11:59:41.073000,417.7013893967347,104
2024-09-16 11:59:41.125000,417.73203473876407,14
2024-09-16 11:59:41.143000,417.69776816220025,1005
2024-09-16 11:59:41.207000,417.7493968696002,11
2024-09-16 11:59:41.327000,417.7072971280236,100
2024-09-16 11:59:41.342000,417.6921186667647,104
2024-09-16 11:59:41.418000,417.71454202768587,98
2024-09-16 11:59:41.456000,417.7123129846893,95
2024-09-16 11:59:41.669000,417.6707840336586,6
2024-09-16 11:59:41.672000,417.7036695831661,7
2024-09-16 11:59:41.685000,417.67777300233394,100
2024-09-16 11:59:41.799000,417.71590933365394,8
2024-09-16 11:59:41.819000,417.7524179400981,1003
2024-09-16 11:59:41.864000,417.72705571103546,1001
2024-09-16 11:59:41.913000,417.7448219176703,1000
2024-09-16 11:59:41.975000,417.7061992801077,995
2024-09-16 11:59:42.093000,417.6851704634013,1003
2024-09-16 11:59:42.114000,417.7133360671023,9
2024-09-16 11:59:42.181000,417.6807492259349,998
2024-09-16 11:59:42.207000,417.6297830257992,1004
2024-09-16 11:59:42.262000,417.715595303064,995
2024-09-16 11:59:42.317000,417.6338420986937,7
2024-09-16 11:59:42.345000,417.6507057851898,1001
2024-09-16 11:59:42.407000,417.6524627124511,995
2024-09-16 11:59:42.497000,417.6329096061007,102
2024-09-16 11:59:42.633000,417.6345432711796,997
2024-09-16 11:59:42.710000,417.67855319785264,97
2024-09-16 11:59:42.834000,417.7027793403347,15
2024-09-16 11:59:42.871000,417.6675417454138,100
2024-09-16 11:59:42.967000,417.6143553461678,15
2024-09-16 11:59:43.114000,417.5994224166451,14
2024-09-16 11:59:43.158000,417.6355248621308,9
2024-09-16 11:59:43.189000,417.6127471003392,1000
2024-09-16 11:59:43.312000,417.6182538018607,12
2024-09-16 11:59:43.394000,417.6144673279566,999
2024-09-16 11:59:43.411000,417.6158341698217,7
2024-09-16 11:59:43.477000,417.6105504845206,1003
2024-09-16 11:59:43.498000,417.60965785379767,10
2024-09-16 11:59:43.541000,417.6158905644265,100
2024-09-16 11:59:43.587000,417.6064556430637,13
2024-09-16 11:59:43.596000,417.6287455525612,5
2024-09-16 11:59:43.617000,417.6271849413173,13
2024-09-16 11:59:43.691000,417.6079215800092,97
2024-09-16 11:59:43.713000,417.6359909938844,101
2024-09-16 11:59:43.741000,417.599752812787,105
2024-09-16 11:59:43.751000,417.6188879857979,1004
2024-09-16 11:59:43.778000,417.6190371172505,5
2024-09-16 11:59:43.782000,417.6245561017368,13
2024-09-16 11:59:43.927000,417.6048066766866,100
2024-09-16 11:59:43.968000,417.6253068266518,98
2024-09-16 11:59:43.985000,417.6213254499104,1004
2024-09-16 11:59:44.011000,417.6059967888807,996
2024-09-16 11:59:44.044000,417.5939054744335,997
2024-09-16 11:59:44.078000,417.626125996829,98
2024-09-16 11:59:44.112000,417.6333482683739,12
2024-09-16 11:59:44.118000,417.6222379874972,7
2024-09-16 11:59:44.152000,417.6470173855648,1002
2024-09-16 11:59:44.172000,417.6467350206262,102
2024-09-16 11:59:44.262000,417.6311140370235,14
2024-09-16 11:59:44.272000,417.6234246007973,101
2024-09-16 11:59:44.290000,417.6117902343861,12
2024-09-16 11:59:44.348000,417.6435324330429,97
2024-09-16 11:59:44.356000,417.6103375024236,99
2024-09-16 11:59:44.456000,417.6165705801884,995
2024-09-16 11:59:44.465000,417.6291741449699,1001
2024-09-16 11:59:44.485000,417.6259578523254,100
2024-09-16 11:59:44.504000,417.62792403351983,9
2024-09-16 11:59:44.630000,417.6395700504711,995
2024-09-16 11:59:44.632000,417.6282053255748,13
2024-09-16 11:59:44.709000,417.6360467660238,1003
2024-09-16 11:59:44.715000,417.6329393966666,14
2024-09-16 11:59:44.814000,417.6351444236833,99
2024-09-16 11:59:44.853000,417.62292062637584,103
2024-09-16 11:59:44.888000,417.6441347576856,95
2024-09-16 11:59:44.908000,417.64722838917385,995
2024-09-16 11:59:44.953000,417.63987026324617,1002
2024-09-16 11:59:44.966000,417.6576392798012,13
2024-09-16 11:59:45.197000,417.6551145720835,97
2024-09-16 11:59:45.445000,417.65693382654274,97
2024-09-16 11:59:45.740000,417.6573042857791,1003
2024-09-16 11:59:45.754000,417.64860615355934,1000
2024-09-16 11:59:45.816000,417.655628653018,95
2024-09-16 11:59:45.889000,417.6335286680625,12
2024-09-16 11:59:46.046000,417.6168327495218,10
2024-09-16 11:59:46.082000,417.6380767048408,95
2024-09-16 11:59:46.126000,417.6554535510781,14
2024-09-16 11:59:46.388000,417.6270259218336,995
2024-09-16 11:59:46.404000,417.62218002405456,1002
2024-09-16 11:59:46.480000,417.64310854658737,10
2024-09-16 11:59:46.753000,417.6683893525823,98
2024-09-16 11:59:46.864000,417.63733717403824,100
2024-09-16 11:59:47.004000,417.6035223766032,1000
2024-09-16 11:59:47.150000,417.61420900733947,9
2024-09-16 11:59:47.192000,417.60070803963583,105
2024-09-16 11:59:47.221000,417.6064852006069,5
2024-09-16 11:59:47.296000,417.6114365353365,105
2024-09-16 11:59:47.310000,417.6281197123423,13
2024-09-16 11:59:47.468000,417.61624002654696,97
2024-09-16 11:59:47.481000,417.63248859973527,14
2024-09-16 11:59:47.590000,417.6077650290028,15
2024-09-16 11:59:47.666000,417.60111269833226,1001
2024-09-16 11:59:47.685000,417.6145309401239,996
2024-09-16 11:59:47.712000,417.6269884592563,98
2024-09-16 11:59:49.197000,417.5418083090028,99
2024-09-16 11:59:49.217000,417.5449536477337,8
2024-09-16 11:59:49.274000,417.5430743406852,1005
2024-09-16 11:59:49.342000,417.5843154705503,999
2024-09-16 11:59:49.421000,417.5624251338124,11
2024-09-16 11:59:49.451000,417.5826559991668,1004
2024-09-16 11:59:49.463000,417.59939613501206,1000
2024-09-16 11:59:49.479000,417.5346794995284,999
2024-09-16 11:59:49.492000,417.5686248630037,1004
2024-09-16 11:59:49.507000,417.5405972663834,100
2024-09-16 11:59:49.525000,417.60632960802747,12
2024-09-16 11:59:49.526000,417.605940391914,99
2024-09-16 11:59:49.553000,417.5974993115987,9
2024-09-16 11:59:49.557000,417.55820845100266,99
2024-09-16 11:59:49.619000,417.5546818916993,103
2024-09-16 11:59:49.628000,417.528964429165,99
2024-09-16 11:59:49.649000,417.56188195618216,995
2024-09-16 11:59:49.656000,417.5904089023608,96
2024-09-16 11:59:49.681000,417.5569940388049,996
2024-09-16 11:59:49.689000,417.5416112470883,105
2024-09-16 11:59:49.700000,417.5669758507148,12
2024-09-16 11:59:49.790000,417.56829751224,996
2024-09-16 11:59:49.815000,417.6150531879274,1003
2024-09-16 11:59:49.837000,417.5936362359128,1000
2024-09-16 11:59:49.934000,417.5862856783718,996
2024-09-16 11:59:49.985000,417.544599947593,1002
2024-09-16 11:59:49.991000,417.6160789888448,1002
2024-09-16 11:59:49.997000,417.55304252831127,100
2024-09-16 11:59:50.021000,417.5604149244908,1003
2024-09-16 11:59:50.033000,417.6223411183096,102
2024-09-16 11:59:50.152000,417.6675421110664,102
2024-09-16 11:59:50.237000,417.6651125827648,98
2024-09-16 11:59:50.248000,417.5687497678815,98
2024-09-16 11:59:50.253000,417.5487013864806,996
2024-09-16 11:59:50.272000,417.6074775510842,96
2024-09-16 11:59:50.320000,417.6569723373638,97
2024-09-16 11:59:50.359000,417.5632295160997,12
2024-09-16 11:59:50.366000,417.6915711629587,11
2024-09-16 11:59:50.366000,417.6441358869817,15
2024-09-16 11:59:50.370000,417.6663184921581,14
2024-09-16 11:59:50.397000,417.6773388934414,10
2024-09-16 11:59:50.452000,417.6521311684329,997
2024-09-16 11:59:50.457000,417.5703944981743,99
2024-09-16 11:59:50.501000,417.66083342263465,997
2024-09-16 11:59:50.613000,417.6422562240458,1000
2024-09-16 11:59:50.622000,417.5810725052506,99
2024-09-16 11:59:50.679000,417.6604462600532,96
2024-09-16 11:59:50.689000,417.62231400070215,100
2024-09-16 11:59:50.731000,417.6623019162381,1003
2024-09-16 11:59:50.732000,417.56718189361226,1005
2024-09-16 11:59:50.776000,417.675815616101,6
2024-09-16 11:59:50.781000,417.58545242734186,998
2024-09-16 11:59:50.837000,417.6550489152606,1004
2024-09-16 11:59:50.848000,417.6579112384189,15
2024-09-16 11:59:50.856000,417.54214306836286,8
2024-09-16 11:59:50.904000,417.5456490528092,1003
2024-09-16 11:59:50.963000,417.56589966354096,996
2024-09-16 11:59:50.998000,417.69280176128257,6
2024-09-16 11:59:51.131000,417.66853789768345,97
2024-09-16 11:59:51.527000,417.64291619842186,997
2024-09-16 11:59:51.529000,417.6538865473589,101
2024-09-16 11:59:51.738000,417.63396498012986,100
2024-09-16 11:59:51.964000,417.637496547839,100
2024-09-16 11:59:52.022000,417.6522484879141,15
2024-09-16 11:59:52.079000,417.652738383275,10
2024-09-16 11:59:52.122000,417.6359790905128,104
2024-09-16 11:59:52.241000,417.6790148765191,7
2024-09-16 11:59:52.275000,417.6926927978923,105
2024-09-16 11:59:52.300000,417.7009336338535,995
2024-09-16 11:59:52.353000,417.6627125633872,105
2024-09-16 11:59:52.404000,417.6641838147912,14
2024-09-16 11:59:52.451000,417.6622714311092,996
2024-09-16 11:59:52.601000,417.6828900349173,104
2024-09-16 11:59:52.666000,417.69944239613926,1002
2024-09-16 11:59:52.684000,417.697877909234,998
2024-09-16 11:59:52.701000,417.6074952478988,14
2024-09-16 11:59:52.714000,417.6185083143591,6
2024-09-16 11:59:52.740000,417.6211130082661,104
2024-09-16 11:59:52.762000,417.68438943137073,95
2024-09-16 11:59:52.771000,417.62982907564094,1005
2024-09-16 11:59:52.818000,417.6454415627408,1004
2024-09-16 11:59:52.875000,417.6929462890962,105
2024-09-16 11:59:52.907000,417.6877161871162,100
2024-09-16 11:59:52.995000,417.6976339680027,1000
2024-09-16 11:59:53.145000,417.724355736187,10
2024-09-16 11:59:53.160000,417.76665595271743,97
2024-09-16 11:59:53.234000,417.7186529123526,96
2024-09-16 11:59:53.328000,417.7356055087552,97
2024-09-16 11:59:53.402000,417.7300801077761,5
2024-09-16 11:59:53.423000,417.7339069644164,5
2024-09-16 11:59:53.433000,417.7116778198754,1003
2024-09-16 11:59:53.447000,417.7148015469848,105
2024-09-16 11:59:53.472000,417.7207656647324,1002
2024-09-16 11:59:53.599000,417.7237278173114,96
2024-09-16 11:59:53.629000,417.7388385249482,11
2024-09-16 11:59:53.741000,417.71351329272073,99
2024-09-16 11:59:53.744000,417.75857575069057,100
2024-09-16 11:59:53.773000,417.70350793289583,1002
2024-09-16 11:59:53.782000,417.7173431059752,1002
2024-09-16 11:59:53.864000,417.74773507646296,13
2024-09-16 11:59:53.865000,417.7295504851738,11
2024-09-16 11:59:53.868000,417.7222493747685,97
2024-09-16 11:59:53.912000,417.7644118607587,100
2024-09-16 11:59:53.922000,417.7321139655078,103
2024-09-16 11:59:53.954000,417.7437819216935,1002
2024-09-16 11:59:54.372000,417.773142292861,5
2024-09-16 11:59:54.879000,417.80951156421503,12
2024-09-16 11:59:54.995000,417.7815370442009,100
2024-09-16 11:59:55.349000,417.7882059236511,105
2024-09-16 11:59:55.834000,417.8029479285789,995
2024-09-16 11:59:56.042000,417.79211460541546,5
2024-09-16 11:59:56.132000,417.7386386476383,997
2024-09-16 11:59:56.173000,417.7918981088615,101
2024-09-16 11:59:56.181000,417.7698009033738,95
2024-09-16 11:59:56.245000,417.7352231278796,1004
2024-09-16 11:59:56.265000,417.7695789160326,1003
2024-09-16 11:59:56.271000,417.7974802279748,1001
2024-09-16 11:59:56.276000,417.7887635253153,10
2024-09-16 11:59:56.287000,417.75028252283886,999
2024-09-16 11:59:56.289000,417.7643000954124,1005
2024-09-16 11:59:56.349000,417.80178551326674,9
2024-09-16 11:59:56.423000,417.7998350547164,11
2024-09-16 11:59:56.471000,417.7853255185392,10
2024-09-16 11:59:56.584000,417.7736313917901,97
2024-09-16 11:59:56.667000,417.7250034186277,999
2024-09-16 11:59:56.678000,417.7799986384639,1001
2024-09-16 11:59:56.685000,417.7779078634642,12
2024-09-16 11:59:56.693000,417.7529607762039,998
2024-09-16 11:59:56.709000,417.79076016431895,13
2024-09-16 11:59:56.748000,417.7800385049998,999
2024-09-16 11:59:56.824000,417.7539343812106,14
2024-09-16 11:59:56.834000,417.7452388075229,1000
2024-09-16 11:59:56.870000,417.7632860264826,8
2024-09-16 11:59:56.886000,417.7770266662426,101
2024-09-16 11:59:56.893000,417.7672830019276,999
2024-09-16 11:59:56.985000,417.7506921278648,101
2024-09-16 11:59:57.070000,417.7707326066567,97
2024-09-16 11:59:57.213000,417.7631891415972,1001
2024-09-16 11:59:58.007000,417.7435048537068,103
2024-09-16 11:59:58.024000,417.7444059089761,5
2024-09-16 11:59:58.026000,417.71849549010136,995
2024-09-16 11:59:58.027000,417.75009176771215,999
2024-09-16 11:59:58.231000,417.7043477742582,13
2024-09-16 11:59:58.236000,417.7236430686544,996
2024-09-16 11:59:58.257000,417.6968638685217,1003
2024-09-16 11:59:58.316000,417.7231790528114,7
2024-09-16 11:59:58.343000,417.7460590394719,1004
2024-09-16 11:59:58.366000,417.7183123254228,11
2024-09-16 11:59:58.417000,417.7106748349892,103
2024-09-16 11:59:58.423000,417.70151025263857,14
2024-09-16 11:59:58.490000,417.718183345194,10
2024-09-16 11:59:58.759000,417.7102470927414,99
2024-09-16 11:59:58.765000,417.7301714492766,1005
2024-09-16 11:59:58.824000,417.7161324621196,8
2024-09-16 11:59:58.919000,417.706800589281,10
2024-09-16 11:59:58.938000,417.7379835875741,103
2024-09-16 11:59:58.989000,417.7529314459462,99
2024-09-16 11:59:58.991000,417.7215273117463,10
2024-09-16 11:59:59.025000,417.6868152145238,12
2024-09-16 11:59:59.058000,417.700315169042,6
2024-09-16 11:59:59.194000,417.7217265745227,100
2024-09-16 11:59:59.215000,417.68949417315,1005
2024-09-16 11:59:59.216000,417.7109031716899,95
2024-09-16 11:59:59.410000,417.70496395365257,6
2024-09-16 11:59:59.411000,417.7085245664397,995
2024-09-16 11:59:59.768000,417.7129605143575,10
2024-09-16 11:59:59.777000,417.7034236819015,997
2024-09-16 11:59:59.886000,417.70197949893736,101
2024-09-16 11:59:59.935000,417.6833710697212,96
2024-09-16 11:59:59.954000,417.698722550056,103
