Timestamp,Price,Size
2024-09-17 11:41:00.182000,415.2193638748467,7
2024-09-17 11:41:00.218000,415.1994698473388,100
2024-09-17 11:41:00.332000,415.1936013701031,11
2024-09-17 11:41:00.412000,415.21048581808856,1004
2024-09-17 11:41:00.433000,415.2049386745816,13
2024-09-17 11:41:00.436000,415.1979392918304,998
2024-09-17 11:41:00.496000,415.2236119776393,15
2024-09-17 11:41:00.579000,415.21763382772406,995
2024-09-17 11:41:00.649000,415.2297005554626,997
2024-09-17 11:41:00.733000,415.2026796348442,5
2024-09-17 11:41:00.759000,415.20272763841945,12
2024-09-17 11:41:00.829000,415.2087231370795,1005
2024-09-17 11:41:00.833000,415.23314594631904,101
2024-09-17 11:41:00.854000,415.1976805750904,15
2024-09-17 11:41:00.919000,415.2484202302584,99
2024-09-17 11:41:00.936000,415.2167133380555,5
2024-09-17 11:41:01.111000,415.2077171869754,100
2024-09-17 11:41:01.150000,415.2082894612572,998
2024-09-17 11:41:01.161000,415.2465169702567,12
2024-09-17 11:41:01.216000,415.2360126965896,102
2024-09-17 11:41:01.221000,415.2648385132633,995
2024-09-17 11:41:01.282000,415.2347712088846,105
2024-09-17 11:41:01.319000,415.2527559490469,102
2024-09-17 11:41:01.327000,415.2137539174543,1003
2024-09-17 11:41:01.355000,415.2512602225149,996
2024-09-17 11:41:01.407000,415.2357454790329,15
2024-09-17 11:41:01.427000,415.24722587453454,995
2024-09-17 11:41:01.451000,415.2589669717887,100
2024-09-17 11:41:01.509000,415.2407239325871,10
2024-09-17 11:41:01.547000,415.2165579253625,6
2024-09-17 11:41:01.590000,415.2515856400803,998
2024-09-17 11:41:01.621000,415.2376542214009,100
2024-09-17 11:41:01.733000,415.25573149047904,6
2024-09-17 11:41:01.741000,415.25502068099854,1001
2024-09-17 11:41:01.762000,415.2203675790988,7
2024-09-17 11:41:01.779000,415.2467885619018,6
2024-09-17 11:41:01.864000,415.24363157332186,1000
2024-09-17 11:41:01.937000,415.2403842804758,997
2024-09-17 11:41:02.008000,415.24439869530505,15
2024-09-17 11:41:02.066000,415.2618135969127,995
2024-09-17 11:41:02.126000,415.2719417062061,14
2024-09-17 11:41:02.175000,415.2449189049241,999
2024-09-17 11:41:02.232000,415.2335957948829,99
2024-09-17 11:41:02.233000,415.2450547541225,100
2024-09-17 11:41:02.239000,415.2481452632218,15
2024-09-17 11:41:02.285000,415.2509995392794,995
2024-09-17 11:41:02.331000,415.2707259933664,1000
2024-09-17 11:41:02.350000,415.2474641333935,104
2024-09-17 11:41:02.399000,415.249216668145,14
2024-09-17 11:41:02.402000,415.2327298947984,102
2024-09-17 11:41:02.424000,415.2540096559459,101
2024-09-17 11:41:02.505000,415.2187204510797,999
2024-09-17 11:41:02.542000,415.2357379795433,99
2024-09-17 11:41:02.566000,415.2333613110091,100
2024-09-17 11:41:02.667000,415.2503945864469,9
2024-09-17 11:41:02.710000,415.25189074118543,1001
2024-09-17 11:41:02.710000,415.2361659866461,15
2024-09-17 11:41:02.813000,415.23493346920384,102
2024-09-17 11:41:02.855000,415.2375956597986,11
2024-09-17 11:41:02.861000,415.2869259942961,10
2024-09-17 11:41:02.942000,415.2635871370534,13
2024-09-17 11:41:02.993000,415.2447465581524,1000
2024-09-17 11:41:03.051000,415.20459297727575,5
2024-09-17 11:41:03.140000,415.2130088174852,13
2024-09-17 11:41:03.200000,415.2225616800754,96
2024-09-17 11:41:03.367000,415.2453994727255,6
2024-09-17 11:41:03.384000,415.2253318497076,996
2024-09-17 11:41:03.410000,415.2135435804601,101
2024-09-17 11:41:03.510000,415.223257212501,1002
2024-09-17 11:41:03.571000,415.2065529770332,12
2024-09-17 11:41:03.575000,415.24139191501865,1002
2024-09-17 11:41:03.685000,415.207447923338,1004
2024-09-17 11:41:03.792000,415.2322432222687,100
2024-09-17 11:41:03.913000,415.24517089512887,98
2024-09-17 11:41:03.923000,415.19961247472696,103
2024-09-17 11:41:03.967000,415.2445506065936,13
2024-09-17 11:41:04.002000,415.1936761441617,9
2024-09-17 11:41:04.040000,415.2559628747392,6
2024-09-17 11:41:04.053000,415.2118426084306,10
2024-09-17 11:41:04.158000,415.2457126585518,1004
2024-09-17 11:41:04.206000,415.13283616662704,1001
2024-09-17 11:41:04.207000,415.1990646243659,96
2024-09-17 11:41:04.242000,415.2036709648552,103
2024-09-17 11:41:04.262000,415.2630305272607,12
2024-09-17 11:41:04.329000,415.1235973519172,1005
2024-09-17 11:41:04.438000,415.2082031148233,996
2024-09-17 11:41:04.444000,415.2469166473963,13
2024-09-17 11:41:04.450000,415.2477923015624,996
2024-09-17 11:41:04.509000,415.1418674281341,8
2024-09-17 11:41:04.534000,415.2093670768013,5
2024-09-17 11:41:04.563000,415.1599404433588,103
2024-09-17 11:41:04.577000,415.12149135446896,6
2024-09-17 11:41:04.596000,415.2328270538169,997
2024-09-17 11:41:04.641000,415.2195053414985,10
2024-09-17 11:41:04.734000,415.1756528104909,1001
2024-09-17 11:41:04.757000,415.21599441392,13
2024-09-17 11:41:04.758000,415.2277854964619,14
2024-09-17 11:41:04.762000,415.2127541099919,7
2024-09-17 11:41:04.828000,415.2177751704445,101
2024-09-17 11:41:04.849000,415.1065735109919,1000
2024-09-17 11:41:04.952000,415.1126469887812,98
2024-09-17 11:41:04.964000,415.2416282705735,8
2024-09-17 11:41:05.223000,415.0698327962217,13
2024-09-17 11:41:05.271000,415.0631189931504,104
2024-09-17 11:41:05.277000,415.0939909613695,103
2024-09-17 11:41:05.327000,415.0984899206354,97
2024-09-17 11:41:05.386000,415.10100512275625,8
2024-09-17 11:41:05.450000,415.076337079335,996
2024-09-17 11:41:05.452000,415.07196138778016,1001
2024-09-17 11:41:05.453000,415.0770275822744,5
2024-09-17 11:41:05.454000,415.0765727278997,105
2024-09-17 11:41:05.459000,415.066247627744,1005
2024-09-17 11:41:05.487000,415.0766178734811,101
2024-09-17 11:41:05.543000,415.05498992983246,12
2024-09-17 11:41:05.570000,415.0634017142706,98
2024-09-17 11:41:05.616000,415.09560628969854,103
2024-09-17 11:41:05.664000,415.1221838169682,97
2024-09-17 11:41:05.666000,415.0981650560773,105
2024-09-17 11:41:05.676000,415.0986965328174,1004
2024-09-17 11:41:05.728000,415.1084367182264,103
2024-09-17 11:41:05.747000,415.0987192512927,1004
2024-09-17 11:41:05.871000,415.0934604213597,7
2024-09-17 11:41:05.917000,415.0907778118632,12
2024-09-17 11:41:05.971000,415.1139018412488,95
2024-09-17 11:41:05.979000,415.1325074815375,14
2024-09-17 11:41:06.067000,415.11801251709386,104
2024-09-17 11:41:06.242000,415.096557923806,103
2024-09-17 11:41:06.313000,415.1342630348152,1002
2024-09-17 11:41:06.331000,415.1349111055152,10
2024-09-17 11:41:06.357000,415.0899815487843,7
2024-09-17 11:41:06.360000,415.1347424245161,96
2024-09-17 11:41:06.378000,415.12412624296906,995
2024-09-17 11:41:06.400000,415.1223554802272,1003
2024-09-17 11:41:06.430000,415.14770046925855,100
2024-09-17 11:41:06.586000,415.1441447010128,6
2024-09-17 11:41:06.597000,415.1382514183549,99
2024-09-17 11:41:06.599000,415.1246849402807,1001
2024-09-17 11:41:06.764000,415.0836397455601,10
2024-09-17 11:41:06.929000,415.0904047666627,99
2024-09-17 11:41:06.934000,415.10029439314513,1003
2024-09-17 11:41:07.024000,415.09889699255694,1003
2024-09-17 11:41:07.033000,415.1111649309039,999
2024-09-17 11:41:07.057000,415.1652207623316,1002
2024-09-17 11:41:07.109000,415.1239734359101,995
2024-09-17 11:41:07.115000,415.1554661402936,1003
2024-09-17 11:41:07.174000,415.1578070351287,999
2024-09-17 11:41:07.191000,415.1153581101448,102
2024-09-17 11:41:07.218000,415.1439515660014,96
2024-09-17 11:41:07.237000,415.1117035696928,1001
2024-09-17 11:41:07.245000,415.1541493654372,98
2024-09-17 11:41:07.252000,415.1502500500562,11
2024-09-17 11:41:07.309000,415.1053205393993,100
2024-09-17 11:41:07.311000,415.11946895734326,9
2024-09-17 11:41:07.474000,415.1409906857343,103
2024-09-17 11:41:07.491000,415.0982365414253,11
2024-09-17 11:41:07.534000,415.1473900107674,997
2024-09-17 11:41:07.560000,415.1297011156948,11
2024-09-17 11:41:07.577000,415.1148842646732,12
2024-09-17 11:41:07.583000,415.13197858954,7
2024-09-17 11:41:07.586000,415.1224898787429,7
2024-09-17 11:41:07.628000,415.1036792518474,998
2024-09-17 11:41:07.631000,415.1507399551634,999
2024-09-17 11:41:07.637000,415.09538584356994,99
2024-09-17 11:41:07.710000,415.11313457952417,104
2024-09-17 11:41:07.763000,415.1255353611856,100
2024-09-17 11:41:07.827000,415.1581196535069,8
2024-09-17 11:41:07.934000,415.0960311045392,996
2024-09-17 11:41:07.993000,415.1373886947949,12
2024-09-17 11:41:07.993000,415.12391682365705,1003
2024-09-17 11:41:08.133000,415.1312170701536,10
2024-09-17 11:41:08.353000,415.1291079339989,104
2024-09-17 11:41:08.660000,415.1497758711568,105
2024-09-17 11:41:08.916000,415.1412828955317,14
2024-09-17 11:41:08.947000,415.13420753013526,10
2024-09-17 11:41:09.121000,415.1425489462304,13
2024-09-17 11:41:09.767000,415.1429930495792,1000
2024-09-17 11:41:10.083000,415.1346733422782,8
2024-09-17 11:41:10.097000,415.1277030553687,99
2024-09-17 11:41:10.249000,415.1370422299175,1001
2024-09-17 11:41:10.254000,415.1406795650317,13
2024-09-17 11:41:10.296000,415.1266620114857,100
2024-09-17 11:41:10.360000,415.1192773857365,96
2024-09-17 11:41:10.364000,415.1261255953406,995
2024-09-17 11:41:10.419000,415.099438304474,996
2024-09-17 11:41:10.452000,415.1225790502542,99
2024-09-17 11:41:10.509000,415.1120705929666,98
2024-09-17 11:41:10.622000,415.1274364068712,996
2024-09-17 11:41:10.647000,415.1224524744218,14
2024-09-17 11:41:10.679000,415.1398081865748,8
2024-09-17 11:41:10.686000,415.1525695951818,11
2024-09-17 11:41:10.698000,415.1406166826941,1003
2024-09-17 11:41:10.760000,415.1168231145217,1004
2024-09-17 11:41:10.796000,415.1518945705819,103
2024-09-17 11:41:10.858000,415.1114369866992,104
2024-09-17 11:41:10.928000,415.1198009145591,1002
2024-09-17 11:41:11.048000,414.9999213621402,8
2024-09-17 11:41:11.221000,415.0477309881413,996
2024-09-17 11:41:11.230000,415.1052536602997,1005
2024-09-17 11:41:11.233000,415.0187915234241,1001
2024-09-17 11:41:11.242000,415.0744809941374,998
2024-09-17 11:41:11.243000,415.0001380701746,995
2024-09-17 11:41:11.293000,415.1385938834823,105
2024-09-17 11:41:11.298000,415.12869348389705,104
2024-09-17 11:41:11.301000,415.0757521693437,105
2024-09-17 11:41:11.323000,415.08361152891393,15
2024-09-17 11:41:11.340000,415.095438966898,1002
2024-09-17 11:41:11.341000,415.10076507443017,1004
2024-09-17 11:41:11.355000,415.0546665394658,103
2024-09-17 11:41:11.363000,415.0212432884534,999
2024-09-17 11:41:11.545000,415.115058398466,1001
2024-09-17 11:41:11.597000,415.0692199753397,9
2024-09-17 11:41:11.651000,415.0638177029376,5
2024-09-17 11:41:11.693000,415.08617236719095,998
2024-09-17 11:41:11.697000,415.1138298854064,103
2024-09-17 11:41:11.744000,415.0807299046404,996
2024-09-17 11:41:11.951000,415.14452537262935,1002
2024-09-17 11:41:11.955000,415.0177214094217,9
2024-09-17 11:41:11.967000,415.0676453467808,7
2024-09-17 11:41:12.033000,415.06814212921984,7
2024-09-17 11:41:12.058000,415.0506987403392,5
2024-09-17 11:41:12.117000,415.0015710581432,100
2024-09-17 11:41:12.133000,414.9870089234544,105
2024-09-17 11:41:12.164000,415.0021683386249,10
2024-09-17 11:41:12.182000,415.0544392341728,15
2024-09-17 11:41:12.192000,415.0734507919677,11
2024-09-17 11:41:12.204000,415.0780981536733,100
2024-09-17 11:41:12.259000,414.9877006342494,13
2024-09-17 11:41:12.317000,415.0204679466414,1003
2024-09-17 11:41:12.329000,415.0105845727138,997
2024-09-17 11:41:12.421000,414.9891966026492,998
2024-09-17 11:41:12.427000,415.05255930775246,95
2024-09-17 11:41:12.502000,415.04772383524175,105
2024-09-17 11:41:12.507000,415.00217211848656,99
2024-09-17 11:41:12.585000,415.0180608374944,12
2024-09-17 11:41:12.601000,414.9944774283615,11
2024-09-17 11:41:12.629000,415.077272972874,14
2024-09-17 11:41:12.671000,415.0041251684276,11
2024-09-17 11:41:12.683000,415.0667521467472,103
2024-09-17 11:41:12.683000,415.0800588696489,6
2024-09-17 11:41:12.723000,415.0738102767273,15
2024-09-17 11:41:12.724000,415.066068741953,99
2024-09-17 11:41:12.769000,415.06691185159394,103
2024-09-17 11:41:12.794000,415.043276540372,99
2024-09-17 11:41:12.825000,415.0258893862452,105
2024-09-17 11:41:12.859000,414.9918153567427,999
2024-09-17 11:41:12.917000,415.08142578776113,104
2024-09-17 11:41:12.926000,415.0716979166828,11
2024-09-17 11:41:13.351000,415.0528164908814,97
2024-09-17 11:41:13.360000,415.0514999378383,12
2024-09-17 11:41:13.933000,415.0521232298143,15
2024-09-17 11:41:14.135000,415.0208297374807,14
2024-09-17 11:41:14.151000,415.02211364798046,1002
2024-09-17 11:41:14.152000,415.0349743743296,995
2024-09-17 11:41:14.215000,415.0101427434421,7
2024-09-17 11:41:14.219000,415.0211273564533,9
2024-09-17 11:41:14.511000,415.0446052148787,96
2024-09-17 11:41:14.656000,415.0085196717012,15
2024-09-17 11:41:15.015000,415.0659500538306,100
2024-09-17 11:41:15.040000,415.0747782743404,7
2024-09-17 11:41:15.068000,415.0674422990887,13
2024-09-17 11:41:15.108000,415.0654767179407,96
2024-09-17 11:41:15.126000,415.02225255610745,999
2024-09-17 11:41:15.196000,415.0791022981796,1003
2024-09-17 11:41:15.207000,415.08323734179527,97
2024-09-17 11:41:15.271000,415.0669744275435,101
2024-09-17 11:41:15.366000,415.066675958994,97
2024-09-17 11:41:15.531000,415.0426113905508,101
2024-09-17 11:41:15.631000,415.0059007957809,105
2024-09-17 11:41:15.633000,415.0520540977512,995
2024-09-17 11:41:15.661000,415.05841200914944,103
2024-09-17 11:41:15.869000,415.0085313702854,101
2024-09-17 11:41:15.894000,415.0294560020074,96
2024-09-17 11:41:15.927000,415.0760750544404,103
2024-09-17 11:41:15.971000,415.0523307640087,6
2024-09-17 11:41:15.990000,415.08596535334976,9
2024-09-17 11:41:16.027000,415.1197693718105,1003
2024-09-17 11:41:16.081000,415.0803744911799,98
2024-09-17 11:41:16.289000,415.10036722129655,105
2024-09-17 11:41:16.484000,415.11234431913255,6
2024-09-17 11:41:16.526000,415.1027122335376,996
2024-09-17 11:41:16.825000,415.06060079041634,102
2024-09-17 11:41:16.857000,415.1449973093214,14
2024-09-17 11:41:16.905000,415.08126630350654,97
2024-09-17 11:41:17.064000,415.1860291085421,14
2024-09-17 11:41:17.101000,415.1916747006651,9
2024-09-17 11:41:17.170000,415.1518877356904,100
2024-09-17 11:41:17.171000,415.2298984904036,96
2024-09-17 11:41:17.202000,415.19586926530593,100
2024-09-17 11:41:17.258000,415.23592904737126,100
2024-09-17 11:41:17.316000,415.2500099185797,995
2024-09-17 11:41:17.407000,415.17283965482017,105
2024-09-17 11:41:17.494000,415.1815656792027,99
2024-09-17 11:41:17.517000,415.1486038884513,1001
2024-09-17 11:41:17.570000,415.1903812899524,996
2024-09-17 11:41:17.583000,415.218523373515,998
2024-09-17 11:41:17.662000,415.23074023978194,1005
2024-09-17 11:41:17.704000,415.192727138001,11
2024-09-17 11:41:17.735000,415.1833221813462,10
2024-09-17 11:41:17.768000,415.23999648098345,996
2024-09-17 11:41:17.770000,415.1656692345713,95
2024-09-17 11:41:17.857000,415.2218891323742,10
2024-09-17 11:41:17.915000,415.2214443729309,996
2024-09-17 11:41:17.961000,415.19241834569726,1001
2024-09-17 11:41:19.012000,415.1833314790707,998
2024-09-17 11:41:19.071000,415.2000902713394,105
2024-09-17 11:41:19.095000,415.2312295606285,100
2024-09-17 11:41:19.112000,415.2138845612298,96
2024-09-17 11:41:19.147000,415.1860916862652,1002
2024-09-17 11:41:19.299000,415.19295930912233,11
2024-09-17 11:41:19.453000,415.228997158834,96
2024-09-17 11:41:19.494000,415.199370527615,95
2024-09-17 11:41:19.642000,415.2403108266102,98
2024-09-17 11:41:19.696000,415.2277056617893,13
2024-09-17 11:41:19.764000,415.16986961005045,102
2024-09-17 11:41:19.774000,415.17518876295605,1004
2024-09-17 11:41:20.023000,415.21322450690633,11
2024-09-17 11:41:20.046000,415.1742189298154,98
2024-09-17 11:41:20.121000,415.1936167438437,6
2024-09-17 11:41:20.191000,415.1649149952133,105
2024-09-17 11:41:20.217000,415.1942966597155,13
2024-09-17 11:41:20.250000,415.2112230519271,996
2024-09-17 11:41:20.271000,415.206771475291,102
2024-09-17 11:41:20.323000,415.1993725807216,101
2024-09-17 11:41:20.373000,415.2031060375058,95
2024-09-17 11:41:20.434000,415.1948524352466,998
2024-09-17 11:41:20.510000,415.1912069671806,101
2024-09-17 11:41:20.511000,415.2100075553976,9
2024-09-17 11:41:20.524000,415.1481873107383,1003
2024-09-17 11:41:20.622000,415.2062223994593,1003
2024-09-17 11:41:20.626000,415.1998358560508,999
2024-09-17 11:41:20.632000,415.21194378116047,6
2024-09-17 11:41:20.734000,415.20139851116994,15
2024-09-17 11:41:20.882000,415.1462592594544,1003
2024-09-17 11:41:20.893000,415.2117839485901,101
2024-09-17 11:41:20.906000,415.21435890945,997
2024-09-17 11:41:20.912000,415.2059903605868,995
2024-09-17 11:41:20.922000,415.2041309883269,103
2024-09-17 11:41:20.950000,415.18309382454765,102
2024-09-17 11:41:21.404000,415.1628320144788,98
2024-09-17 11:41:22.020000,415.2356330531814,98
2024-09-17 11:41:22.039000,415.208141879965,1005
2024-09-17 11:41:22.167000,415.2169921480405,8
2024-09-17 11:41:22.269000,415.2288522850391,1001
2024-09-17 11:41:22.398000,415.2226310974039,104
2024-09-17 11:41:22.418000,415.2138848993,997
2024-09-17 11:41:22.452000,415.1994592130605,15
2024-09-17 11:41:22.471000,415.1990142564212,6
2024-09-17 11:41:22.489000,415.1785368110019,998
2024-09-17 11:41:22.504000,415.2220385242081,1001
2024-09-17 11:41:22.522000,415.2108769250639,95
2024-09-17 11:41:22.536000,415.20258410649126,995
2024-09-17 11:41:22.543000,415.2155537376592,999
2024-09-17 11:41:22.615000,415.2006746907699,13
2024-09-17 11:41:22.663000,415.1951350138536,1000
2024-09-17 11:41:22.669000,415.2003736702015,15
2024-09-17 11:41:22.677000,415.2062115146064,10
2024-09-17 11:41:22.846000,415.2479625337928,14
2024-09-17 11:41:22.859000,415.2340410951411,6
2024-09-17 11:41:22.943000,415.2241957078795,13
2024-09-17 11:41:22.999000,415.2022607513125,1000
2024-09-17 11:41:23.057000,415.20260991918553,105
2024-09-17 11:41:23.213000,415.2212149865041,11
2024-09-17 11:41:23.301000,415.2039227114712,98
2024-09-17 11:41:23.372000,415.19791065109735,97
2024-09-17 11:41:23.585000,415.2200943142989,1003
2024-09-17 11:41:23.635000,415.22410697441626,6
2024-09-17 11:41:23.667000,415.2008623279562,1002
2024-09-17 11:41:23.889000,415.2087737678973,98
2024-09-17 11:41:23.969000,415.214969066102,97
2024-09-17 11:41:24.008000,415.1846294798812,98
2024-09-17 11:41:24.063000,415.1477142739784,995
2024-09-17 11:41:24.072000,415.1838388856716,1002
2024-09-17 11:41:24.085000,415.1915719199756,996
2024-09-17 11:41:24.086000,415.2022386236457,996
2024-09-17 11:41:24.115000,415.1588323044176,103
2024-09-17 11:41:24.143000,415.2227075119485,101
2024-09-17 11:41:24.218000,415.1538395440825,1005
2024-09-17 11:41:24.233000,415.15810767342407,97
2024-09-17 11:41:24.295000,415.1753365600765,13
2024-09-17 11:41:24.352000,415.16948998528215,1000
2024-09-17 11:41:24.474000,415.2256267064384,6
2024-09-17 11:41:24.491000,415.1968095737,95
2024-09-17 11:41:24.512000,415.1713980529336,995
2024-09-17 11:41:24.526000,415.19361527525086,100
2024-09-17 11:41:24.587000,415.186002245973,97
2024-09-17 11:41:24.731000,415.1797879394808,996
2024-09-17 11:41:24.753000,415.176044777902,996
2024-09-17 11:41:24.782000,415.18324887602864,102
2024-09-17 11:41:24.804000,415.1593257155349,8
2024-09-17 11:41:24.834000,415.18493150035727,11
2024-09-17 11:41:24.955000,415.2016888002056,6
2024-09-17 11:41:25.121000,415.2433074811232,99
2024-09-17 11:41:25.131000,415.25184872628574,995
2024-09-17 11:41:25.133000,415.23776981138025,1003
2024-09-17 11:41:25.361000,415.2437013832725,997
2024-09-17 11:41:25.462000,415.20457410380567,1001
2024-09-17 11:41:25.500000,415.1802513235348,102
2024-09-17 11:41:25.640000,415.2375855467026,999
2024-09-17 11:41:25.650000,415.23493067872215,1001
2024-09-17 11:41:25.663000,415.2000701511301,10
2024-09-17 11:41:25.731000,415.2419050767112,9
2024-09-17 11:41:25.734000,415.2200402080238,7
2024-09-17 11:41:25.800000,415.257272638258,15
2024-09-17 11:41:25.818000,415.22950693788016,15
2024-09-17 11:41:25.851000,415.1530825540575,15
2024-09-17 11:41:25.878000,415.1995188677932,105
2024-09-17 11:41:25.906000,415.1882268391823,95
2024-09-17 11:41:25.964000,415.2365188581866,996
2024-09-17 11:41:25.979000,415.2386038121295,10
2024-09-17 11:41:26.038000,415.1790763378677,1002
2024-09-17 11:41:26.113000,415.1851485939709,104
2024-09-17 11:41:26.243000,415.2088805787803,97
2024-09-17 11:41:26.301000,415.1643553505346,97
2024-09-17 11:41:26.315000,415.2015171866225,100
2024-09-17 11:41:26.342000,415.2426830130588,13
2024-09-17 11:41:26.459000,415.16750828101647,10
2024-09-17 11:41:26.541000,415.20538026588594,1002
2024-09-17 11:41:26.554000,415.1780088513154,1000
2024-09-17 11:41:26.574000,415.1873736228233,11
2024-09-17 11:41:26.629000,415.1860907023122,105
2024-09-17 11:41:26.637000,415.2221511356776,12
2024-09-17 11:41:26.644000,415.1988377205949,104
2024-09-17 11:41:26.650000,415.1865210009353,1005
2024-09-17 11:41:26.783000,415.1911037303182,101
2024-09-17 11:41:27.007000,415.1568741586394,97
2024-09-17 11:41:27.051000,415.19964744243714,1003
2024-09-17 11:41:27.075000,415.20549582150767,1005
2024-09-17 11:41:27.164000,415.182706883804,7
2024-09-17 11:41:27.167000,415.1610938850671,1003
2024-09-17 11:41:27.198000,415.1890816942986,1002
2024-09-17 11:41:27.261000,415.1710726295833,104
2024-09-17 11:41:27.280000,415.1697628133515,996
2024-09-17 11:41:27.301000,415.1843285910091,6
2024-09-17 11:41:27.407000,415.1502000907881,96
2024-09-17 11:41:27.415000,415.14870445938834,100
2024-09-17 11:41:27.428000,415.1598298160264,105
2024-09-17 11:41:27.471000,415.1553255669765,6
2024-09-17 11:41:27.502000,415.1513107728412,998
2024-09-17 11:41:27.506000,415.1767003098401,1001
2024-09-17 11:41:27.521000,415.1805905315909,1001
2024-09-17 11:41:27.548000,415.16111916702783,14
2024-09-17 11:41:27.561000,415.161837222955,97
2024-09-17 11:41:27.600000,415.1762026312875,97
2024-09-17 11:41:27.673000,415.1837203158665,1005
2024-09-17 11:41:27.787000,415.1701234705994,998
2024-09-17 11:41:28.019000,415.21683839134266,104
2024-09-17 11:41:28.045000,415.2140099321272,101
2024-09-17 11:41:28.160000,415.1963615844194,101
2024-09-17 11:41:28.173000,415.2047354737888,95
2024-09-17 11:41:28.276000,415.2004729035923,104
2024-09-17 11:41:28.368000,415.1768278941239,96
2024-09-17 11:41:28.591000,415.215479787833,1002
2024-09-17 11:41:28.591000,415.21662710975454,10
2024-09-17 11:41:28.595000,415.20156624527135,9
2024-09-17 11:41:28.892000,415.2211116190812,1001
2024-09-17 11:41:28.924000,415.2325315939565,1002
2024-09-17 11:41:29.006000,415.3002950723239,100
2024-09-17 11:41:29.007000,415.26996189078153,997
2024-09-17 11:41:29.104000,415.2659063112312,98
2024-09-17 11:41:29.123000,415.2706100693724,1001
2024-09-17 11:41:29.139000,415.2791893839283,103
2024-09-17 11:41:29.150000,415.270963128976,104
2024-09-17 11:41:29.265000,415.2748803876052,1001
2024-09-17 11:41:29.284000,415.2662456598169,1000
2024-09-17 11:41:29.290000,415.2876328045495,11
2024-09-17 11:41:29.295000,415.2676223644048,12
2024-09-17 11:41:29.328000,415.2706062184018,8
2024-09-17 11:41:29.364000,415.27514450924593,96
2024-09-17 11:41:29.365000,415.2709553928951,101
2024-09-17 11:41:29.418000,415.2874379644156,98
2024-09-17 11:41:29.422000,415.24559204364505,1002
2024-09-17 11:41:29.424000,415.2482443149541,15
2024-09-17 11:41:29.437000,415.2973035083215,100
2024-09-17 11:41:29.442000,415.260437963064,996
2024-09-17 11:41:29.464000,415.2780742261851,15
2024-09-17 11:41:29.484000,415.2559103053524,7
2024-09-17 11:41:29.496000,415.2942613221964,998
2024-09-17 11:41:29.560000,415.2672035657515,99
2024-09-17 11:41:29.691000,415.2062470009316,14
2024-09-17 11:41:29.705000,415.2862166308129,1004
2024-09-17 11:41:29.751000,415.2158074951709,999
2024-09-17 11:41:29.826000,415.27297870919887,99
2024-09-17 11:41:29.838000,415.2222419709208,100
2024-09-17 11:41:29.935000,415.2641506964733,999
2024-09-17 11:41:30.045000,415.3084141637423,105
2024-09-17 11:41:30.183000,415.2463349011172,14
2024-09-17 11:41:30.211000,415.2698586393868,102
2024-09-17 11:41:30.240000,415.2153521943604,996
2024-09-17 11:41:30.309000,415.2831638658093,999
2024-09-17 11:41:30.340000,415.26649537963897,97
2024-09-17 11:41:30.372000,415.2940918308664,13
2024-09-17 11:41:30.382000,415.2936684791773,995
2024-09-17 11:41:30.415000,415.3200485841695,999
2024-09-17 11:41:30.466000,415.2508451707067,1003
2024-09-17 11:41:30.516000,415.2446075799735,14
2024-09-17 11:41:30.525000,415.22456890579457,14
2024-09-17 11:41:30.567000,415.26269923078297,8
2024-09-17 11:41:30.634000,415.2553436193519,1000
2024-09-17 11:41:30.639000,415.2824577865508,996
2024-09-17 11:41:30.689000,415.2659172713757,10
2024-09-17 11:41:30.702000,415.22368400309614,15
2024-09-17 11:41:30.775000,415.238807360072,995
2024-09-17 11:41:30.796000,415.2609552039108,101
2024-09-17 11:41:30.855000,415.32105764657,99
2024-09-17 11:41:30.869000,415.2215402214893,11
2024-09-17 11:41:30.903000,415.2368171729833,13
2024-09-17 11:41:30.931000,415.2606843949403,100
2024-09-17 11:41:30.994000,415.3022008040389,14
2024-09-17 11:41:30.994000,415.2700255297826,996
2024-09-17 11:41:31.093000,415.232503479279,1002
2024-09-17 11:41:31.124000,415.248587653046,97
2024-09-17 11:41:31.204000,415.2550426704556,97
2024-09-17 11:41:31.247000,415.2614357084266,13
2024-09-17 11:41:31.339000,415.2649778512519,997
2024-09-17 11:41:31.447000,415.256689995088,13
2024-09-17 11:41:31.464000,415.2524211543174,95
2024-09-17 11:41:31.477000,415.2372781177149,1000
2024-09-17 11:41:31.573000,415.2440794581738,96
2024-09-17 11:41:31.704000,415.2796408651848,97
2024-09-17 11:41:31.820000,415.2455470337048,9
2024-09-17 11:41:31.843000,415.24580661295977,999
2024-09-17 11:41:31.951000,415.27459457645807,1003
2024-09-17 11:41:32.022000,415.28560911147866,1005
2024-09-17 11:41:32.030000,415.3031229522712,99
2024-09-17 11:41:32.032000,415.3506458067738,1002
2024-09-17 11:41:32.133000,415.2942851231323,96
2024-09-17 11:41:32.174000,415.2679469478093,100
2024-09-17 11:41:32.214000,415.27251169093074,1004
2024-09-17 11:41:32.249000,415.2951719651528,100
2024-09-17 11:41:32.254000,415.3175627540318,105
2024-09-17 11:41:32.260000,415.3181370881186,7
2024-09-17 11:41:32.324000,415.28839861255625,99
2024-09-17 11:41:32.333000,415.2859998673269,5
2024-09-17 11:41:32.364000,415.31477337562376,8
2024-09-17 11:41:32.367000,415.3050460598924,99
2024-09-17 11:41:32.382000,415.2932776712281,99
2024-09-17 11:41:32.405000,415.2881434345858,999
2024-09-17 11:41:32.406000,415.27725743212864,1004
2024-09-17 11:41:32.462000,415.3274458398718,12
2024-09-17 11:41:32.565000,415.3152963058009,14
2024-09-17 11:41:32.607000,415.3397154703998,101
2024-09-17 11:41:32.618000,415.2828088687552,12
2024-09-17 11:41:32.678000,415.271502711786,101
2024-09-17 11:41:32.876000,415.2779514953109,1002
2024-09-17 11:41:32.899000,415.26372604214015,12
2024-09-17 11:41:32.923000,415.2739067975523,13
2024-09-17 11:41:32.940000,415.346350469193,996
2024-09-17 11:41:32.998000,415.3272382578097,99
2024-09-17 11:41:33,415.3645091088205,7
2024-09-17 11:41:33.074000,415.3754915549864,98
2024-09-17 11:41:33.077000,415.3887387941068,13
2024-09-17 11:41:33.082000,415.3645478252472,97
2024-09-17 11:41:33.088000,415.3769464160855,995
2024-09-17 11:41:33.099000,415.390425537565,95
2024-09-17 11:41:33.202000,415.3861943398976,14
2024-09-17 11:41:33.228000,415.3928428672472,5
2024-09-17 11:41:33.238000,415.38475764666566,11
2024-09-17 11:41:33.254000,415.3915347922266,12
2024-09-17 11:41:33.262000,415.3536916977112,1003
2024-09-17 11:41:33.271000,415.3602497593464,9
2024-09-17 11:41:33.282000,415.3808646100936,8
2024-09-17 11:41:33.282000,415.3772630077141,102
2024-09-17 11:41:33.341000,415.3815503264106,5
2024-09-17 11:41:33.347000,415.3814567690696,14
2024-09-17 11:41:33.427000,415.3669305719704,99
2024-09-17 11:41:33.495000,415.3907402037245,97
2024-09-17 11:41:33.530000,415.3722303955529,13
2024-09-17 11:41:33.534000,415.3676370265989,1002
2024-09-17 11:41:33.549000,415.38015846844746,13
2024-09-17 11:41:33.558000,415.38501314702535,13
2024-09-17 11:41:33.614000,415.38564230790087,103
2024-09-17 11:41:33.817000,415.39420553936566,1003
2024-09-17 11:41:33.820000,415.3482896840838,997
2024-09-17 11:41:33.830000,415.3802904996201,1003
2024-09-17 11:41:33.849000,415.38540767941134,1004
2024-09-17 11:41:33.897000,415.3711862748256,9
2024-09-17 11:41:33.914000,415.374204148224,996
2024-09-17 11:41:33.971000,415.3521638004132,100
2024-09-17 11:41:34.077000,415.40762908469407,103
2024-09-17 11:41:34.160000,415.433636099528,104
2024-09-17 11:41:34.268000,415.4037671968218,1005
2024-09-17 11:41:34.298000,415.4020701708277,15
2024-09-17 11:41:34.312000,415.3959366572704,100
2024-09-17 11:41:34.440000,415.3751645581867,998
2024-09-17 11:41:34.545000,415.414804143379,95
2024-09-17 11:41:34.903000,415.3781026108503,96
2024-09-17 11:41:34.966000,415.42465072373926,5
2024-09-17 11:41:35.074000,415.3918900781957,14
2024-09-17 11:41:35.186000,415.3916570249757,7
2024-09-17 11:41:35.312000,415.40142442745366,996
2024-09-17 11:41:35.356000,415.4063489867364,995
2024-09-17 11:41:35.484000,415.3975062601261,1003
2024-09-17 11:41:35.553000,415.39920521486,97
2024-09-17 11:41:35.597000,415.403139661788,7
2024-09-17 11:41:35.723000,415.38382394090206,7
2024-09-17 11:41:35.810000,415.39878273509777,105
2024-09-17 11:41:36.089000,415.37037330670273,1003
2024-09-17 11:41:36.133000,415.4034204531815,95
2024-09-17 11:41:36.136000,415.42700499227806,999
2024-09-17 11:41:36.183000,415.4089533303152,10
2024-09-17 11:41:36.193000,415.4441721994103,12
2024-09-17 11:41:36.202000,415.4145199582995,997
2024-09-17 11:41:36.207000,415.3799646669032,6
2024-09-17 11:41:36.233000,415.3724295044344,101
2024-09-17 11:41:36.337000,415.405077831354,104
2024-09-17 11:41:36.344000,415.43427051989727,1004
2024-09-17 11:41:36.360000,415.42972605032696,6
2024-09-17 11:41:36.371000,415.4139051412396,11
2024-09-17 11:41:36.462000,415.436286861685,12
2024-09-17 11:41:36.464000,415.4057970946196,105
2024-09-17 11:41:36.501000,415.4223895912565,1005
2024-09-17 11:41:36.641000,415.3985571761508,98
2024-09-17 11:41:36.714000,415.3848230553714,998
2024-09-17 11:41:36.737000,415.40335356711546,996
2024-09-17 11:41:36.787000,415.414875860106,101
2024-09-17 11:41:36.819000,415.4092382494393,1000
2024-09-17 11:41:36.907000,415.4406408753714,14
2024-09-17 11:41:36.917000,415.40935095016056,15
2024-09-17 11:41:36.918000,415.416472177941,9
2024-09-17 11:41:36.970000,415.4325220642841,1002
2024-09-17 11:41:36.971000,415.3942719076629,102
2024-09-17 11:41:36.990000,415.4298069781853,997
2024-09-17 11:41:37.357000,415.3971753986123,7
2024-09-17 11:41:37.495000,415.4140748676128,102
2024-09-17 11:41:37.513000,415.4087114330707,1002
2024-09-17 11:41:37.577000,415.4065052825944,13
2024-09-17 11:41:37.623000,415.4058385234964,103
2024-09-17 11:41:37.880000,415.3836473582612,10
2024-09-17 11:41:38.274000,415.4048856660454,101
2024-09-17 11:41:38.288000,415.4115726063848,1001
2024-09-17 11:41:38.534000,415.4335138995384,7
2024-09-17 11:41:38.589000,415.4333631484735,1004
2024-09-17 11:41:38.738000,415.4309841005656,105
2024-09-17 11:41:38.785000,415.3964632044285,5
2024-09-17 11:41:38.801000,415.424752728402,6
2024-09-17 11:41:38.833000,415.4181336582797,1003
2024-09-17 11:41:39.027000,415.40853020755446,103
2024-09-17 11:41:39.126000,415.4519818187982,7
2024-09-17 11:41:39.178000,415.4480033085641,10
2024-09-17 11:41:39.233000,415.3915423939808,103
2024-09-17 11:41:39.271000,415.4048136883432,97
2024-09-17 11:41:39.281000,415.4225157621034,998
2024-09-17 11:41:39.342000,415.41942212388994,10
2024-09-17 11:41:39.346000,415.4172851638037,13
2024-09-17 11:41:39.349000,415.4537012213774,1003
2024-09-17 11:41:39.351000,415.4480125102073,1005
2024-09-17 11:41:39.571000,415.4046808524479,105
2024-09-17 11:41:39.623000,415.4526268956462,996
2024-09-17 11:41:39.655000,415.4104266920328,1000
2024-09-17 11:41:39.674000,415.4257549403571,101
2024-09-17 11:41:39.676000,415.40065263839614,13
2024-09-17 11:41:39.698000,415.4061992171362,99
2024-09-17 11:41:39.784000,415.4034577026586,98
2024-09-17 11:41:39.789000,415.40862492240274,1000
2024-09-17 11:41:39.804000,415.4193471208765,1003
2024-09-17 11:41:39.828000,415.4140425651816,103
2024-09-17 11:41:39.972000,415.4215706610756,995
2024-09-17 11:41:39.979000,415.3954357741752,10
2024-09-17 11:41:41.033000,415.43433961639454,999
2024-09-17 11:41:41.112000,415.4417136400696,5
2024-09-17 11:41:41.124000,415.46200738584577,96
2024-09-17 11:41:41.133000,415.4627548146427,997
2024-09-17 11:41:41.224000,415.4240497213645,102
2024-09-17 11:41:41.335000,415.4557043971871,996
2024-09-17 11:41:41.371000,415.4450779987212,9
2024-09-17 11:41:41.491000,415.47371262278295,105
2024-09-17 11:41:41.694000,415.458192433092,5
2024-09-17 11:41:41.761000,415.4439488989295,1005
2024-09-17 11:41:41.774000,415.4455666577478,998
2024-09-17 11:41:41.858000,415.42687782795554,999
2024-09-17 11:41:41.971000,415.46110182624847,1001
2024-09-17 11:41:42.747000,415.4462029623919,8
2024-09-17 11:41:42.896000,415.4486692040118,96
2024-09-17 11:41:43.008000,415.4518856456548,997
2024-09-17 11:41:43.047000,415.45318187232994,996
2024-09-17 11:41:43.322000,415.4217322948347,1005
2024-09-17 11:41:43.410000,415.4491404220841,99
2024-09-17 11:41:43.447000,415.4332159424167,100
2024-09-17 11:41:43.448000,415.458655290498,12
2024-09-17 11:41:43.461000,415.4579992461541,1001
2024-09-17 11:41:43.537000,415.4303281970106,5
2024-09-17 11:41:43.726000,415.4565218726358,997
2024-09-17 11:41:43.803000,415.4655965346299,5
2024-09-17 11:41:43.835000,415.4732624446311,997
2024-09-17 11:41:43.919000,415.460378963847,95
2024-09-17 11:41:44.737000,415.47377973822137,98
2024-09-17 11:41:45.045000,415.4868296755503,96
2024-09-17 11:41:45.145000,415.46886171625295,1005
2024-09-17 11:41:45.176000,415.4662190198198,5
2024-09-17 11:41:45.187000,415.47076105853273,101
2024-09-17 11:41:45.215000,415.46902248037554,997
2024-09-17 11:41:45.233000,415.4603055658951,105
2024-09-17 11:41:45.267000,415.46595568492415,102
2024-09-17 11:41:45.305000,415.4432585854972,100
2024-09-17 11:41:45.462000,415.471216243762,99
2024-09-17 11:41:45.471000,415.4394585876333,99
2024-09-17 11:41:45.509000,415.4538642962668,1004
2024-09-17 11:41:45.542000,415.47592590458817,11
2024-09-17 11:41:45.581000,415.4643760053027,15
2024-09-17 11:41:45.619000,415.4469721901831,11
2024-09-17 11:41:45.706000,415.4678396625503,1005
2024-09-17 11:41:45.923000,415.46349636081385,12
2024-09-17 11:41:46.025000,415.3782149111514,96
2024-09-17 11:41:46.053000,415.4206669550636,1005
2024-09-17 11:41:46.178000,415.34448621993306,96
2024-09-17 11:41:46.188000,415.429767696684,104
2024-09-17 11:41:46.194000,415.40120823489065,101
2024-09-17 11:41:46.209000,415.4063822813372,100
2024-09-17 11:41:46.390000,415.3722015883487,1003
2024-09-17 11:41:46.390000,415.387897372279,102
2024-09-17 11:41:46.407000,415.3788353971022,95
2024-09-17 11:41:46.529000,415.40920418042793,95
2024-09-17 11:41:46.534000,415.4225512484212,104
2024-09-17 11:41:46.548000,415.449554514533,7
2024-09-17 11:41:46.577000,415.42581317811977,105
2024-09-17 11:41:46.712000,415.36635202589946,1005
2024-09-17 11:41:46.727000,415.3879978945686,1003
2024-09-17 11:41:46.732000,415.3690979617557,101
2024-09-17 11:41:46.757000,415.41964380668986,1001
2024-09-17 11:41:46.795000,415.3747788692589,8
2024-09-17 11:41:46.908000,415.4188650384581,1002
2024-09-17 11:41:46.977000,415.4315760446541,103
2024-09-17 11:41:47.190000,415.33998003766834,8
2024-09-17 11:41:47.824000,415.3437251511105,10
2024-09-17 11:41:48.171000,415.35712112726907,1004
2024-09-17 11:41:48.175000,415.3564124083249,104
2024-09-17 11:41:48.193000,415.3380053357133,1000
2024-09-17 11:41:48.229000,415.3485271412622,10
2024-09-17 11:41:48.262000,415.3552387701851,99
2024-09-17 11:41:48.285000,415.3742819391772,102
2024-09-17 11:41:48.288000,415.3604908576633,998
2024-09-17 11:41:48.364000,415.35183173897184,998
2024-09-17 11:41:48.394000,415.3842803015278,95
2024-09-17 11:41:48.398000,415.3647547238493,102
2024-09-17 11:41:48.415000,415.3434574318597,1003
2024-09-17 11:41:48.426000,415.3269839480744,104
2024-09-17 11:41:48.484000,415.3813779157156,97
2024-09-17 11:41:48.491000,415.3504636638178,98
2024-09-17 11:41:48.544000,415.3455611529322,1005
2024-09-17 11:41:48.577000,415.3469820656369,12
2024-09-17 11:41:48.604000,415.3498704701673,99
2024-09-17 11:41:48.624000,415.3420343446229,7
2024-09-17 11:41:48.663000,415.3461299992306,1004
2024-09-17 11:41:48.670000,415.36494104313294,102
2024-09-17 11:41:48.790000,415.3596022310603,14
2024-09-17 11:41:48.792000,415.338185642414,98
2024-09-17 11:41:48.858000,415.362436149701,995
2024-09-17 11:41:48.917000,415.3725880882142,102
2024-09-17 11:41:48.934000,415.33845490909226,11
2024-09-17 11:41:49.048000,415.3739298782609,101
2024-09-17 11:41:49.134000,415.3920173812739,95
2024-09-17 11:41:49.144000,415.3498067235103,11
2024-09-17 11:41:49.305000,415.3332118473389,104
2024-09-17 11:41:49.343000,415.34134966429326,103
2024-09-17 11:41:49.350000,415.34783208850007,100
2024-09-17 11:41:49.442000,415.3390839385034,13
2024-09-17 11:41:49.498000,415.3467646393059,9
2024-09-17 11:41:49.506000,415.3516049237695,103
2024-09-17 11:41:49.509000,415.3732455769524,14
2024-09-17 11:41:49.516000,415.3625462266454,997
2024-09-17 11:41:49.672000,415.3969437355226,105
2024-09-17 11:41:49.744000,415.342018543105,100
2024-09-17 11:41:49.790000,415.32816684131615,96
2024-09-17 11:41:50.088000,415.3729041248487,10
2024-09-17 11:41:50.321000,415.3644916554076,14
2024-09-17 11:41:50.504000,415.3189960007355,99
2024-09-17 11:41:50.575000,415.3259103119835,997
2024-09-17 11:41:50.575000,415.35575441660205,104
2024-09-17 11:41:50.881000,415.3300726709705,1002
2024-09-17 11:41:51.247000,415.3415570821587,1002
2024-09-17 11:41:51.443000,415.3498370749591,101
2024-09-17 11:41:51.583000,415.3371366147383,8
2024-09-17 11:41:51.825000,415.33541056599176,6
2024-09-17 11:41:51.955000,415.34362531306806,9
2024-09-17 11:41:52.066000,415.3125747401558,8
2024-09-17 11:41:52.066000,415.3222868203181,100
2024-09-17 11:41:52.106000,415.3380693085391,1002
2024-09-17 11:41:52.136000,415.30879817077647,100
2024-09-17 11:41:52.163000,415.2783348630801,1004
2024-09-17 11:41:52.175000,415.3378823632239,1000
2024-09-17 11:41:52.188000,415.27811378924287,11
2024-09-17 11:41:52.203000,415.3382145162668,97
2024-09-17 11:41:52.221000,415.3429153382861,13
2024-09-17 11:41:52.255000,415.2713519439727,8
2024-09-17 11:41:52.334000,415.3204753327837,5
2024-09-17 11:41:52.354000,415.28176405253214,13
2024-09-17 11:41:52.453000,415.2887943029239,8
2024-09-17 11:41:52.507000,415.3184108037678,1002
2024-09-17 11:41:52.555000,415.3412298000563,12
2024-09-17 11:41:52.601000,415.3357521330429,102
2024-09-17 11:41:52.656000,415.2860301257746,997
2024-09-17 11:41:52.728000,415.3095920909863,101
2024-09-17 11:41:52.740000,415.2812301565476,1004
2024-09-17 11:41:52.767000,415.2619420911804,9
2024-09-17 11:41:52.860000,415.3104847166214,7
2024-09-17 11:41:52.918000,415.2718751442592,95
2024-09-17 11:41:52.985000,415.2694319783358,13
2024-09-17 11:41:52.999000,415.3260602780927,7
2024-09-17 11:41:53.034000,415.25297323376185,1001
2024-09-17 11:41:53.046000,415.2433731183059,1005
2024-09-17 11:41:53.089000,415.247099871353,12
2024-09-17 11:41:53.100000,415.1955653803832,99
2024-09-17 11:41:53.123000,415.2019163440111,104
2024-09-17 11:41:53.159000,415.220346239253,96
2024-09-17 11:41:53.258000,415.2595982236594,105
2024-09-17 11:41:53.367000,415.2315603397512,8
2024-09-17 11:41:53.397000,415.2273589599988,1001
2024-09-17 11:41:53.424000,415.2272514121205,99
2024-09-17 11:41:53.469000,415.2227641212999,96
2024-09-17 11:41:53.483000,415.2630743800881,7
2024-09-17 11:41:53.493000,415.2268815672679,999
2024-09-17 11:41:53.515000,415.2563309428896,12
2024-09-17 11:41:53.535000,415.23516188596176,9
2024-09-17 11:41:53.561000,415.2465161927183,104
2024-09-17 11:41:53.594000,415.2412852026211,1001
2024-09-17 11:41:53.660000,415.2092881538287,95
2024-09-17 11:41:53.668000,415.2439087398434,6
2024-09-17 11:41:53.753000,415.2414568345954,12
2024-09-17 11:41:53.783000,415.2252708341372,1001
2024-09-17 11:41:53.791000,415.2483282154352,999
2024-09-17 11:41:53.861000,415.23549700543975,1002
2024-09-17 11:41:53.872000,415.2479671622384,997
2024-09-17 11:41:53.887000,415.2439850674805,1005
2024-09-17 11:41:53.897000,415.2455645122745,99
2024-09-17 11:41:53.918000,415.244308635748,95
2024-09-17 11:41:53.941000,415.2385373632849,99
2024-09-17 11:41:53.949000,415.2242737099329,1000
2024-09-17 11:41:54.096000,415.2468193298891,5
2024-09-17 11:41:54.111000,415.2510098541788,102
2024-09-17 11:41:54.132000,415.25363610078153,10
2024-09-17 11:41:54.292000,415.26252435174536,100
2024-09-17 11:41:54.357000,415.2373097330772,9
2024-09-17 11:41:54.579000,415.2537780518378,11
2024-09-17 11:41:54.726000,415.2308411631735,996
2024-09-17 11:41:54.838000,415.255532681198,995
2024-09-17 11:41:55.129000,415.254752460319,997
2024-09-17 11:41:55.234000,415.2828506449866,98
2024-09-17 11:41:55.244000,415.2498229591166,1003
2024-09-17 11:41:55.261000,415.26909515516127,105
2024-09-17 11:41:55.325000,415.2243401007266,1004
2024-09-17 11:41:55.345000,415.29097128454623,101
2024-09-17 11:41:55.371000,415.26705106601696,999
2024-09-17 11:41:55.518000,415.2593458384287,9
2024-09-17 11:41:55.542000,415.2441794908715,13
2024-09-17 11:41:55.563000,415.2498661245229,1001
2024-09-17 11:41:55.599000,415.2831832028535,997
2024-09-17 11:41:55.608000,415.24409023042006,14
2024-09-17 11:41:55.630000,415.26072206384026,14
2024-09-17 11:41:55.685000,415.2671218830071,1000
2024-09-17 11:41:55.756000,415.2846814902325,996
2024-09-17 11:41:55.768000,415.2591023611065,10
2024-09-17 11:41:55.784000,415.26812636047566,100
2024-09-17 11:41:55.793000,415.2639550629263,98
2024-09-17 11:41:55.815000,415.26155595195183,1002
2024-09-17 11:41:55.816000,415.2816914890803,997
2024-09-17 11:41:55.822000,415.2880410483946,10
2024-09-17 11:41:55.825000,415.26666209056594,98
2024-09-17 11:41:55.898000,415.24822062083337,96
2024-09-17 11:41:56.230000,415.28026216527365,997
2024-09-17 11:41:56.426000,415.2907087034464,12
2024-09-17 11:41:56.476000,415.3088138174804,1004
2024-09-17 11:41:56.505000,415.31139777390337,1000
2024-09-17 11:41:56.576000,415.2976519300575,998
2024-09-17 11:41:56.816000,415.29851934339854,11
2024-09-17 11:41:56.836000,415.2840379396724,5
2024-09-17 11:41:56.934000,415.3100523637241,12
2024-09-17 11:41:56.947000,415.2925034136931,102
2024-09-17 11:41:57.041000,415.29947888341104,1004
2024-09-17 11:41:57.092000,415.30653769608006,9
2024-09-17 11:41:57.126000,415.3083252216353,6
2024-09-17 11:41:57.176000,415.28939925695073,97
2024-09-17 11:41:57.199000,415.2946020744956,98
2024-09-17 11:41:57.277000,415.2861179484392,95
2024-09-17 11:41:57.284000,415.2759605620024,97
2024-09-17 11:41:57.312000,415.30056465770446,1001
2024-09-17 11:41:57.361000,415.2725972163251,103
2024-09-17 11:41:57.378000,415.2974905982921,1005
2024-09-17 11:41:57.497000,415.3169811169719,14
2024-09-17 11:41:57.508000,415.2779907094987,98
2024-09-17 11:41:57.511000,415.3017004869135,96
2024-09-17 11:41:57.526000,415.27844089016486,103
2024-09-17 11:41:57.730000,415.2866441798009,105
2024-09-17 11:41:57.747000,415.3067311345521,998
2024-09-17 11:41:57.763000,415.2729186017912,11
2024-09-17 11:41:57.875000,415.3061545581721,14
2024-09-17 11:41:57.893000,415.2956297256697,101
2024-09-17 11:41:57.952000,415.2752197175605,5
2024-09-17 11:41:58.037000,415.3006073955965,11
2024-09-17 11:41:59.068000,415.2756828731672,102
2024-09-17 11:41:59.106000,415.274251356624,996
2024-09-17 11:41:59.237000,415.2632692170757,101
2024-09-17 11:41:59.284000,415.2737502807981,13
2024-09-17 11:41:59.369000,415.2583939243788,96
2024-09-17 11:41:59.456000,415.2472978423994,1001
