Timestamp,Price,Size
2024-09-19 13:36:00.392000,423.09223703234846,1005
2024-09-19 13:36:01.039000,423.1533341823017,12
2024-09-19 13:36:01.045000,423.1315688467081,96
2024-09-19 13:36:01.145000,423.16586146184136,1003
2024-09-19 13:36:01.157000,423.1309438717156,7
2024-09-19 13:36:01.192000,423.10237207347376,100
2024-09-19 13:36:01.529000,423.14492495527344,997
2024-09-19 13:36:01.677000,423.0911187615427,998
2024-09-19 13:36:01.977000,423.1207922095784,5
2024-09-19 13:36:02.044000,423.1221743415908,998
2024-09-19 13:36:02.045000,423.1605308418468,1005
2024-09-19 13:36:02.052000,423.129585889764,1000
2024-09-19 13:36:02.056000,423.1167884217715,96
2024-09-19 13:36:02.065000,423.15041873484734,100
2024-09-19 13:36:02.084000,423.10929192010246,98
2024-09-19 13:36:02.170000,423.1362630732369,996
2024-09-19 13:36:02.185000,423.1287042582833,13
2024-09-19 13:36:02.220000,423.0595587547006,999
2024-09-19 13:36:02.303000,423.1606393860398,995
2024-09-19 13:36:02.325000,423.1160929090708,98
2024-09-19 13:36:02.325000,423.1370334673391,1005
2024-09-19 13:36:02.399000,423.1496900882471,998
2024-09-19 13:36:02.430000,423.11647407783136,1003
2024-09-19 13:36:02.486000,423.1276817333882,7
2024-09-19 13:36:02.585000,423.1169097859937,102
2024-09-19 13:36:02.593000,423.1165590589098,14
2024-09-19 13:36:02.632000,423.1044821896188,1003
2024-09-19 13:36:02.691000,423.1167003944163,1000
2024-09-19 13:36:02.722000,423.1261051390233,95
2024-09-19 13:36:02.745000,423.1170168497357,1003
2024-09-19 13:36:02.800000,423.1357812829223,1004
2024-09-19 13:36:02.859000,423.1215246337588,104
2024-09-19 13:36:02.866000,423.0788673878102,14
2024-09-19 13:36:02.906000,423.1135325976881,103
2024-09-19 13:36:02.963000,423.1669312208188,996
2024-09-19 13:36:03.179000,422.9734266484728,999
2024-09-19 13:36:03.203000,423.011506088524,98
2024-09-19 13:36:03.247000,423.04427440666666,1004
2024-09-19 13:36:03.317000,423.0102330860256,10
2024-09-19 13:36:03.471000,423.03187447414894,101
2024-09-19 13:36:03.473000,422.9998335585572,95
2024-09-19 13:36:03.534000,423.0016330345546,1004
2024-09-19 13:36:04.045000,422.9433370903206,98
2024-09-19 13:36:04.184000,422.9484841260527,996
2024-09-19 13:36:04.200000,422.9436951553207,999
2024-09-19 13:36:04.262000,422.96662661609145,105
2024-09-19 13:36:04.382000,422.91037933328175,12
2024-09-19 13:36:04.484000,422.9439763217164,10
2024-09-19 13:36:04.526000,422.9652502677717,15
2024-09-19 13:36:04.647000,422.9738640614681,103
2024-09-19 13:36:04.669000,422.9452166759451,5
2024-09-19 13:36:04.759000,422.9082511355284,999
2024-09-19 13:36:04.779000,422.9109687182267,102
2024-09-19 13:36:04.818000,422.9548709382114,14
2024-09-19 13:36:04.891000,422.9342256915601,996
2024-09-19 13:36:04.943000,422.94406464407774,98
2024-09-19 13:36:04.961000,422.9354459829424,11
2024-09-19 13:36:04.966000,422.98672840632094,101
2024-09-19 13:36:05.009000,422.869998379198,997
2024-09-19 13:36:05.029000,422.8694779205164,11
2024-09-19 13:36:05.196000,422.8701991360387,996
2024-09-19 13:36:05.240000,422.8584486671228,105
2024-09-19 13:36:05.270000,422.8959184622885,1005
2024-09-19 13:36:05.319000,422.8898613246351,5
2024-09-19 13:36:05.330000,422.8736234713951,95
2024-09-19 13:36:05.391000,422.8790594756384,101
2024-09-19 13:36:05.411000,422.87786145163705,6
2024-09-19 13:36:05.436000,422.8943499866047,1003
2024-09-19 13:36:05.499000,422.8753018114256,105
2024-09-19 13:36:05.511000,422.8588554898238,8
2024-09-19 13:36:05.520000,422.8949843693171,1001
2024-09-19 13:36:05.610000,422.86342652947206,12
2024-09-19 13:36:05.635000,422.8745870093738,1001
2024-09-19 13:36:05.657000,422.86974315506205,8
2024-09-19 13:36:05.670000,422.8866288979132,8
2024-09-19 13:36:05.692000,422.8715040439432,105
2024-09-19 13:36:05.724000,422.87015119436586,5
2024-09-19 13:36:05.746000,422.8718373628768,99
2024-09-19 13:36:05.756000,422.88915795994825,11
2024-09-19 13:36:05.857000,422.9009031439046,96
2024-09-19 13:36:05.879000,422.8944679415438,104
2024-09-19 13:36:05.902000,422.8630253922782,96
2024-09-19 13:36:05.935000,422.8680610036844,11
2024-09-19 13:36:05.966000,422.905427542006,5
2024-09-19 13:36:05.979000,422.87633005179697,997
2024-09-19 13:36:06.099000,422.89032812023777,9
2024-09-19 13:36:06.127000,422.86086464108536,12
2024-09-19 13:36:06.263000,422.8711649691365,1005
2024-09-19 13:36:06.356000,422.86864516881457,1003
2024-09-19 13:36:06.407000,422.8879561755929,999
2024-09-19 13:36:06.485000,422.8735060274648,995
2024-09-19 13:36:06.490000,422.8797712698709,995
2024-09-19 13:36:06.793000,422.8617328732441,95
2024-09-19 13:36:06.890000,422.864958485102,998
2024-09-19 13:36:06.950000,422.8542537343968,1005
2024-09-19 13:36:07.054000,422.90375810738266,6
2024-09-19 13:36:07.059000,422.8845194410328,1003
2024-09-19 13:36:07.064000,422.8855349785312,98
2024-09-19 13:36:07.065000,422.8903253295571,1001
2024-09-19 13:36:07.213000,422.8915323081591,101
2024-09-19 13:36:07.344000,422.8921764933446,96
2024-09-19 13:36:07.416000,422.921700439567,997
2024-09-19 13:36:07.463000,422.9061432748333,1001
2024-09-19 13:36:07.483000,422.920300411393,11
2024-09-19 13:36:07.558000,422.9149211703378,14
2024-09-19 13:36:07.647000,422.8743128291376,97
2024-09-19 13:36:07.712000,422.9053549220792,96
2024-09-19 13:36:07.829000,422.8777241541456,1005
2024-09-19 13:36:07.914000,422.8976376593411,102
2024-09-19 13:36:07.959000,422.8717088655912,99
2024-09-19 13:36:08.012000,422.9425960087876,102
2024-09-19 13:36:08.029000,422.916377363113,998
2024-09-19 13:36:08.035000,423.0411530692286,11
2024-09-19 13:36:08.041000,423.042270772435,13
2024-09-19 13:36:08.102000,422.9743018467312,14
2024-09-19 13:36:08.201000,422.9419254104212,1005
2024-09-19 13:36:08.252000,422.9650307122388,103
2024-09-19 13:36:08.389000,422.9345206713468,100
2024-09-19 13:36:08.431000,422.954027503329,999
2024-09-19 13:36:08.452000,422.9878330752783,105
2024-09-19 13:36:08.466000,422.9239261415204,99
2024-09-19 13:36:08.530000,422.938161949472,995
2024-09-19 13:36:08.596000,423.0073978200757,5
2024-09-19 13:36:08.597000,422.9562298594218,5
2024-09-19 13:36:08.636000,422.9617642614288,998
2024-09-19 13:36:08.677000,422.9225611657464,95
2024-09-19 13:36:08.687000,422.9057312038574,1004
2024-09-19 13:36:08.715000,422.93048569672806,1003
2024-09-19 13:36:08.732000,422.9103928011639,98
2024-09-19 13:36:08.755000,422.92055028631313,1004
2024-09-19 13:36:08.756000,422.962695641417,5
2024-09-19 13:36:08.774000,422.96718629622313,14
2024-09-19 13:36:08.826000,422.96999134478415,6
2024-09-19 13:36:08.855000,423.0563236638821,995
2024-09-19 13:36:08.874000,422.9569272473315,15
2024-09-19 13:36:08.900000,422.9428034871236,8
2024-09-19 13:36:08.997000,423.0666578007632,7
2024-09-19 13:36:10.093000,422.9883775977612,98
2024-09-19 13:36:10.116000,422.9925799961607,998
2024-09-19 13:36:10.153000,423.0487760395186,105
2024-09-19 13:36:10.171000,422.9469184021699,100
2024-09-19 13:36:10.188000,423.016883730286,10
2024-09-19 13:36:10.216000,423.0719466001466,998
2024-09-19 13:36:10.249000,423.0651374577304,103
2024-09-19 13:36:10.299000,423.0206046012335,98
2024-09-19 13:36:10.435000,423.0648790726447,1002
2024-09-19 13:36:10.473000,422.97965867995663,996
2024-09-19 13:36:10.531000,423.0620419029742,6
2024-09-19 13:36:10.582000,423.004835367564,9
2024-09-19 13:36:10.606000,422.96706654934127,999
2024-09-19 13:36:10.622000,423.0761325892054,104
2024-09-19 13:36:10.631000,423.0574468048381,5
2024-09-19 13:36:10.684000,423.0018542908689,97
2024-09-19 13:36:10.704000,422.96592958951146,7
2024-09-19 13:36:10.731000,423.0445056431675,998
2024-09-19 13:36:10.762000,423.0421474782207,1002
2024-09-19 13:36:10.767000,422.9533851051194,100
2024-09-19 13:36:10.792000,422.9814278482182,1000
2024-09-19 13:36:10.870000,423.0185173073753,11
2024-09-19 13:36:10.894000,423.03760582829096,14
2024-09-19 13:36:10.937000,423.0206162148664,1004
2024-09-19 13:36:11.003000,422.96282884705,11
2024-09-19 13:36:11.077000,422.9141210882439,13
2024-09-19 13:36:11.077000,422.9373044242116,99
2024-09-19 13:36:11.105000,422.94138507280064,1002
2024-09-19 13:36:11.121000,422.96275232687685,1001
2024-09-19 13:36:11.205000,422.9716561808761,103
2024-09-19 13:36:11.263000,422.977704248334,14
2024-09-19 13:36:11.345000,422.99086069413465,1000
2024-09-19 13:36:11.370000,422.9332481958739,1001
2024-09-19 13:36:11.371000,422.9691786682732,15
2024-09-19 13:36:11.412000,422.9545947397479,999
2024-09-19 13:36:11.515000,422.973359233867,100
2024-09-19 13:36:11.566000,422.93899250802696,1003
2024-09-19 13:36:11.599000,422.9344457834743,1001
2024-09-19 13:36:11.601000,422.9918721215935,997
2024-09-19 13:36:11.603000,422.92459416953017,9
2024-09-19 13:36:11.775000,423.0034736020453,8
2024-09-19 13:36:11.856000,422.9868240013448,97
2024-09-19 13:36:11.864000,422.9671895321159,98
2024-09-19 13:36:12.020000,422.86648791614334,13
2024-09-19 13:36:12.020000,422.8854127776401,10
2024-09-19 13:36:12.059000,422.8888403198805,1005
2024-09-19 13:36:12.144000,422.8514653146175,5
2024-09-19 13:36:12.148000,422.8755942722004,1000
2024-09-19 13:36:12.214000,422.91015354534,8
2024-09-19 13:36:12.273000,422.91304439578346,1005
2024-09-19 13:36:12.275000,422.8784861386771,14
2024-09-19 13:36:12.310000,422.91842999505786,14
2024-09-19 13:36:12.333000,422.8775808265162,5
2024-09-19 13:36:12.353000,422.87602308518046,1000
2024-09-19 13:36:12.366000,422.8776460907891,13
2024-09-19 13:36:12.404000,422.9523993748415,996
2024-09-19 13:36:12.408000,422.9025110564273,996
2024-09-19 13:36:12.442000,422.8950856316018,11
2024-09-19 13:36:12.481000,422.89900474932045,997
2024-09-19 13:36:12.505000,422.88992963314377,95
2024-09-19 13:36:12.535000,422.8590915310631,5
2024-09-19 13:36:12.537000,422.92767450290887,1004
2024-09-19 13:36:12.577000,422.8601910064632,1001
2024-09-19 13:36:12.766000,422.9363607956087,8
2024-09-19 13:36:12.769000,422.875348595617,997
2024-09-19 13:36:12.796000,422.881722929765,5
2024-09-19 13:36:12.837000,422.8515996149509,998
2024-09-19 13:36:12.851000,422.8632858280929,10
2024-09-19 13:36:12.885000,422.9091113914002,100
2024-09-19 13:36:12.942000,422.9331429301384,101
2024-09-19 13:36:12.946000,422.8687842913459,1002
2024-09-19 13:36:12.955000,422.8779310359469,1000
2024-09-19 13:36:13.010000,422.8933907453839,999
2024-09-19 13:36:13.048000,422.90154933243394,15
2024-09-19 13:36:13.072000,422.9048564248842,1005
2024-09-19 13:36:13.109000,422.91697613777296,15
2024-09-19 13:36:13.222000,422.90207096371466,11
2024-09-19 13:36:13.233000,422.8878387288655,104
2024-09-19 13:36:13.296000,422.8862203826903,13
2024-09-19 13:36:13.333000,422.89519843516,104
2024-09-19 13:36:13.368000,422.8924950720311,8
2024-09-19 13:36:13.394000,422.9031955233329,6
2024-09-19 13:36:13.406000,422.9280361493292,9
2024-09-19 13:36:13.409000,422.8961402711757,9
2024-09-19 13:36:13.416000,422.89794417319297,1001
2024-09-19 13:36:13.429000,422.8801470069386,95
2024-09-19 13:36:13.442000,422.88190983682045,95
2024-09-19 13:36:13.544000,422.8950898618212,104
2024-09-19 13:36:13.690000,422.9033105043374,1000
2024-09-19 13:36:13.725000,422.901251082689,999
2024-09-19 13:36:13.737000,422.88510892299934,10
2024-09-19 13:36:13.746000,422.9135316997643,1004
2024-09-19 13:36:13.763000,422.9081296832565,97
2024-09-19 13:36:13.773000,422.8927281521806,14
2024-09-19 13:36:13.810000,422.8947376933334,1004
2024-09-19 13:36:13.895000,422.8917355279106,101
2024-09-19 13:36:14.402000,422.9063119755744,5
2024-09-19 13:36:14.567000,422.90465174108925,1000
2024-09-19 13:36:14.808000,422.9281451545335,1003
2024-09-19 13:36:15.045000,422.93144527148365,6
2024-09-19 13:36:15.198000,422.9544301522832,996
2024-09-19 13:36:15.220000,422.9258503953936,6
2024-09-19 13:36:15.428000,422.92646584951234,1003
2024-09-19 13:36:15.429000,422.9347906002652,98
2024-09-19 13:36:15.462000,422.96668890281626,98
2024-09-19 13:36:15.545000,422.9373697633541,996
2024-09-19 13:36:15.671000,422.93823063243127,996
2024-09-19 13:36:15.894000,422.9182007173308,1002
2024-09-19 13:36:15.895000,422.9605935289933,997
2024-09-19 13:36:15.908000,422.984451081881,15
2024-09-19 13:36:15.950000,422.9680652332684,995
2024-09-19 13:36:15.966000,422.9240923463113,97
2024-09-19 13:36:16.041000,422.925040844441,999
2024-09-19 13:36:16.072000,422.9958215486294,13
2024-09-19 13:36:16.087000,422.9607612917975,1003
2024-09-19 13:36:16.130000,422.9743756280839,11
2024-09-19 13:36:16.146000,422.9893570168645,97
2024-09-19 13:36:16.177000,422.9348527143432,99
2024-09-19 13:36:16.205000,422.9279554217487,100
2024-09-19 13:36:16.273000,422.9751973921263,1000
2024-09-19 13:36:16.357000,422.9940761343034,12
2024-09-19 13:36:16.371000,422.9816980269586,102
2024-09-19 13:36:16.401000,422.9408853260592,1001
2024-09-19 13:36:16.572000,422.9358345484817,1003
2024-09-19 13:36:16.635000,422.9454085563399,96
2024-09-19 13:36:16.637000,422.9624376848191,12
2024-09-19 13:36:16.864000,422.92110431005153,98
2024-09-19 13:36:16.920000,422.96254073761736,6
2024-09-19 13:36:16.955000,422.9849765091488,12
2024-09-19 13:36:17.021000,422.9024674415634,999
2024-09-19 13:36:17.667000,422.90684289337867,99
2024-09-19 13:36:17.999000,422.9091882348456,996
2024-09-19 13:36:18.026000,422.866834131307,1005
2024-09-19 13:36:18.067000,422.88255462514303,1000
2024-09-19 13:36:18.136000,422.9192617139193,95
2024-09-19 13:36:18.169000,422.8989834040183,999
2024-09-19 13:36:18.255000,422.8999016163228,14
2024-09-19 13:36:18.328000,422.8924381353133,95
2024-09-19 13:36:18.368000,422.8604173305642,15
2024-09-19 13:36:18.402000,422.919968593557,10
2024-09-19 13:36:18.437000,422.892986984471,15
2024-09-19 13:36:18.445000,422.8900151010142,995
2024-09-19 13:36:18.455000,422.88202950708273,5
2024-09-19 13:36:18.481000,422.90032859529305,11
2024-09-19 13:36:18.492000,422.9073859746638,1002
2024-09-19 13:36:18.541000,422.8937427939187,996
2024-09-19 13:36:18.582000,422.8784925491479,102
2024-09-19 13:36:18.617000,422.8833319912224,998
2024-09-19 13:36:18.624000,422.88390363693753,10
2024-09-19 13:36:18.632000,422.8708428140349,9
2024-09-19 13:36:18.675000,422.89818017152936,15
2024-09-19 13:36:18.714000,422.9140070464927,96
2024-09-19 13:36:18.759000,422.8952953375724,11
2024-09-19 13:36:18.760000,422.8682801453621,97
2024-09-19 13:36:18.898000,422.9143574452037,8
2024-09-19 13:36:18.902000,422.8950458281952,10
2024-09-19 13:36:18.923000,422.9197518611428,996
2024-09-19 13:36:18.965000,422.8926827053658,6
2024-09-19 13:36:18.984000,422.899195390152,999
2024-09-19 13:36:19.265000,422.9032493167752,14
2024-09-19 13:36:19.608000,422.88473604593145,1002
2024-09-19 13:36:20.002000,422.89074859132967,8
2024-09-19 13:36:20.097000,422.88393885157205,1005
2024-09-19 13:36:20.110000,422.8925645032926,104
2024-09-19 13:36:20.274000,422.89506814505006,10
2024-09-19 13:36:20.390000,422.87443167535633,996
2024-09-19 13:36:20.424000,422.8800027621651,102
2024-09-19 13:36:20.469000,422.8762977177496,995
2024-09-19 13:36:20.535000,422.8630406756897,1003
2024-09-19 13:36:20.542000,422.9019959192894,15
2024-09-19 13:36:20.664000,422.89864393981634,1001
2024-09-19 13:36:20.700000,422.87858776322025,15
2024-09-19 13:36:20.781000,422.8828857804249,1005
2024-09-19 13:36:20.784000,422.8646236010868,101
2024-09-19 13:36:20.868000,422.84932600513775,11
2024-09-19 13:36:20.873000,422.8874519763288,998
2024-09-19 13:36:20.891000,422.89026727772494,1005
2024-09-19 13:36:20.963000,422.8785163340793,102
2024-09-19 13:36:20.994000,422.8901137694556,97
2024-09-19 13:36:21.107000,422.8151497492583,96
2024-09-19 13:36:21.166000,422.850426391324,105
2024-09-19 13:36:21.268000,422.827050287461,1000
2024-09-19 13:36:21.292000,422.8170139468875,99
2024-09-19 13:36:21.508000,422.8299507656718,8
2024-09-19 13:36:21.539000,422.82009215552506,10
2024-09-19 13:36:21.607000,422.81212029822194,104
2024-09-19 13:36:21.758000,422.82572478011616,14
2024-09-19 13:36:21.767000,422.8431160456298,5
2024-09-19 13:36:21.798000,422.8492934104698,98
2024-09-19 13:36:21.822000,422.847973142824,5
2024-09-19 13:36:22.081000,422.8101334442659,96
2024-09-19 13:36:22.152000,422.8262572969752,995
2024-09-19 13:36:22.190000,422.8772453128258,12
2024-09-19 13:36:22.214000,422.8624519655087,12
2024-09-19 13:36:22.266000,422.830287600949,15
2024-09-19 13:36:22.266000,422.85678579260286,997
2024-09-19 13:36:22.279000,422.8796615113496,997
2024-09-19 13:36:22.351000,422.8513298768195,1001
2024-09-19 13:36:22.503000,422.8237782752907,1004
2024-09-19 13:36:22.514000,422.86447835725977,99
2024-09-19 13:36:22.531000,422.82539670193376,997
2024-09-19 13:36:22.580000,422.8155123259916,105
2024-09-19 13:36:22.626000,422.8541860581808,14
2024-09-19 13:36:22.643000,422.840744422552,1000
2024-09-19 13:36:22.653000,422.82698631158047,99
2024-09-19 13:36:22.698000,422.8505177293704,997
2024-09-19 13:36:22.726000,422.82664727106624,1001
2024-09-19 13:36:22.747000,422.8658519693252,95
2024-09-19 13:36:22.758000,422.8478499975839,98
2024-09-19 13:36:22.809000,422.8307523437069,1004
2024-09-19 13:36:22.849000,422.8407011505698,15
2024-09-19 13:36:22.907000,422.87202748455366,1003
2024-09-19 13:36:22.981000,422.8349908814912,98
2024-09-19 13:36:23.093000,422.766393456835,1000
2024-09-19 13:36:23.152000,422.7528286577578,6
2024-09-19 13:36:23.171000,422.7087716516517,1004
2024-09-19 13:36:23.225000,422.7248035558088,101
2024-09-19 13:36:23.387000,422.7916616446336,997
2024-09-19 13:36:23.389000,422.7509027667845,14
2024-09-19 13:36:23.396000,422.77892113806814,14
2024-09-19 13:36:23.409000,422.7777356214938,10
2024-09-19 13:36:23.443000,422.8011500845897,15
2024-09-19 13:36:23.490000,422.7257328417144,1000
2024-09-19 13:36:23.497000,422.6890400848665,9
2024-09-19 13:36:23.513000,422.769352656169,11
2024-09-19 13:36:23.526000,422.7655316167745,998
2024-09-19 13:36:23.559000,422.7335009953632,99
2024-09-19 13:36:23.590000,422.7819341185972,102
2024-09-19 13:36:23.604000,422.75799930837576,99
2024-09-19 13:36:23.727000,422.7679602098633,12
2024-09-19 13:36:23.741000,422.766735687969,95
2024-09-19 13:36:23.743000,422.7649230953552,100
2024-09-19 13:36:23.749000,422.7821904957284,12
2024-09-19 13:36:23.752000,422.7717722903719,99
2024-09-19 13:36:23.759000,422.7596818601103,95
2024-09-19 13:36:23.774000,422.7783244509493,15
2024-09-19 13:36:23.800000,422.71188889190273,105
2024-09-19 13:36:23.856000,422.7658403226846,103
2024-09-19 13:36:23.882000,422.76669120913886,7
2024-09-19 13:36:23.905000,422.7788755009812,11
2024-09-19 13:36:23.957000,422.710469422304,100
2024-09-19 13:36:23.963000,422.7646052011548,997
2024-09-19 13:36:23.991000,422.7389660103872,99
2024-09-19 13:36:24.018000,422.7452357508904,1001
2024-09-19 13:36:24.023000,422.7494996386641,1005
2024-09-19 13:36:24.024000,422.7048709553118,11
2024-09-19 13:36:24.123000,422.7454213495287,103
2024-09-19 13:36:24.242000,422.78645781337934,105
2024-09-19 13:36:24.278000,422.7457308910199,95
2024-09-19 13:36:24.317000,422.75360030404966,99
2024-09-19 13:36:24.323000,422.781832601936,1005
2024-09-19 13:36:24.352000,422.74149715799246,12
2024-09-19 13:36:24.395000,422.7833111770085,1000
2024-09-19 13:36:24.401000,422.743195575586,102
2024-09-19 13:36:24.471000,422.754595515042,102
2024-09-19 13:36:24.482000,422.69296772392,1002
2024-09-19 13:36:24.494000,422.8040995224503,996
2024-09-19 13:36:24.544000,422.7769590837815,1003
2024-09-19 13:36:24.566000,422.7422279478095,95
2024-09-19 13:36:24.659000,422.714544004832,99
2024-09-19 13:36:24.677000,422.7389718954554,103
2024-09-19 13:36:24.699000,422.7857059486759,996
2024-09-19 13:36:24.699000,422.73928631878135,7
2024-09-19 13:36:24.751000,422.7510154193296,13
2024-09-19 13:36:24.778000,422.8027931053243,5
2024-09-19 13:36:24.796000,422.7460960727519,95
2024-09-19 13:36:24.802000,422.78398831066886,1003
2024-09-19 13:36:24.841000,422.7603287455075,104
2024-09-19 13:36:24.869000,422.8012767215276,13
2024-09-19 13:36:24.933000,422.707788587464,95
2024-09-19 13:36:25.076000,422.7428657847714,998
2024-09-19 13:36:25.105000,422.7539377643045,101
2024-09-19 13:36:25.113000,422.7429013736238,99
2024-09-19 13:36:25.139000,422.7209755864853,1003
2024-09-19 13:36:25.165000,422.75217924793736,8
2024-09-19 13:36:25.357000,422.75110989393,97
2024-09-19 13:36:25.449000,422.74038452665246,1000
2024-09-19 13:36:25.541000,422.7515302908004,1003
2024-09-19 13:36:25.543000,422.7457213570922,10
2024-09-19 13:36:25.605000,422.7088268921189,995
2024-09-19 13:36:25.622000,422.7446438149493,14
2024-09-19 13:36:25.640000,422.764446383778,100
2024-09-19 13:36:25.718000,422.7680776064056,10
2024-09-19 13:36:25.766000,422.744091846414,100
2024-09-19 13:36:25.775000,422.71364060880586,96
2024-09-19 13:36:25.799000,422.69487684973086,1002
2024-09-19 13:36:25.922000,422.7577221971401,14
2024-09-19 13:36:25.944000,422.7163231698229,101
2024-09-19 13:36:26.006000,422.6629792959701,105
2024-09-19 13:36:26.114000,422.71276280670594,96
2024-09-19 13:36:26.119000,422.668183407457,9
2024-09-19 13:36:26.137000,422.7186475756182,997
2024-09-19 13:36:26.207000,422.69537105000273,5
2024-09-19 13:36:26.222000,422.735708541565,96
2024-09-19 13:36:26.228000,422.6486341499625,102
2024-09-19 13:36:26.243000,422.672766213014,1003
2024-09-19 13:36:26.347000,422.66263026018873,105
2024-09-19 13:36:26.354000,422.7201916610919,14
2024-09-19 13:36:26.446000,422.6919511042647,5
2024-09-19 13:36:26.463000,422.6669873581181,95
2024-09-19 13:36:26.502000,422.66723298571634,998
2024-09-19 13:36:26.658000,422.71199667006425,996
2024-09-19 13:36:26.772000,422.71247704232127,7
2024-09-19 13:36:26.830000,422.7498365879992,6
2024-09-19 13:36:26.862000,422.6571565978685,1005
2024-09-19 13:36:26.942000,422.69587052512696,995
2024-09-19 13:36:26.976000,422.6671323541892,996
2024-09-19 13:36:27.071000,422.6720414607354,102
2024-09-19 13:36:27.163000,422.657720613757,1005
2024-09-19 13:36:27.180000,422.6751985289874,5
2024-09-19 13:36:27.356000,422.6713607688036,13
2024-09-19 13:36:27.429000,422.670416745604,100
2024-09-19 13:36:27.448000,422.7049803568116,1002
2024-09-19 13:36:27.498000,422.6728373276351,102
2024-09-19 13:36:27.528000,422.6660420125294,12
2024-09-19 13:36:27.538000,422.7079274168095,996
2024-09-19 13:36:27.824000,422.7091013362128,10
2024-09-19 13:36:28.062000,422.7864725360951,5
2024-09-19 13:36:28.173000,422.757411492712,15
2024-09-19 13:36:28.176000,422.79984652127183,98
2024-09-19 13:36:28.211000,422.8015106673625,5
2024-09-19 13:36:28.231000,422.7923899004377,1002
2024-09-19 13:36:28.315000,422.7920116004176,998
2024-09-19 13:36:28.331000,422.7630289722376,1004
2024-09-19 13:36:28.368000,422.7832224334854,13
2024-09-19 13:36:28.388000,422.7829484737514,100
2024-09-19 13:36:28.463000,422.7508476139986,105
2024-09-19 13:36:28.610000,422.7950610521363,9
2024-09-19 13:36:28.627000,422.796905866248,102
2024-09-19 13:36:28.642000,422.7446126360703,96
2024-09-19 13:36:28.716000,422.78048540870026,96
2024-09-19 13:36:28.782000,422.7431821160272,995
2024-09-19 13:36:28.831000,422.7731463392472,8
2024-09-19 13:36:28.859000,422.74820422902536,103
2024-09-19 13:36:28.870000,422.7554175790275,1005
2024-09-19 13:36:28.926000,422.8089752588563,9
2024-09-19 13:36:28.970000,422.7578893714099,7
2024-09-19 13:36:29.026000,422.88710734423455,15
2024-09-19 13:36:29.039000,422.9197402584135,996
2024-09-19 13:36:29.189000,422.8452754617039,99
2024-09-19 13:36:29.235000,422.9272728312032,102
2024-09-19 13:36:29.325000,422.86819081741663,101
2024-09-19 13:36:29.360000,422.8660523793458,997
2024-09-19 13:36:29.426000,422.8296121487919,1002
2024-09-19 13:36:29.437000,422.92614931779485,104
2024-09-19 13:36:29.589000,422.9265456740458,101
2024-09-19 13:36:29.603000,422.8080197398742,996
2024-09-19 13:36:29.621000,422.8545967600425,5
2024-09-19 13:36:29.684000,422.9064034116265,1005
2024-09-19 13:36:29.692000,422.9090368369065,996
2024-09-19 13:36:29.737000,422.9164131563224,10
2024-09-19 13:36:29.772000,422.88579957606674,98
2024-09-19 13:36:29.806000,422.8972592106056,9
2024-09-19 13:36:29.822000,422.859824210054,104
2024-09-19 13:36:29.921000,422.90258019317815,1002
2024-09-19 13:36:29.951000,422.841099392351,10
2024-09-19 13:36:30.032000,422.9109135024975,10
2024-09-19 13:36:30.034000,422.870911750798,1004
2024-09-19 13:36:30.128000,422.91320344756207,97
2024-09-19 13:36:30.149000,422.89202793873847,9
2024-09-19 13:36:30.178000,422.89292411070574,95
2024-09-19 13:36:30.216000,422.8679466930311,12
2024-09-19 13:36:30.457000,422.90209825227686,996
2024-09-19 13:36:30.730000,422.8588393655213,96
2024-09-19 13:36:31.005000,422.90740215334574,996
2024-09-19 13:36:31.013000,422.8950162400841,105
2024-09-19 13:36:31.036000,422.891214201136,104
2024-09-19 13:36:31.068000,422.879164457384,12
2024-09-19 13:36:31.159000,422.8755051531768,998
2024-09-19 13:36:31.185000,422.8989302046713,1003
2024-09-19 13:36:31.231000,422.8881018214949,7
2024-09-19 13:36:31.241000,422.9042506795427,98
2024-09-19 13:36:31.408000,422.89075242749993,5
2024-09-19 13:36:31.431000,422.9066403107837,10
2024-09-19 13:36:31.434000,422.92313904343496,105
2024-09-19 13:36:31.731000,422.9116749569487,995
2024-09-19 13:36:31.784000,422.91630489384767,7
2024-09-19 13:36:31.834000,422.9096604655486,15
2024-09-19 13:36:31.905000,422.9157752461507,5
2024-09-19 13:36:31.929000,422.9081915699701,15
2024-09-19 13:36:32.025000,422.72276465083536,104
2024-09-19 13:36:32.032000,422.7912286329542,7
2024-09-19 13:36:32.074000,422.8733921972276,9
2024-09-19 13:36:32.123000,422.75662541670977,95
2024-09-19 13:36:32.125000,422.7660179462,1004
2024-09-19 13:36:32.152000,422.8091664792647,8
2024-09-19 13:36:32.184000,422.7249307886097,105
2024-09-19 13:36:32.196000,422.8639948448069,105
2024-09-19 13:36:32.214000,422.7539767641669,1004
2024-09-19 13:36:32.322000,422.8915133229976,98
2024-09-19 13:36:32.353000,422.7277920193463,100
2024-09-19 13:36:32.477000,422.7344863401396,1004
2024-09-19 13:36:32.492000,422.7743949234084,7
2024-09-19 13:36:32.517000,422.87832226553166,9
2024-09-19 13:36:32.577000,422.7342076309321,1000
2024-09-19 13:36:32.613000,422.80031810653696,1004
2024-09-19 13:36:32.640000,422.7412866632564,996
2024-09-19 13:36:32.656000,422.8812748515076,6
2024-09-19 13:36:32.670000,422.8446132956987,999
2024-09-19 13:36:32.671000,422.8044085974486,104
2024-09-19 13:36:32.703000,422.8042555329292,95
2024-09-19 13:36:32.755000,422.8552192670925,6
2024-09-19 13:36:32.762000,422.886649568091,95
2024-09-19 13:36:32.841000,422.7557077359621,97
2024-09-19 13:36:32.843000,422.8123921883159,8
2024-09-19 13:36:32.984000,422.83372439106137,5
2024-09-19 13:36:33.031000,422.7994275246965,104
2024-09-19 13:36:33.042000,422.77452226635313,1001
2024-09-19 13:36:33.083000,422.7854494810288,1004
2024-09-19 13:36:33.137000,422.82542826544585,12
2024-09-19 13:36:33.145000,422.8171764769943,8
2024-09-19 13:36:33.180000,422.80152643858594,996
2024-09-19 13:36:33.330000,422.80021037761975,9
2024-09-19 13:36:33.332000,422.81553826962937,1001
2024-09-19 13:36:33.503000,422.8015366536959,13
2024-09-19 13:36:33.503000,422.8026628846077,13
2024-09-19 13:36:33.516000,422.833283703829,14
2024-09-19 13:36:33.583000,422.8008148270982,13
2024-09-19 13:36:33.636000,422.8079751763802,101
2024-09-19 13:36:33.694000,422.8010679463096,103
2024-09-19 13:36:33.768000,422.7960001955475,103
2024-09-19 13:36:33.807000,422.8063800835281,996
2024-09-19 13:36:33.827000,422.7959449641396,1005
2024-09-19 13:36:33.903000,422.8137738370055,99
2024-09-19 13:36:33.908000,422.8183668122881,6
2024-09-19 13:36:33.914000,422.7978528197496,15
2024-09-19 13:36:33.952000,422.8071151580724,1001
2024-09-19 13:36:34.035000,422.8245005431537,1001
2024-09-19 13:36:34.044000,422.76933838444137,999
2024-09-19 13:36:34.083000,422.7920068431504,95
2024-09-19 13:36:34.281000,422.80617247104544,99
2024-09-19 13:36:34.314000,422.7831571326536,999
2024-09-19 13:36:34.323000,422.8193541151867,103
2024-09-19 13:36:34.334000,422.8326475910631,997
2024-09-19 13:36:34.340000,422.8102262634066,99
2024-09-19 13:36:34.398000,422.81010256523,14
2024-09-19 13:36:34.499000,422.76978395868593,101
2024-09-19 13:36:34.542000,422.8035612370868,101
2024-09-19 13:36:34.601000,422.7980242385762,102
2024-09-19 13:36:34.607000,422.8084796417709,996
2024-09-19 13:36:34.619000,422.7745151100835,1003
2024-09-19 13:36:34.638000,422.8061147514789,103
2024-09-19 13:36:34.666000,422.8141096292436,995
2024-09-19 13:36:34.708000,422.81539756108685,1005
2024-09-19 13:36:34.723000,422.8045755355116,13
2024-09-19 13:36:34.733000,422.7825959373423,999
2024-09-19 13:36:34.765000,422.7992134593994,97
2024-09-19 13:36:34.788000,422.813510062736,996
2024-09-19 13:36:34.810000,422.8110532646082,101
2024-09-19 13:36:34.910000,422.7862238695686,8
2024-09-19 13:36:34.976000,422.772686486229,9
2024-09-19 13:36:35.012000,422.9350306540618,100
2024-09-19 13:36:35.024000,422.8663612939516,12
2024-09-19 13:36:35.052000,422.9050108379984,995
2024-09-19 13:36:35.117000,422.94535641585753,14
2024-09-19 13:36:35.175000,422.8327175976587,11
2024-09-19 13:36:35.178000,422.9555145773416,97
2024-09-19 13:36:35.193000,422.92296602116505,103
2024-09-19 13:36:35.221000,422.9103481165423,101
2024-09-19 13:36:35.268000,422.9477195653593,8
2024-09-19 13:36:35.274000,422.8925720094575,6
2024-09-19 13:36:35.282000,422.8665216154551,99
2024-09-19 13:36:35.285000,422.8991065421689,996
2024-09-19 13:36:35.339000,422.9357628644851,102
2024-09-19 13:36:35.422000,422.878510786586,95
2024-09-19 13:36:35.471000,422.9340735336173,1000
2024-09-19 13:36:35.505000,422.9484960529599,997
2024-09-19 13:36:35.602000,422.885338472611,8
2024-09-19 13:36:35.616000,422.9405870408369,1003
2024-09-19 13:36:35.677000,422.95555446857486,8
2024-09-19 13:36:35.714000,422.9521882538501,13
2024-09-19 13:36:35.754000,422.8701911820109,99
2024-09-19 13:36:35.759000,422.861625027085,1004
2024-09-19 13:36:35.818000,422.88837577719136,996
2024-09-19 13:36:35.859000,422.9358134507367,998
2024-09-19 13:36:35.864000,422.899248578253,997
2024-09-19 13:36:35.963000,422.88933893707525,96
2024-09-19 13:36:36.223000,422.88814602578685,102
2024-09-19 13:36:36.803000,422.89405636811176,102
2024-09-19 13:36:36.931000,422.8560904931229,1002
2024-09-19 13:36:36.967000,422.8834785529023,102
2024-09-19 13:36:37.296000,422.8721333080501,9
2024-09-19 13:36:37.438000,422.85570516659857,99
2024-09-19 13:36:37.495000,422.8675041205525,997
2024-09-19 13:36:37.517000,422.863219292485,7
2024-09-19 13:36:37.796000,422.8633593030152,1003
2024-09-19 13:36:37.808000,422.8519267507685,7
2024-09-19 13:36:37.927000,422.8829186266018,1000
2024-09-19 13:36:37.940000,422.8733392888595,1000
2024-09-19 13:36:37.978000,422.875484109309,999
2024-09-19 13:36:38.201000,422.90344009675385,1005
2024-09-19 13:36:38.504000,422.8637706277236,1004
2024-09-19 13:36:38.524000,422.9167012402151,999
2024-09-19 13:36:38.559000,422.8736603007622,97
2024-09-19 13:36:38.586000,422.9195477326312,7
2024-09-19 13:36:38.650000,422.9236604110866,1004
2024-09-19 13:36:38.772000,422.8859560065184,101
2024-09-19 13:36:38.987000,422.8800566893947,15
2024-09-19 13:36:39.040000,422.845906788751,8
2024-09-19 13:36:39.044000,422.7984768724635,102
2024-09-19 13:36:39.079000,422.8037557367533,1000
2024-09-19 13:36:39.127000,422.8721335353904,1001
2024-09-19 13:36:39.283000,422.846065812099,99
2024-09-19 13:36:39.311000,422.8160522698996,996
2024-09-19 13:36:39.412000,422.8528248994023,1002
2024-09-19 13:36:39.416000,422.83765287162566,7
2024-09-19 13:36:39.424000,422.84996973164255,1002
2024-09-19 13:36:39.461000,422.84987656947374,1003
2024-09-19 13:36:39.497000,422.7921627776677,999
2024-09-19 13:36:39.576000,422.8339568812853,9
2024-09-19 13:36:39.588000,422.82094197536,97
2024-09-19 13:36:39.594000,422.8194901743021,1000
2024-09-19 13:36:39.603000,422.8696215578804,1000
2024-09-19 13:36:39.670000,422.8279201379943,98
2024-09-19 13:36:39.719000,422.8003914686944,103
2024-09-19 13:36:39.809000,422.85024569358063,98
2024-09-19 13:36:39.824000,422.8030966101476,995
2024-09-19 13:36:39.824000,422.8351528526631,7
2024-09-19 13:36:39.827000,422.8348929561116,99
2024-09-19 13:36:39.845000,422.8239394552576,10
2024-09-19 13:36:39.895000,422.84609075668806,12
2024-09-19 13:36:39.972000,422.7910003164831,997
2024-09-19 13:36:40.063000,422.9130346710413,15
2024-09-19 13:36:40.108000,422.82948612456033,10
2024-09-19 13:36:40.146000,422.8861188213357,102
2024-09-19 13:36:40.330000,422.8069245850928,13
2024-09-19 13:36:40.419000,422.8419487308632,105
2024-09-19 13:36:40.462000,422.8508265754278,5
2024-09-19 13:36:40.480000,422.8355788005436,5
2024-09-19 13:36:40.495000,422.8089223038161,12
2024-09-19 13:36:40.642000,422.8242552672123,95
2024-09-19 13:36:40.791000,422.9053142549214,996
2024-09-19 13:36:40.999000,422.8686059444535,97
2024-09-19 13:36:41.076000,422.94583591128384,1002
2024-09-19 13:36:41.131000,422.8712312186497,1004
2024-09-19 13:36:41.156000,422.88439512123614,10
2024-09-19 13:36:41.163000,422.9298090626412,97
2024-09-19 13:36:41.173000,422.8762647688921,995
2024-09-19 13:36:41.179000,422.8820978065984,99
2024-09-19 13:36:41.293000,422.8631379096252,100
2024-09-19 13:36:41.309000,422.8740662414263,999
2024-09-19 13:36:41.375000,422.9417809377839,99
2024-09-19 13:36:41.441000,422.9051298387531,104
2024-09-19 13:36:41.476000,422.932495796068,999
2024-09-19 13:36:41.492000,422.9386947854751,9
2024-09-19 13:36:41.532000,422.9087663334839,6
2024-09-19 13:36:41.547000,422.9050035475316,97
2024-09-19 13:36:41.581000,422.94508354105113,9
2024-09-19 13:36:41.599000,422.9091197759416,101
2024-09-19 13:36:41.644000,422.9012702843947,1000
2024-09-19 13:36:41.726000,422.9089832647609,100
2024-09-19 13:36:41.765000,422.924766228164,13
2024-09-19 13:36:41.774000,422.94314564866,998
2024-09-19 13:36:41.813000,422.9151181478256,1003
2024-09-19 13:36:41.866000,422.92453360262704,13
2024-09-19 13:36:41.893000,422.9529554413912,5
2024-09-19 13:36:41.941000,422.8866127665661,102
2024-09-19 13:36:41.947000,422.949466634248,1002
2024-09-19 13:36:41.963000,422.8645784957868,1004
2024-09-19 13:36:41.963000,422.9047581569705,104
2024-09-19 13:36:41.980000,422.9292408677496,997
2024-09-19 13:36:42.060000,422.9404585875868,1003
2024-09-19 13:36:42.130000,422.9524876588748,1000
2024-09-19 13:36:42.161000,422.9002540943758,96
2024-09-19 13:36:42.214000,422.891853655192,998
2024-09-19 13:36:42.220000,422.902476723251,995
2024-09-19 13:36:42.301000,422.9568196447652,100
2024-09-19 13:36:42.334000,422.94343789780623,1000
2024-09-19 13:36:42.391000,422.9511169196522,998
2024-09-19 13:36:42.402000,422.9063093291803,998
2024-09-19 13:36:42.411000,422.9172687403952,1001
2024-09-19 13:36:42.464000,422.9393753852318,995
2024-09-19 13:36:42.468000,422.8931590119301,1005
2024-09-19 13:36:42.540000,422.9350722577474,1000
2024-09-19 13:36:42.559000,422.9204542521771,1005
2024-09-19 13:36:42.583000,422.9394034306876,997
2024-09-19 13:36:42.604000,422.9115888134904,1003
2024-09-19 13:36:42.629000,422.9078807876208,5
2024-09-19 13:36:42.698000,422.94188264562126,1004
2024-09-19 13:36:42.714000,422.8909411351163,15
2024-09-19 13:36:42.740000,422.9286827560858,96
2024-09-19 13:36:42.786000,422.8929539960964,10
2024-09-19 13:36:42.807000,422.906927699602,97
2024-09-19 13:36:42.850000,422.8903920489589,999
2024-09-19 13:36:42.925000,422.9019653525678,7
2024-09-19 13:36:42.934000,422.9377848251984,99
2024-09-19 13:36:42.954000,422.9309098647108,1001
2024-09-19 13:36:42.982000,422.95174763442486,995
2024-09-19 13:36:43.510000,422.8971287591467,996
2024-09-19 13:36:43.545000,422.8876815789224,101
2024-09-19 13:36:43.603000,422.8963064276592,997
2024-09-19 13:36:43.724000,422.89236429768806,8
2024-09-19 13:36:43.791000,422.8909445236998,999
2024-09-19 13:36:43.888000,422.8741651040474,11
2024-09-19 13:36:43.904000,422.8896477613095,1001
2024-09-19 13:36:44.093000,422.9263215003221,100
2024-09-19 13:36:44.159000,422.9055437407389,12
2024-09-19 13:36:44.187000,422.91440403487314,101
2024-09-19 13:36:44.192000,422.9236399522901,96
2024-09-19 13:36:44.253000,422.9085576030843,98
2024-09-19 13:36:44.470000,422.9399293483434,6
2024-09-19 13:36:44.568000,422.8961233509927,1001
2024-09-19 13:36:44.574000,422.92141411727295,997
2024-09-19 13:36:44.581000,422.9196230549661,100
2024-09-19 13:36:44.603000,422.9013418207737,95
2024-09-19 13:36:44.616000,422.8943928714545,1004
2024-09-19 13:36:44.658000,422.896177332701,105
2024-09-19 13:36:44.660000,422.9108778033581,997
2024-09-19 13:36:44.703000,422.8971174808102,102
2024-09-19 13:36:44.754000,422.9042073199493,100
2024-09-19 13:36:44.765000,422.8914390637456,8
2024-09-19 13:36:44.800000,422.8912610171406,9
2024-09-19 13:36:44.819000,422.91258746048624,10
2024-09-19 13:36:44.854000,422.9180049125404,1003
2024-09-19 13:36:44.907000,422.9198586833759,1003
2024-09-19 13:36:44.928000,422.8921445579214,11
2024-09-19 13:36:45.024000,422.91608885357545,1005
2024-09-19 13:36:45.202000,422.8345904478644,999
2024-09-19 13:36:45.301000,422.9192821641012,1001
2024-09-19 13:36:45.418000,422.9108458299002,100
2024-09-19 13:36:45.487000,422.90792040909366,100
2024-09-19 13:36:45.497000,422.9300646644378,1003
2024-09-19 13:36:45.507000,422.9081190450569,105
2024-09-19 13:36:45.618000,422.9229104564217,7
2024-09-19 13:36:45.639000,422.8524447440627,999
2024-09-19 13:36:45.651000,422.9290909960885,96
2024-09-19 13:36:45.706000,422.9089909577965,9
2024-09-19 13:36:45.833000,422.8704417373742,101
2024-09-19 13:36:46.153000,422.856125969432,14
2024-09-19 13:36:46.165000,422.8299504818603,996
2024-09-19 13:36:46.168000,422.69486233154464,1002
2024-09-19 13:36:46.190000,422.6925486447197,104
2024-09-19 13:36:46.196000,422.68935325811054,15
2024-09-19 13:36:46.277000,422.8604432635984,1001
2024-09-19 13:36:46.323000,422.83046161150014,8
2024-09-19 13:36:46.493000,422.8395379243979,11
2024-09-19 13:36:46.544000,422.6808163736707,999
2024-09-19 13:36:46.557000,422.8319245064674,1002
2024-09-19 13:36:46.561000,422.7052497265537,101
2024-09-19 13:36:46.582000,422.73087186959015,11
2024-09-19 13:36:46.595000,422.6994599535065,1004
2024-09-19 13:36:46.620000,422.8619928971929,9
2024-09-19 13:36:46.649000,422.85650436700894,13
2024-09-19 13:36:46.676000,422.86692098709045,9
2024-09-19 13:36:46.678000,422.6878280480864,1002
2024-09-19 13:36:46.708000,422.8370291004671,1003
2024-09-19 13:36:46.753000,422.762062084713,13
2024-09-19 13:36:46.782000,422.6810051791077,6
2024-09-19 13:36:46.873000,422.8324871830743,11
2024-09-19 13:36:46.892000,422.84083591156303,97
2024-09-19 13:36:46.908000,422.8064923550568,1003
2024-09-19 13:36:46.914000,422.8470833921213,104
2024-09-19 13:36:46.956000,422.7814950131631,1005
2024-09-19 13:36:46.973000,422.8175891189752,8
2024-09-19 13:36:46.986000,422.7149995780235,11
2024-09-19 13:36:47.031000,422.7558337989093,103
2024-09-19 13:36:47.034000,422.7521804168434,101
2024-09-19 13:36:47.095000,422.68464125858543,100
2024-09-19 13:36:47.124000,422.75111473949727,1000
2024-09-19 13:36:47.188000,422.7102543479214,13
2024-09-19 13:36:47.191000,422.67549332501073,8
2024-09-19 13:36:47.299000,422.75509429343214,104
2024-09-19 13:36:47.318000,422.6842776850788,11
2024-09-19 13:36:47.333000,422.7344988459052,105
2024-09-19 13:36:47.350000,422.68750062616095,15
2024-09-19 13:36:47.358000,422.7253633420118,13
2024-09-19 13:36:47.368000,422.6771785193751,14
2024-09-19 13:36:47.395000,422.6724695135956,996
2024-09-19 13:36:47.488000,422.7070462301904,1001
2024-09-19 13:36:47.573000,422.7014882086058,96
2024-09-19 13:36:47.578000,422.68315745920427,5
2024-09-19 13:36:47.606000,422.7428912328965,997
2024-09-19 13:36:47.714000,422.70473939354576,6
2024-09-19 13:36:47.723000,422.7335682881737,7
2024-09-19 13:36:47.730000,422.6706957107583,997
2024-09-19 13:36:47.755000,422.6721326059216,104
2024-09-19 13:36:47.761000,422.7605137489079,1003
2024-09-19 13:36:47.847000,422.6842370043831,97
2024-09-19 13:36:47.860000,422.675237888972,102
2024-09-19 13:36:47.918000,422.7206408294192,997
2024-09-19 13:36:47.971000,422.7406398019295,12
2024-09-19 13:36:48.042000,422.67863940454384,95
2024-09-19 13:36:48.096000,422.7178441864944,14
2024-09-19 13:36:48.135000,422.7002403308786,6
2024-09-19 13:36:48.179000,422.6676318377758,11
2024-09-19 13:36:48.179000,422.6875282349726,8
2024-09-19 13:36:48.271000,422.7064104478727,5
2024-09-19 13:36:48.347000,422.71914974734966,101
2024-09-19 13:36:48.356000,422.7303976291441,5
2024-09-19 13:36:48.564000,422.730055782383,99
2024-09-19 13:36:48.650000,422.72373128124246,10
2024-09-19 13:36:48.672000,422.6831900314176,998
2024-09-19 13:36:48.812000,422.6675862712792,105
2024-09-19 13:36:48.812000,422.7223893815605,1000
2024-09-19 13:36:48.851000,422.6744088648932,13
2024-09-19 13:36:48.856000,422.7235484735981,14
2024-09-19 13:36:48.892000,422.6856422272198,104
2024-09-19 13:36:48.910000,422.69004734310926,7
2024-09-19 13:36:48.910000,422.69880716169774,1004
2024-09-19 13:36:48.923000,422.7021619422588,15
2024-09-19 13:36:48.943000,422.67047962531694,1002
2024-09-19 13:36:48.956000,422.7017065222468,6
2024-09-19 13:36:49.048000,422.62044735354834,5
2024-09-19 13:36:49.127000,422.6196699549815,15
2024-09-19 13:36:49.130000,422.59965741787744,1003
2024-09-19 13:36:49.309000,422.6595569450832,999
2024-09-19 13:36:49.322000,422.5951962687503,104
2024-09-19 13:36:49.329000,422.67022425077647,9
2024-09-19 13:36:49.332000,422.6717391474863,15
2024-09-19 13:36:49.338000,422.6751134064658,9
2024-09-19 13:36:49.382000,422.6187555054119,97
2024-09-19 13:36:49.438000,422.6123239478028,103
2024-09-19 13:36:49.450000,422.59318299356335,13
2024-09-19 13:36:49.462000,422.6484636237678,997
2024-09-19 13:36:49.469000,422.649728672297,98
2024-09-19 13:36:49.514000,422.5759333949285,13
2024-09-19 13:36:49.601000,422.6304543887502,997
2024-09-19 13:36:49.645000,422.6166096315821,999
2024-09-19 13:36:49.674000,422.650004681948,96
2024-09-19 13:36:49.725000,422.6438954445484,7
2024-09-19 13:36:49.760000,422.6249567968652,1000
2024-09-19 13:36:49.766000,422.6850459606302,100
2024-09-19 13:36:49.794000,422.6779007249989,995
2024-09-19 13:36:49.817000,422.6003716090146,1003
2024-09-19 13:36:49.844000,422.6547357124539,1000
2024-09-19 13:36:49.849000,422.592267062218,998
2024-09-19 13:36:49.871000,422.667411041939,9
2024-09-19 13:36:49.954000,422.61183616530906,1004
2024-09-19 13:36:49.968000,422.66370559412377,12
2024-09-19 13:36:50.007000,422.5637676014394,1002
2024-09-19 13:36:50.047000,422.6075181404903,1001
2024-09-19 13:36:50.147000,422.5080218984874,997
2024-09-19 13:36:50.179000,422.62202430347287,95
2024-09-19 13:36:50.182000,422.6152468823437,8
2024-09-19 13:36:50.190000,422.63172064797817,13
2024-09-19 13:36:50.193000,422.5929889725469,997
2024-09-19 13:36:50.269000,422.619777099457,105
2024-09-19 13:36:50.274000,422.63226714301055,5
2024-09-19 13:36:50.400000,422.588694491364,103
2024-09-19 13:36:50.420000,422.63419893625576,998
2024-09-19 13:36:50.423000,422.6242259749568,101
2024-09-19 13:36:50.430000,422.52614197159545,1000
2024-09-19 13:36:50.489000,422.6147015244602,5
2024-09-19 13:36:50.497000,422.619992111241,1005
2024-09-19 13:36:50.536000,422.60911102522107,5
2024-09-19 13:36:50.549000,422.5711685611086,1005
2024-09-19 13:36:50.618000,422.6091216120236,11
2024-09-19 13:36:50.644000,422.6117485741495,100
2024-09-19 13:36:50.649000,422.6194280903163,5
2024-09-19 13:36:50.713000,422.63286774696985,96
2024-09-19 13:36:50.754000,422.58741581282845,1003
2024-09-19 13:36:50.796000,422.513996322297,101
2024-09-19 13:36:50.838000,422.6228716344987,7
2024-09-19 13:36:50.874000,422.4994393200122,6
2024-09-19 13:36:50.906000,422.4994268969996,997
2024-09-19 13:36:50.933000,422.6227124923675,1005
2024-09-19 13:36:50.938000,422.50369699969696,998
2024-09-19 13:36:51.072000,422.5049318295592,9
2024-09-19 13:36:51.137000,422.5216035570323,1000
2024-09-19 13:36:51.154000,422.5333510139865,12
2024-09-19 13:36:51.258000,422.49722801476616,11
2024-09-19 13:36:51.279000,422.50438840510327,998
2024-09-19 13:36:51.320000,422.51725305981967,99
2024-09-19 13:36:51.349000,422.5255593713069,9
2024-09-19 13:36:51.478000,422.5216873923351,104
2024-09-19 13:36:51.506000,422.4936608216847,1003
2024-09-19 13:36:51.545000,422.49326727617085,5
2024-09-19 13:36:51.547000,422.48445224318783,8
2024-09-19 13:36:51.677000,422.5129968669489,104
2024-09-19 13:36:51.772000,422.4906746868632,101
2024-09-19 13:36:51.905000,422.5067090297383,97
2024-09-19 13:36:51.965000,422.505094310833,1002
2024-09-19 13:36:51.980000,422.52923877639046,7
2024-09-19 13:36:52.033000,422.5216371470355,104
2024-09-19 13:36:52.034000,422.5164638418776,96
2024-09-19 13:36:52.034000,422.5340997434098,1004
2024-09-19 13:36:52.051000,422.49856832474006,103
2024-09-19 13:36:52.120000,422.5148652966704,99
2024-09-19 13:36:52.152000,422.5218951931723,1004
2024-09-19 13:36:52.207000,422.5154312309092,996
2024-09-19 13:36:52.260000,422.5295698502212,5
2024-09-19 13:36:52.264000,422.5029508442708,1002
2024-09-19 13:36:52.375000,422.55438670571215,998
2024-09-19 13:36:52.417000,422.5504459175055,8
2024-09-19 13:36:52.501000,422.51051950090726,1005
2024-09-19 13:36:52.548000,422.5211158286528,102
2024-09-19 13:36:52.580000,422.5402155819294,13
2024-09-19 13:36:52.605000,422.5388108094252,1000
2024-09-19 13:36:52.646000,422.5141612159508,96
2024-09-19 13:36:52.816000,422.553556346009,9
2024-09-19 13:36:52.890000,422.511763992065,104
2024-09-19 13:36:52.927000,422.5044192114795,999
2024-09-19 13:36:52.933000,422.5517727140028,996
2024-09-19 13:36:52.933000,422.51406132092495,995
2024-09-19 13:36:53.132000,422.55067769486806,999
2024-09-19 13:36:53.283000,422.52393906742464,7
2024-09-19 13:36:53.499000,422.52273284476576,5
2024-09-19 13:36:53.521000,422.5344882144557,12
2024-09-19 13:36:53.679000,422.52182756150273,5
2024-09-19 13:36:53.698000,422.5164217820246,14
2024-09-19 13:36:53.703000,422.5180671867175,11
2024-09-19 13:36:53.784000,422.5410291932144,100
2024-09-19 13:36:54.065000,422.5592221743293,8
2024-09-19 13:36:54.132000,422.5533224031972,999
2024-09-19 13:36:54.137000,422.5568149367997,1000
2024-09-19 13:36:54.143000,422.5362062346016,6
2024-09-19 13:36:54.147000,422.56241040539504,11
2024-09-19 13:36:54.173000,422.5430825936565,7
2024-09-19 13:36:54.207000,422.5569118887358,10
2024-09-19 13:36:54.222000,422.55777748032887,9
2024-09-19 13:36:54.264000,422.53016759405983,1000
2024-09-19 13:36:54.293000,422.5456672787647,997
2024-09-19 13:36:54.431000,422.5300032167028,1002
2024-09-19 13:36:54.469000,422.5539330647037,95
2024-09-19 13:36:54.471000,422.5598797854968,1001
2024-09-19 13:36:54.516000,422.5624857597916,15
2024-09-19 13:36:54.553000,422.5373736480944,95
2024-09-19 13:36:54.629000,422.52933495340034,99
2024-09-19 13:36:54.644000,422.5469472974368,11
2024-09-19 13:36:54.657000,422.54570737557634,5
2024-09-19 13:36:54.661000,422.5549062728644,11
2024-09-19 13:36:54.742000,422.548536571852,101
2024-09-19 13:36:54.742000,422.5690756912385,105
2024-09-19 13:36:54.788000,422.54358289781527,12
2024-09-19 13:36:54.822000,422.5358551817277,12
2024-09-19 13:36:54.853000,422.5491701940484,102
2024-09-19 13:36:54.897000,422.5569873883147,105
2024-09-19 13:36:54.898000,422.53982192657287,98
2024-09-19 13:36:54.919000,422.5400514800807,13
2024-09-19 13:36:54.927000,422.5537382884332,96
2024-09-19 13:36:54.999000,422.5367401598984,7
2024-09-19 13:36:55.112000,422.571576813765,999
2024-09-19 13:36:55.229000,422.5461941118905,997
2024-09-19 13:36:55.319000,422.5286443863173,12
2024-09-19 13:36:55.376000,422.5325085892092,104
2024-09-19 13:36:55.547000,422.5284922658533,99
2024-09-19 13:36:55.652000,422.59275401214205,96
2024-09-19 13:36:55.835000,422.5450696387923,7
2024-09-19 13:36:55.876000,422.5649905755804,6
2024-09-19 13:36:56.182000,422.5195869615793,15
2024-09-19 13:36:57.066000,422.5338920351764,9
2024-09-19 13:36:57.132000,422.5438608352137,12
2024-09-19 13:36:57.177000,422.5360052590055,99
2024-09-19 13:36:57.190000,422.511310669483,1001
2024-09-19 13:36:57.229000,422.5085025882108,1001
2024-09-19 13:36:57.277000,422.526034883529,14
2024-09-19 13:36:57.304000,422.5098703585301,105
2024-09-19 13:36:57.388000,422.5206937388774,98
2024-09-19 13:36:57.423000,422.5096617937762,9
2024-09-19 13:36:57.434000,422.53651952341687,5
2024-09-19 13:36:57.445000,422.53860092110233,97
2024-09-19 13:36:57.493000,422.5463382757328,995
2024-09-19 13:36:57.552000,422.53757206195775,101
2024-09-19 13:36:57.556000,422.5295184871006,13
2024-09-19 13:36:57.609000,422.5128662168271,101
2024-09-19 13:36:57.688000,422.5415355631447,995
2024-09-19 13:36:57.711000,422.5561962226028,1000
2024-09-19 13:36:57.727000,422.5529851501336,1001
2024-09-19 13:36:57.758000,422.52120912941496,101
2024-09-19 13:36:57.802000,422.5358497992965,7
2024-09-19 13:36:57.863000,422.5418228413268,12
2024-09-19 13:36:57.880000,422.49237426688734,995
2024-09-19 13:36:58.205000,422.5356346896668,998
2024-09-19 13:36:58.436000,422.50613386362943,12
2024-09-19 13:36:58.561000,422.5017461789884,99
2024-09-19 13:36:58.680000,422.5293734240997,12
2024-09-19 13:36:58.824000,422.503089443538,11
2024-09-19 13:36:58.915000,422.5031167903003,101
2024-09-19 13:36:59.050000,422.5632286163406,11
2024-09-19 13:36:59.274000,422.5649653504916,98
2024-09-19 13:36:59.317000,422.5606486678328,7
